4308 5910
1019 547 1367 614 consalaurlollns

1061 783 1318 884 ammi

539 965 756 1037 Tabemariis
780 965 922 1060 [numm]
950 977 985 1040 et
1009 967 1250 1040 venditoribus
1272 967 1346 1039 vini
1372 965 1581 1061 quibuslibet
1609 962 1831 1060 prohibemus
1856 984 1902 1036 ne

491 1088 641 1164 vendere
658 1089 809 1164 audeant
825 1090 947 1164 vinum
965 1091 1179 1189 lymphatum
1196 1113 1260 1188 pro
1275 1113 1375 1190 puro.

1066 1315 1322 1412 ammm

542 1491 663 1564 Nullus
677 1490 722 1588 (c)
737 1491 773 1564 in
790 1513 897 1586 regno
915 1505 1030 1566 nostro
1043 1493 1174 1567 laboret
1187 1515 1310 1566 aurum
1327 1491 1424 1588 quod
1441 1513 1502 1588 per
1519 1491 1642 1564 libram
1657 1487 1702 1563 de
1716 1509 1804 1584 puro
1819 1507 1905 1561 auro

496 1616 610 1687 minus
635 1625 748 1690 teneat
770 1638 876 1710 quem
901 1628 978 1690 octo
1005 1617 1136 1690 uncias.
1166 1617 1327 1690 Similiter
1349 1627 1384 1690 et
1401 1623 1581 1712 argentum
1604 1613 1730 1709 aliquis
1752 1633 1822 1686 non
1846 1611 1904 1684 la-

496 1739 594 1811 boret
609 1741 705 1834 quod
722 1740 837 1813 minus
851 1742 1031 1814 unciarum
1052 1741 1214 1816 undecim
1233 1741 1310 1838 puri
1325 1741 1458 1835 argenti
1474 1761 1536 1835 ροτ
1551 1738 1673 1810 librum
1690 1747 1807 1810 tenero
1822 1757 1905 1808 nos-

497 1871 612 1952 catur;
633 1863 729 1958 quod
742 1863 907 1958 obtinent,
924 1867 999 1938 sive
1016 1866 1138 1939 venale
1152 1888 1241 1962 opus
1256 1863 1455 1958 hujusmodi
1468 1862 1615 1937 artifices
1630 1883 1690 1958 ροτ
1707 1883 1745 1934 se
1762 1859 1902 1946 iaciant,

497 1987 572 2059 sive
591 1987 635 2059 ab
653 1987 721 2060 alio
738 1999 874 2086 recepta
888 1991 1029 2064 materia
1048 2011 1137 2086 opus
1150 1989 1293 2085 lingant,
1308 1999 1348 2062 ut
1366 1990 1530 2082 annulos,
1546 1986 1687 2078 fibulas,
1705 1983 1907 2082 paropsides

499 2113 553 2182 vel
587 2132 719 2208 cuppas
750 2135 872 2187 aureas
896 2123 958 2187 ant
986 2126 1190 2212 argenteas,
1219 2115 1410 2211 inquibus
1441 2111 1574 2208 aliquid
1602 2112 1691 2185 ultra
1716 2109 1907 2208 predictum

496 2235 720 2330 quantitatem
741 2247 776 2310 et
797 2238 938 2312 lormam
968 2238 1004 2338 [a
1028 2240 1249 2313 materiarum
1275 2239 1424 2314 dominis
1448 2235 1633 2310 immisoori
1654 2231 1810 2330 minime]
1837 2255 1907 2332 pe-

499 2369 588 2432 tatur
612 2359 683 2458 (d);
704 2371 739 2434 ot
763 2370 803 2434 ut
825 2363 987 2436 omnibus
1010 2363 1200 2438 artificibus
1228 2363 1313 2460 ipsis
1337 2361 1628 2437 admittendamm
1649 2359 1823 2432 fraudium
1849 2357 1907 2429 via

495 2493 532 2556 ot
547 2485 690 2557 materia
707 2487 943 2581 precludatur,
963 2511 1025 2585 ροτ
1043 2489 1118 2562 loca
1135 2489 1289 2584 quelibet
1306 2487 1395 2561 duos
1417 2485 1498 2578 eligi
1514 2485 1677 2558 volumus
1694 2481 1764 2555 fide
1783 2481 1908 2576 dignos

500 2605 578 2706 [per
601 2618 690 2682 terre
706 2609 840 2704 bajmos
859 2609 1102 2710 ordinandosl,
1124 2613 1253 2708 quibus
1275 2610 1534 2686 imminentibus
1553 2607 1706 2706 prediola
1726 2605 1841 2679 omnia
1860 2605 1907 2698 [in

498 2737 604 2824 stetu]
625 2755 828 2810 conservare
845 2735 995 2810 debeant
1012 2741 1062 2827 [et
1079 2736 1196 2811 debite
1214 2737 1410 2810 executioni
1429 2733 1594 2808 mandere
1612 2744 1648 2806 et
1668 2729 1910 2805 contradicen-

501 2857 593 2932 tibus
618 2879 656 2932 se
680 2879 854 2957 opponere
870 2858 949 2956 (e)],
971 2883 1012 2934 ao
1030 2883 1093 2957 per
1115 2883 1174 2934 eos
1201 2859 1370 2935 artificum
1396 2859 1536 2933 fraudes
1557 2869 1674 2932 nostre
1696 2855 1792 2930 curie
1815 2876 1910 2926 nun-

501 2981 647 3054 cientur.
678 2983 831 3068 Quorum
858 2985 1055 3058 officialium
1082 2987 1221 3060 nomina
1248 2985 1352 3059 etiam
1377 3007 1439 3082 ροτ
1463 2983 1592 3056 litteras
1618 2981 1705 3080 [sub
1731 2981 1851 3075 sigillis
1877 2989 1911 3050 et

499 3105 821 3201 subscriptionibus]
841 3109 1042 3202 eligentium
1060 3119 1099 3182 et
1119 3130 1238 3182 eorum
1260 3109 1375 3204 quiin
1395 3109 1438 3180 iis
1457 3106 1639 3181 consilium
1660 3103 1819 3178 dederint
1844 3101 1911 3174 eli-

502 3227 639 3321 gendis,
663 3229 709 3304 ad
726 3251 790 3304 nos
811 3233 867 3305 vel
891 3232 939 3307 ad
963 3231 1013 3330 (s)
1033 3234 1186 3306 locorum
1213 3231 1371 3307 dominos
1398 3233 1559 3305 volumus
1582 3229 1765 3318 destinari,
1796 3236 1836 3298 nt
1866 3247 1911 3298 ex

542 3401 587 3484 (a)
608 3405 700 3468 Extat
717 3407 749 3468 ln
763 3424 866 3487 graeco
884 3413 956 3471 norl
968 3410 1046 3471 tlmli
1059 3409 1195 3472 rubrica:
1210 3411 1252 3472 De
1263 3409 1457 3472 venditortbtn
1469 3411 1541 3470 clai.

544 3507 586 3590 (d)
607 3511 643 3572 Iu
657 3529 762 3591 graeco
775 3516 892 3578 rubrloe
906 3535 914 3576 :
930 3517 972 3578 De
984 3514 1029 3578 lis
1040 3518 1093 3599 qni
1104 3535 1142 3578 ee
1153 3524 1274 3600 cruento
1287 3525 1315 3579 et
1327 3535 1401 3578 curo
1413 3513 1636 3596 opcmsuclocl.
1649 3514 1787 3574 Attamen
1800 3512 1831 3570 ln
1843 3510 1910 3571 cod.

505 3625 594 3691 4625,
611 3620 641 3678 in
653 3619 734 3682 ltloc.
752 3621 789 3682 ds
802 3621 834 3684 S.
849 3623 996 3685 Germano
1010 3630 1040 3685 et
1055 3627 1087 3686 ln
1101 3625 1238 3686 omnibus
1256 3625 1343 3686 edltls
1363 3641 1441 3687 nnus
1463 3629 1493 3684 et
1512 3623 1590 3684 ldem
1608 3620 1743 3682 titulusa
1757 3617 1915 3697 diupoleos

504 3740 600 3802 usque
613 3725 651 3786 ad
664 3723 844 3808 neqlemrtm
857 3730 995 3790 nuntiare
1008 3731 1164 3794 oonllntur.

546 3827 585 3909 (e)
610 3831 666 3910 Ap.
682 3833 806 3895 Ceroanl
819 3837 860 3896 sic
870 3833 980 3897 nullm
991 3839 1040 3898 Sic
1052 3837 1132 3899 deest
1146 3855 1194 3916 ap.
1207 3839 1290 3899 Rlco.
1303 3837 1341 3898 de
1353 3837 1385 3899 S.
1400 3838 1559 3899 Germano.

546 3935 591 4016 (d)
612 3939 669 4016 Δρ.
686 3940 863 4002 Illooerdum
882 3949 912 4004 et
924 3944 956 4004 lu
970 3943 1037 4006 ood.
1052 3953 1129 4006 4625
1147 3963 1155 4006 τ
1169 3941 1251 4004 altro
1261 3941 1422 4024 predictum
1434 3943 1627 4024 quantitatem
1639 3938 1803 4018 etjormom
1814 3956 1834 3996 u
1842 3952 1914 4014 pre·

507 4041 591 4104 dictis
603 4041 726 4106 dominis
738 4049 899 4110 amminoni
907 4057 1039 4131 petatur.
1056 4053 1091 4112 ln
1105 4068 1209 4130 graeco
1226 4071 1234 4112 a
1249 4053 1283 4111 in
1295 4049 1398 4132 quidm
1414 4051 1440 4111 τι·
1459 4047 1531 4130 quid
1542 4065 1628 4127 snper
1639 4043 1771 4106 additum
1783 4045 1822 4104 sit
1835 4038 1915 4102 ultra

507 4149 667 4232 predictam
679 4155 872 4234 qttaatitotem
885 4165 912 4218 el
917 4157 1050 4238 smmum
1058 4165 1189 4242 petatur.
1204 4159 1290 4221 Unde
1302 4162 1334 4220 ln
1347 4164 1463 4220 textum
1473 4157 1591 4218 ctinlme
1603 4169 1754 4233 perperam
1767 4152 1915 4228 lrrepslsse

508 4257 665 4322 oredlmus.

549 4363 589 4444 (e)
613 4366 671 4442 Αρ.
688 4367 766 4428 llloc.
790 4369 827 4431 de
848 4371 877 4432 S.
899 4372 999 4435 Germ.
1019 4379 1049 4434 et
1072 4375 1105 4434 ln
1123 4373 1190 4435 cod.
1206 4381 1283 4435 48²⁵
1301 4374 1462 4434 concrema·
1474 4369 1595 4432 debeant
1612 4375 1640 4430 et
1653 4365 1744 4427 dedite
1756 4360 1915 4424 monetent

508 4470 642 4532 contradi
652 4489 687 4532 ac
694 4489 751 4553 per
762 4491 870 4552 eoem„
882 4479 1003 4556 rellqnls
1015 4482 1142 4542 omlssls.

550 4576 600 4658 (s)
614 4577 663 4640 Slo
677 4583 852 4660 corrigimus
864 4601 902 4646 ex
916 4586 999 4647 ltloc.
1013 4586 1052 4646 de
1063 4585 1095 4648 S.
1110 4585 1225 4661 Germ„
1239 4587 1305 4650 eod.
1321 4595 1399 4648 ⁴62⁵
1421 4593 1451 4647 et
1472 4601 1588 4665 graeco.
1600 4585 1656 4660 llp.
1671 4581 1792 4642 turcani
1809 4573 1850 4638 ud
1864 4590 1913 4634 noa

507 4703 561 4764 per
573 4681 698 4746 locontm
710 4685 858 4766 domium
872 4692 960 4752 mule.
