4308 5910
434 541 493 602 tat
963 544 1316 611 consolidatores

435 675 647 750 habitatione
668 680 775 754 nostri
794 680 945 755 demanii
962 682 1143 774 derelicta,
1163 681 1254 754 infra
1271 691 1340 754 tres
1359 700 1496 752 menses
1514 680 1546 754 si
1568 679 1605 752 in
1629 679 1752 756 eadem
1767 705 1844 780 pro-

436 801 552 876 vincie
579 803 701 894 luerit,
720 813 756 878 et
784 805 814 878 si
840 815 939 880 extra
960 807 1172 903 provinciam
1190 803 1292 878 suerit
1313 803 1403 876 infru
1419 823 1485 878 sex
1506 823 1663 896 menses,
1686 817 1763 900 post
1786 829 1844 882 re—

433 926 655 1020 quisitionem
669 927 904 1004 ordinatorum
922 940 1116 1006 nostrorum
1129 930 1194 1026 (a),
1211 928 1258 1004 ed
1273 935 1399 1002 terrem
1412 927 1564 1001 demanii
1575 949 1681 1024 quarn
1693 930 1845 1006 desernit

431 1049 545 1122 redire
573 1073 655 1124 cum
678 1060 748 1128 tota
775 1055 904 1128 familia
930 1055 1153 1151 compellatur
1171 1051 1237 1150 (t).
1257 1051 1477 1146 Quicumque
1502 1060 1618 1124 autem
1643 1053 1841 1146 hujusmodi

430 1171 588 1248 homines
614 1177 805 1272 receperint
838 1177 986 1252 scienter
1010 1189 1072 1252 aut
1096 1187 1251 1273 receptos
1277 1177 1323 1250 ab
1350 1175 1449 1248 initio
1476 1175 1618 1250 forsitan
1646 1177 1843 1272 ignoranter

432 1299 698 1392 contempserint
728 1299 874 1376 reddere
903 1301 1081 1396 requisiti,
1113 1301 1236 1374 librum
1269 1321 1375 1372 uuam
1402 1298 1478 1372 euri
1504 1299 1680 1394 purissimi
1708 1323 1842 1378 comem

431 1429 547 1494 nostre
572 1433 796 1518 componant,
824 1435 859 1498 et
883 1433 1038 1522 reseptos
1064 1423 1288 1498 nihilominus
1314 1421 1512 1496 cumomni
1536 1423 1718 1498 commodo
1746 1426 1841 1520 quod

432 1543 516 1618 inde
538 1547 764 1642 sumpserint,
790 1549 885 1623 curie
908 1559 1023 1622 nostre
1047 1547 1193 1635 reddere
1211 1547 1470 1643 compellantur.
1497 1546 1596 1641 Eque
1618 1545 1723 1620 etiam
1745 1549 1841 1624 lance

433 1669 609 1743 sancimus
625 1681 665 1743 ut
685 1673 907 1747 ecclesiarum
924 1674 1099 1764 homines,
1121 1672 1306 1761 comitum,
1332 1671 1503 1744 baronum
1518 1669 1575 1742 vcl
1591 1669 1760 1760 militum,
1780 1675 1840 1768 qai

434 1805 567 1868 tantum
585 1794 629 1890 (h)
646 1797 797 1873 dominis
811 1799 885 1873 suis
904 1799 950 1874 de
972 1800 1208 1896 personalibus
1225 1797 1374 1871 servitiis
1392 1797 1537 1870 minime
1559 1806 1751 1892 teneantur,
1769 1801 1799 1872 si
1819 1821 1841 1874 a

433 1927 585 2014 tempore
600 1931 713 1994 nostre
728 1922 837 1996 leliois
849 1925 1077 1998 coronationis
1090 1945 1128 1996 se
1144 1922 1190 1998 ad
1207 1931 1316 1996 terras
1332 1919 1439 1994 nostri
1453 1918 1605 1995 demanii
1618 1941 1679 1994 seu
1693 1919 1839 1996 aliorum

434 2045 666 2138 quorumlibet
684 2049 933 2142 transtulerint,
953 2049 1021 2122 suh
1039 2047 1085 2145 (c)
1106 2047 1230 2122 eodem
1250 2046 1413 2143 temporis
1432 2044 1545 2141 spatio
1564 2043 1670 2116 trium
1697 2047 1756 2120 vel
1776 2069 1838 2121 sex

434 2168 605 2240 mensium
628 2170 777 2260 scilicet,
803 2183 995 2268 atempore
1021 2172 1254 2268 requisitionis
1272 2170 1397 2244 emisse
1420 2168 1534 2242 redire
1557 2168 1604 2242 ad
1627 2177 1751 2242 terram
1778 2170 1839 2245 de·

433 2290 605 2364 minorum
626 2315 785 2386 suorum,
806 2317 902 2369 mora
924 2297 1078 2391 qualibet
1102 2305 1137 2370 et
1163 2296 1342 2370 occasione
1368 2293 1550 2388 depositis,
1577 2293 1835 2388 compellantur.

433 2409 599 2511 [Prolatos
614 2437 677 2489 seu
693 2438 827 2508 comes,
849 2419 933 2492 baro
952 2421 1008 2492 vel
1029 2419 1127 2493 miles
1145 2441 1208 2492 seu
1224 2418 1372 2514 quilibet
1392 2417 1452 2490 alii
1475 2417 1751 2513 supradictorum
1776 2417 1839 2491 bo-

431 2539 565 2610 minum
593 2540 802 2632 detentores,
831 2542 862 2614 ei
889 2542 1036 2616 scientes
1064 2543 1240 2616 extiterint
1264 2543 1322 2616 vel
1346 2542 1561 2637 ignorantes,
1587 2550 1622 2614 et
1650 2541 1744 2637 ipsos
1769 2563 1839 2616 non

431 2661 647 2736 reddiderint
676 2665 832 2758 requisiti
857 2676 934 2762 poet
948 2668 1111 2763 temporis
1133 2669 1284 2763 spatium
1310 2665 1570 2762 supradictum,
1594 2665 1631 2738 in
1659 2666 1838 2740 dimidiam

431 2787 554 2862 libram
570 2788 646 2860 auri
661 2789 836 2884 purissimi
851 2791 1001 2864 sentiant
1012 2814 1051 2865 se
1067 2794 1139 2866 lore
1156 2790 1385 2882 damnandos,
1408 2790 1510 2883 cujus
1532 2789 1702 2865 medietas
1723 2799 1838 2866 nostro

431 2911 555 3002 erario,
576 2913 707 3006 reliqua
724 2913 892 2989 medietas
908 2913 1073 2989 damnum
1089 2915 1198 3012 passis
1221 2917 1382 2989 volumus
1395 2911 1588 3012 applicari]

471 3105 512 3177 (a)
534 3103 578 3163 Ex
593 3119 697 3181 graeco
706 3111 827 3181 apparet
839 3103 1017 3167 ordinatores
1026 3108 1144 3168 eosdem
1155 3123 1219 3168 esse
1231 3109 1284 3186 qul
1293 3103 1429 3186 «officula
1442 3110 1541 3168 vocari
1554 3107 1656 3168 solent.

475 3205 514 3287 (b)
537 3209 573 3268 ln
586 3209 650 3270 eod.
667 3218 744 3271 4626
759 3211 810 3291 qui
823 3217 934 3286 tamem
946 3213 998 3274 sed
1011 3216 1043 3274 ln
1057 3229 1162 3294 graeco
1175 3210 1268 3281 οἵτινες
1281 3210 1372 3292 μόνον.

474 3313 511 3393 (c)
528 3313 577 3374 Sie
592 3331 630 3375 ex
644 3315 743 3378 oodlee
757 3319 849 3380 lndno
861 3326 891 3380 et
903 3337 939 3380 ex
954 3337 1069 3400 graeco.
1084 3320 1142 3398 Ap.
1158 3322 1280 3382 Curcaul
1291 3317 1338 3383 ab.

467 3600 502 3675 (t)
521 3603 643 3677 Exempli
661 3621 742 3664 mosa
762 3607 876 3666 sormam
893 3611 1036 3684 quamdam
1058 3610 1235 3670 revocationis
1251 3611 1423 3684 exhibemus,
1442 3625 1512 3685 quas
1532 3610 1611 3669 adest
1625 3611 1696 3668 inter
1713 3611 1790 3668 Petri
1806 3609 1837 3668 da

436 3697 525 3756 rame
537 3701 640 3776 epaon,
657 3703 704 3762 nn.
721 3706 755 3776 v,
769 3721 829 3783 cap.
844 3708 932 3767 xvrn
948 3727 954 3764 ι
971 3710 1170 3780 «narsaeus,
1185 3717 1256 3781 ee..
1271 3709 1427 3784 intruso,
1442 3717 1495 3766 etc·
1514 3709 1651 3766 nanee
1667 3724 1754 3783 nure·
1766 3709 1836 3782 a1¹⁰d

432 3798 579 3855 »nonnulli
599 3799 763 3860 habitatores
780 3845 932 3878 .......
953 3813 984 3864 ut
1007 3807 1035 3864 in
1058 3807 1175 3866 collectis
1192 3813 1221 3866 et
1244 3808 1303 3866 aliis
1326 3807 1399 3864 curie
1420 3813 1511 3864 nostre
1534 3806 1648 3864 servitiis
1670 3805 1705 3862 ab
1726 3805 1835 3862 aliorum

430 3912 444 3948 a
461 3910 572 3952 suorum
583 3899 732 3958 concivium
746 3903 933 3961 communione
948 3921 978 3961 se
990 3904 1162 3979 subtrahant,
1177 3905 1334 3966 incolatibus
1348 3903 1447 3979 proprii
1464 3903 1589 3962 domicilii
1600 3902 1747 3972 derelictis,
1760 3919 1790 3960 ³0
1802 3905 1836 3962 td

430 4011 444 4046 r
460 3991 511 4048 alie
523 3991 582 4050 loce
593 3995 781 4066 jurisdictionis
793 4006 852 4070 tue,
869 4001 1005 4075 inquibus
1023 4017 1115 4060 eorum
1125 4019 1180 4062 non
1192 4003 1228 4061 sit
1240 4009 1303 4061 uota
1316 4002 1441 4073 conditio,
1449 4018 1498 4076 per
1508 4000 1601 4059 dolose
1610 3999 1738 4074 suffragia
1747 4007 1835 4060 treus·

431 4109 444 4142 r
460 4089 595 4162 trdernut,
609 4097 637 4148 et
653 4093 693 4150 sic
705 4109 788 4153 onera
802 4113 854 4171 que
874 4115 1029 4158 communes
1053 4101 1181 4160 humeros
1198 4101 1353 4176 exigebant,
1366 4099 1524 4157 incrrmbunt
1537 4099 1651 4157 residuis
1670 4097 1835 4157 intollerabi-

431 4185 521 4244 rliter
541 4191 724 4263 supportanda
740 4196 892 4278 :quocirca
913 4196 1034 4258 fidelitati
1061 4205 1109 4258 tue
1130 4200 1302 4276 precipiendo
1323 4199 1495 4270 mandamus,
1514 4203 1645 4271 quatenus
1664 4211 1835 4272 quonamque

431 4303 445 4337 r
459 4283 624 4344 habitatores
644 4293 714 4347 terre
727 4291 826 4366 ipsius,
842 4293 877 4352 ob
896 4311 1003 4354 musana
1023 4299 1168 4371 predictam
1186 4297 1294 4372 propria
1306 4295 1439 4355 domicilia
1451 4295 1586 4356 inveneris
1600 4295 1748 4367 reliquisse,
1761 4293 1834 4368 ipses

432 4401 445 4436 r
462 4384 497 4440 ed
514 4383 644 4444 incolatus
657 4393 728 4446 terre
741 4391 860 4464 predicte
874 4394 1067 4452 incontinenter
1079 4397 1181 4466 redire,
1195 4413 1249 4470 qua
1262 4395 1363 4454 rideris
1380 4411 1470 4452 rerum
1486 4401 1516 4453 et
1532 4409 1709 4470 personarum
1724 4393 1831 4450 (lisbio-

432 4499 446 4536 ι
463 4480 534 4540 tione
546 4485 690 4558 compellas
705 4505 712 4543 ε
726 4495 758 4545 ut
772 4488 862 4564 lugam
875 4491 975 4567 ipsam,
987 4509 1068 4566 quam
1081 4494 1110 4549 in
1128 4494 1242 4552 eborum
1260 4493 1435 4569 prejudicium
1456 4491 1638 4552 fraudulenter
1657 4492 1830 4566 messuerant,

433 4579 565 4637 »nullum
588 4583 641 4640 sibi
663 4585 779 4644 sentiant
799 4589 976 4663 patrocinium
1000 4590 1135 4650 exhibere.
1156 4612 1170 4647 r
1189 4593 1329 4662 Quaedam
1347 4591 1375 4650 iu
1398 4593 1449 4650 hoe
1469 4593 1595 4650 mandato
1615 4590 1780 4649 consuimus
1800 4605 1833 4646 ex

445 4677 490 4736 od.
507 4677 575 4738 ltibl.
590 4679 686 4756 Paria„
702 4685 793 4746 Foeda
804 4687 1041 4761 Solet-Gonnum,
1054 4703 1085 4746 nt
1100 4692 1162 4750 too.
