4298 5906
743 598 867 661 REGNI
892 597 1078 660 statulae
1566 600 1626 663 219

207 735 411 825 consulatis,
434 734 580 832 receptis
602 733 738 808 dudum
754 735 929 831 sigillatim
954 755 1017 830 per
1038 733 1127 807 duos
1151 729 1202 830 (a)
1224 753 1270 805 ex
1294 731 1395 808 vobis
1415 733 1620 828 ratiociniis,

209 883 272 958 per
287 882 352 934 vos
369 858 524 935 similiter
539 881 654 934 coram
670 861 799 956 quibus
812 869 888 934 acta
905 868 987 933 sunt
1004 859 1184 946 hactenus,
1204 855 1366 948 finiendis
1384 855 1397 952 (
1422 855 1449 954 j.

885 1065 950 1138 111.

258 1216 444 1292 Fodericus
464 1215 661 1308 socundus,
681 1216 744 1292 Dei
762 1218 890 1312 gnatia,
913 1225 949 1291 et
968 1225 1098 1308 cetera,
1121 1215 1168 1290 ad
1189 1216 1391 1308 rationales,
1418 1223 1484 1290 stc.
1512 1217 1622 1310 Super

208 1343 437 1440 infrascriptis
461 1342 622 1438 capitulis
646 1338 727 1441 [de]
753 1343 882 1438 quibus
907 1342 1008 1416 vobis
1032 1343 1069 1414 in
1096 1342 1291 1437 receptione
1316 1341 1488 1414 rationum
1512 1339 1623 1414 dubia

208 1465 430 1559 emergebant
442 1473 476 1540 et
488 1475 641 1538 nostram
654 1466 813 1540 voluistis
825 1466 1064 1540 excellentiam
1078 1465 1267 1556 consulere,
1278 1465 1378 1540 vobis
1391 1464 1560 1538 duximus
1574 1463 1620 1537 ad

208 1589 346 1684 singula
361 1589 658 1686 respondendum.
1155 1667 1157 1672 ,

257 1715 297 1786 ln
314 1714 435 1810 primis
453 1715 498 1790 ds
516 1715 605 1788 lacto
621 1716 968 1810 excomputacionum
987 1735 1075 1808 quas
1091 1713 1233 1808 quidam
1250 1711 1297 1807 (b)
1314 1711 1388 1786 liori
1403 1712 1622 1810 postulabant

209 1837 256 1914 de
270 1838 339 1912 biis
354 1839 516 1914 omnibus
532 1861 602 1935 que
619 1861 841 1936 quacumque
855 1838 988 1912 ratione
1009 1839 1066 1910 vel
1084 1847 1237 1934 tempore
1252 1835 1298 1934 (c)
1318 1860 1338 1911 a
1358 1845 1510 1932 tempore
1529 1834 1622 1931 regis

210 1963 383 2040 Guillslmi
407 1963 518 2038 salicis
538 1964 702 2038 memorie
720 1964 766 2038 de
791 1963 1060 2059 bajulationibus
1082 1963 1257 2036 subtracta
1279 1964 1435 2054 luerunt,
1454 1982 1497 2034 aa
1513 1959 1622 2034 vida-

209 2088 291 2164 licet
306 2089 438 2164 rabone
455 2089 550 2184 quod
568 2090 751 2164 ostendant
768 2087 820 2187 (d)
838 2113 900 2186 par
917 2099 1017 2186 pacta
1031 2111 1152 2163 corum
1171 2088 1416 2162 camerariatus
1435 2096 1471 2160 et
1489 2087 1622 2180 bajula·

210 2213 321 2288 ticum
337 2211 385 2310 (c)
401 2215 527 2288 omisso
553 2236 633 2287 cum
654 2214 817 2288 omnibus
833 2213 982 2306 justiciis
1004 2223 1039 2286 st
1062 2213 1344 2308 rationibusque
1370 2222 1525 2310 tempore
1542 2233 1620 2307 pre·

210 2336 295 2411 dicti
317 2337 412 2430 regis
437 2337 608 2412 Gnillelmi
637 2337 684 2412 ud
706 2339 788 2432 jura
812 2337 1042 2434 predictarum
1068 2340 1318 2432 bajulationum
1341 2338 1543 2434 spectabant
1566 2339 1623 2412 vel

209 2461 317 2536 rendi
330 2472 586 2537 consueverunt
598 2484 678 2536 cum
694 2462 840 2556 eisdem,
856 2463 946 2535 sicut
959 2471 1074 2538 nostra
1092 2463 1263 2537 celsitudo
1279 2462 1450 2560 providit3
1470 2461 1566 2558 quod
1578 2461 1624 2538 de

210 2585 373 2660 omnibus
395 2585 462 2659 illis
485 2607 555 2682 qne
577 2595 657 2660 ante
680 2595 818 2682 tempus
834 2607 906 2681 quo
922 2585 973 2660 eis
997 2586 1135 2660 luerunt
1157 2586 1385 2680 bajulationes
1409 2586 1551 2662 vendite
1567 2587 1622 2660 val

211 2709 341 2800 locate,
364 2709 410 2786 de
422 2710 561 2804 juribus
578 2711 828 2806 bajulationum
851 2713 1003 2810 ipsarum
1020 2709 1147 2785 donata
1165 2712 1305 2786 inerunt
1324 2712 1379 2786 val
1398 2713 1466 2786 ulia
1489 2711 1624 2786 ratione

210 2835 398 2928 subtracta,
418 2837 515 2910 nulla
533 2845 586 2910 est
603 2837 655 2910 eis
681 2836 944 2934 excomputacio
965 2835 1141 2929 facienda,
1159 2858 1239 2910 cum
1257 2847 1409 2932 tempore
1426 2857 1498 2933 quo
1519 2837 1623 2931 baju-

211 2961 356 3034 lationes
382 2970 558 3054 emerunt,
587 2959 765 3037 sciverunt
790 2962 848 3036 vel
872 2959 960 3034 scire
985 2959 1181 3036 debuerunt
1205 2959 1293 3056 qnid
1318 2959 1482 3036 emebant
1499 2959 1569 3058 (s),
1589 2969 1625 3036 et

211 3085 310 3160 curia
320 3095 436 3160 nostru
450 3087 659 3182 intelligatur
671 3108 741 3161 non
760 3086 826 3160 nisi
841 3107 962 3161 revera
974 3108 1044 3182 que
1060 3098 1143 3160 tunc
1154 3086 1293 3160 tenebat
1307 3086 1343 3158 in
1356 3087 1431 3160 suis
1445 3087 1621 3180 manibus,

210 3210 430 3306 vendidissa;
458 3213 639 3308 presertim
666 3235 746 3288 cnm
773 3212 803 3286 si
830 3212 875 3285 sit
901 3212 1097 3286 intentionis
1125 3221 1242 3285 nostra
1273 3211 1364 3286 vello
1390 3222 1623 3309 excomputu-

211 3335 345 3410 cionem
360 3337 474 3411 lacere
489 3336 534 3412 de
550 3337 619 3410 biis
635 3359 706 3432 que
723 3347 807 3412 tunc
822 3346 920 3410 orant
933 3337 1118 3428 subtracta,
1142 3335 1277 3410 lecisset
1295 3335 1332 3409 in
1347 3335 1457 3433 pactis
1472 3336 1623 3431 aliquam

211 3459 435 3536 mentionem.
456 3462 492 3536 Si
512 3470 626 3536 umen
645 3472 723 3559 post
739 3463 994 3538 concessionem
1010 3462 1252 3536 camerariatus
1265 3463 1409 3557 lacum,
1428 3462 1563 3559 aliquid
1577 3461 1623 3538 de

211 3581 263 3658 cis
276 3606 348 3680 que
365 3595 519 3682 tempora
538 3588 771 3663 conoessionis
788 3589 824 3662 in
840 3589 1051 3682 bajulatione
1068 3597 1167 3664 erant
1187 3588 1275 3663 inira
1289 3598 1428 3686 tempus
1440 3610 1560 3664 eorum
1578 3588 1623 3664 de

253 3733 298 3816 (a)
318 3737 354 3798 ln
368 3738 519 3815 lmprerrta
530 3733 614 3815 dam,
629 3739 718 3802 mala

254 3839 294 3921 (ὂ)
316 3841 352 3904 1n
366 3841 465 3904 «Μ
474 3839 601 3926 ΨΜ

253 3945 291 4026 p)
319 3949 356 4010 m
372 3948 440 4010 ooo.
456 3955 596 4030 capon.

253 4053 297 4136 (d)
319 4056 433 4118 lnood.
447 4055 590 4122 cruam.

255 4161 293 4244 (c)
319 4163 357 4224 ln
370 4163 436 4226 coti.
452 4159 648 4246 bajulatione.

256 4267 306 4352 (j)
319 4270 356 4332 In
367 4269 435 4332 cod.
449 4268 568 4334 mahat.

250 4451 285 4526 (l)
303 4454 366 4512 Non
385 4453 477 4528 pluras
497 4455 585 4514 tribus
603 4455 647 4515 val
668 4461 781 4530 quatuor
796 4457 915 4532 magistri
928 4457 1072 4518 rationales
1085 4457 1188 4517 institui
1199 4457 1334 4518 solebant.
1344 4458 1388 4517 Ex
1406 4457 1493 4516 edicto
1505 4473 1623 4534 praece-

213 4549 293 4609 dento
306 4558 422 4626 quatuor
433 4553 546 4626 adsunt3
561 4569 596 4612 ax
608 4554 723 4628 Regesto
735 4559 823 4612 umen
835 4556 870 4614 ad
882 4571 946 4613 ann.
959 4557 1038 4630 tait,
1053 4572 1147 4616 mense
1160 4557 1241 4629 maio,
1253 4558 1341 4632 primo
1358 4563 1482 4632 quatuor,
1494 4573 1557 4614 mox
1568 4563 1623 4614 tres

214 4653 318 4707 unum
329 4665 381 4725 pro
394 4656 450 4710 toto
462 4668 554 4728 regno,
569 4652 673 4712 scilicet
682 4652 841 4714 lbomasius
851 4655 885 4713 de
898 4655 1058 4730 Brmdusio,
1067 4656 1185 4730 Angelus
1194 4657 1229 4715 ‹le
1241 4658 1330 4716 blarru
1343 4663 1372 4715 st
1385 4656 1513 4732 mapster
1524 4656 1624 4714 Pmou-

215 4744 277 4819 pius
287 4747 321 4806 de
333 4747 434 4808 liutara
445 4751 565 4810 neurius
576 4751 676 4810 curiae.
