4298 5906
529 573 608 652 ,aur
996 564 1133 628 uottsu
1159 561 1513 625 cousrrrunrouus

551 719 611 782 aut
628 709 658 782 si
676 710 769 804 ipsos
784 707 869 781 dare
886 727 954 778 non
971 703 1158 800 potuerint,
1178 721 1238 774 eos
1251 701 1474 797 personaliter
1489 698 1641 796 capient,
1654 696 1849 791 justitiariis
1863 699 1958 774 simi·

548 834 625 907 liter
642 830 881 927 assignandos.

945 1006 1083 1078 LIBER
1112 1005 1146 1096 1,
1178 1003 1380 1076 TITULUS
1409 1005 1555 1077 LXXV.

620 1165 669 1234 De
684 1163 781 1252 seriis
798 1171 830 1232 et
845 1159 982 1231 saleriis
993 1156 1150 1250 judicum
1168 1166 1199 1227 et
1212 1157 1421 1228 notariorum
1436 1158 1658 1228 instrumente
1675 1154 1884 1250 sufflantium

802 1297 834 1356 et
850 1282 1132 1372 subscribentium,
1152 1290 1184 1351 et
1201 1279 1241 1351 de
1257 1304 1371 1353 eorum
1388 1284 1499 1373 [mma
1514 1279 1694 1352 tenendo.

594 1435 732 1527 Bujulos
752 1443 787 1507 et
807 1454 928 1508 omnes
943 1430 1081 1523 judices
1103 1451 1145 1504 ao
1162 1441 1316 1504 actorum
1337 1431 1486 1506 notarios
1503 1453 1524 1503 a
1542 1451 1644 1504 mane
1665 1449 1778 1524 usque
1803 1426 1849 1500 ad
1871 1447 1955 1500 ues-

548 1581 661 1658 peras,
680 1568 794 1655 preter
814 1557 1023 1630 necessarias
1038 1556 1141 1628 horas
1152 1556 1370 1628 comestionis
1384 1567 1418 1630 et
1431 1557 1556 1648 sumni,
1574 1556 1630 1628 sui
1643 1554 1777 1650 copiam
1794 1552 1956 1626 omnibus

547 1691 698 1781 prestare
722 1681 948 1776 precipimus,
978 1679 1082 1752 officii
1110 1679 1166 1752 sui
1195 1689 1310 1775 partes
1334 1681 1530 1774 petentibus
1552 1680 1714 1753 omnibus
1742 1677 1952 1774 prebiturus,

547 1807 701 1902 exeeptis
718 1805 843 1878 diebus
860 1804 1048 1878 nativitatis
1064 1803 1218 1888 Domini,
1240 1803 1462 1877 Paschalibns
1479 1815 1583 1900 atque
1598 1803 1782 1877 dominicis
1798 1824 1840 1876 ac
1855 1802 1956 1875 beate

548 1933 700 2026 Virginis
720 1939 756 2004 et
777 1929 1017 2024 Apostolorum
1032 1927 1274 2000 festivitatibus
1290 1927 1472 2019 dedicatis,
1492 1930 1528 2002 in
1549 1929 1677 2024 quibus
1693 1937 1729 2000 et
1741 1927 1879 2021 judiees
1896 1925 1955 1998 alii

547 2057 608 2150 qui
621 2055 762 2128 annales
773 2067 923 2125 eruntse
935 2051 980 2124 dc
992 2051 1176 2125 audiendis
1185 2061 1220 2125 et
1231 2052 1436 2127 decidendis
1444 2054 1682 2148 questionibus
1693 2053 1889 2124 nullatenus
1903 2051 1956 2124 in·

546 2179 753 2268 tromittant;
773 2177 836 2251 sed
856 2176 901 2249 de
917 2177 1148 2250 contractibus
1165 2187 1199 2250 et
1216 2177 1449 2250 instrumentis
1467 2175 1692 2251 conficiendis
1711 2197 1772 2272 per
1788 2175 1952 2265 notarim,

546 2311 647 2400 prout
659 2313 712 2376 est
723 2301 811 2395 juris
823 2311 857 2374 et
872 2301 994 2392 moris,
1014 2322 1077 2397 pro
1087 2301 1330 2397 scriptionibus
1344 2311 1380 2376 st
1390 2301 1697 2398 subscriptionibus
1708 2300 1781 2374 suis
1794 2309 1953 2372 larsnum

545 2450 667 2520 unum,
688 2427 718 2500 si
736 2426 857 2498 libram
875 2426 951 2498 auri
966 2435 1159 2498 contractus
1176 2426 1375 2516 excesserit,
1393 2425 1547 2520 alioquin
1563 2423 1747 2498 dimidium
1765 2423 1948 2519 recepturi.

544 2553 633 2625 Huic
643 2551 878 2624 constitutioni
896 2549 1077 2624 salubriter
1095 2550 1310 2646 providimus
1327 2550 1550 2625 inserendum
1566 2559 1606 2621 nt
1617 2547 1755 2642 judices
1767 2555 1872 2642 alque
1885 2567 1952 2619 no·-

543 2675 621 2748 tarii
636 2674 726 2746 inira
739 2673 991 2748 hebdomadam
1005 2695 1026 2747 a
1041 2673 1098 2747 die
1110 2695 1181 2768 qno
1198 2674 1324 2748 luerint
1334 2673 1379 2748 de
1392 2673 1574 2748 scribendo
1586 2673 1709 2770 mgati,
1725 2673 1952 2748 instrumenta

533 2783 693 2872 seribere
725 2811 760 2871 et
788 2798 1005 2871 subscribere
1040 2807 1240 2890 teneantnr3
1276 2801 1478 2874 necessitato
1508 2799 1708 2893 rogantibus
1741 2795 1951 2894 imponenda

544 2931 708 2996 statutum
727 2920 994 3018 proscribendis
1009 2932 1045 2994 et
1061 2921 1350 2998 subscribendisn
1363 2923 1458 2996 curia
1470 2933 1585 2998 nostra
1592 2923 1755 2996 salarium
1770 2921 1950 3012 exhibere,

543 3068 585 3120 ac
604 3067 693 3142 pena
713 3045 812 3142 dupli
832 3046 946 3120 salarii
965 3047 1148 3120 constituta
1162 3046 1211 3143 (u)
1230 3049 1405 3144 partibus,
1430 3049 1498 3122 nisi
1521 3049 1723 3144 priusquam
1745 3047 1873 3120 inerint
1894 3047 1949 3118 iu·

543 3179 733 3244 strumenta
750 3171 959 3268 conscripta,
982 3171 1026 3245 de
1045 3195 1113 3246 non
1132 3173 1324 3248 scribendis
1340 3173 1471 3248 eisdem
1491 3173 1557 3246 sub
1573 3171 1789 3246 attestatione
1806 3171 1951 3244 solemni

543 3295 837 3370 renunciationem
855 3297 1044 3387 emiserint,
1061 3307 1095 3370 et
1108 3295 1287 3391 judicibus
1305 3307 1410 3393 etque
1427 3297 1569 3371 notariis
1585 3297 1796 3386 imminente,
1816 3296 1845 3368 si
1863 3297 1952 3394 inira

542 3417 726 3492 terminum
741 3419 963 3492 constitutum
986 3420 1107 3492 notarii
1128 3421 1203 3494 sive
1217 3421 1354 3514 judices
1375 3422 1600 3494 instrumenta
1622 3439 1693 3492 non
1714 3419 1874 3510 iecerint,
1895 3421 1950 3492 vel

540 3544 628 3618 lecta
645 3564 707 3639 per
724 3563 783 3616 eos
800 3565 867 3616 non
892 3543 1127 3639 recollegerint
1147 3546 1208 3639 qui
1226 3555 1403 3638 rogarunt.
1425 3545 1585 3619 Ceterum
1608 3545 1639 3616 si
1664 3564 1745 3616 casu
1769 3543 1952 3640 contigerit

535 3666 691 3762 judicem
713 3666 788 3740 sive
814 3668 984 3740 noterium
1010 3668 1106 3764 prius
1132 3669 1168 3740 in
1195 3670 1263 3742 lata
1291 3669 1458 3744 decedere
1481 3692 1587 3765 quam
1612 3670 1837 3742 instrumenta
1861 3670 1947 3760 sint,

538 3799 641 3888 prout
672 3790 718 3864 ad
748 3811 867 3864 eornm
898 3793 1087 3886 quemlibet
1116 3793 1283 3889 pertinet,
1317 3803 1578 3887 consummata,
1611 3793 1830 3869 decernimus
1855 3803 1894 3866 ut
1920 3794 1949 3866 si

539 3914 681 4010 quidem
698 3927 813 4012 partes
831 3917 1004 4011 supersint
1023 3919 1079 3990 vel
1106 3917 1258 4012 ipsarum
1275 3917 1421 3992 heredes
1445 3941 1593 4014 quarum
1613 3929 1735 4010 rogatu
1755 3927 1951 3992 contractus

540 4041 661 4114 iterum
693 4041 832 4115 valeant
854 4041 1034 4131 celebrari,
1065 4063 1127 4138 per
1150 4045 1372 4139 competentis
1396 4044 1611 4117 coercitionis
1639 4042 1802 4133 modum,
1830 4042 1951 4117 indic-

539 4165 649 4238 tiones
667 4166 875 4269 mulotarum
898 4165 1059 4241 videlicet
1076 4176 1137 4240 aut
1155 4168 1340 4264 pignorum
1360 4169 1554 4264 captiones,
1575 4167 1622 4242 ad
1640 4165 1844 4241 reficiendos
1862 4188 1951 4240 con-

538 4297 667 4362 tractus
691 4310 752 4385 per
773 4291 968 4382 bajulorum
988 4290 1140 4364 officium
1159 4293 1417 4388 compellantur.
1441 4293 1516 4378 Que
1537 4301 1649 4388 parles
1669 4292 1699 4366 si
1720 4294 1807 4364 forte
1828 4291 1951 4364 delue-

538 4413 625 4501 rint,
652 4413 682 4486 si
704 4411 846 4508 quidem
874 4415 1028 4488 notarius
1052 4416 1114 4510 qui
1144 4426 1241 4509 gesta
1266 4417 1504 4511 conscripserit
1529 4416 1661 4508 integre
1681 4415 1769 4500 vite,
1798 4415 1888 4487 lame
1914 4424 1951 4488 et

538 4537 710 4632 opinionis
724 4538 876 4610 extiterit
890 4547 924 4610 et
942 4560 1066 4612 manus
1083 4540 1158 4630 ejus
1176 4541 1237 4634 qui
1258 4539 1423 4615 schedam
1450 4539 1690 4636 conscripserit
1711 4549 1792 4611 nota
1811 4538 1856 4610 sit
1870 4537 1949 4612 aliis

578 4693 621 4778 (a)
641 4695 697 4776 Ap.
713 4697 873 4761 Curmnnm
887 4701 1053 4782 constituti,
1066 4704 1165 4764 minus
1178 4709 1265 4768 reete.
