4298 5906
511 551 571 616 198
890 555 893 560 ’
956 543 1094 607 Notas
1117 543 1475 612 CONSTITUTIONES

513 683 792 781 generosioribus
808 703 851 756 ac
868 679 1063 774 ditioribus,
1083 689 1186 778 prout
1201 681 1356 756 locorum
1373 681 1527 757 conditio
1543 682 1762 774 ministrabit,
1781 685 1843 780 qui
1855 685 1922 760 sint

514 811 560 885 da
591 807 755 885 demanio
784 815 899 880 nostro
928 813 1075 880 tantum.
1103 805 1168 880 Per
1186 806 1262 881 loca
1278 807 1434 903 quelibet
1457 830 1568 882 unum
1594 809 1832 884 tantummodo
1856 821 1924 886 sta·

514 942 614 1008 tuant
640 941 675 1006 et
700 953 770 1005 non
797 931 929 1026 plnres,
958 929 1047 1004 adeo
1075 937 1114 1002 ut
1138 952 1203 1004 nec
1226 930 1399 1006 societatis
1420 933 1555 1008 occulte
1575 933 1749 1008 velamine
1771 933 1924 1030 predicte

514 1056 736 1152 bajulatiouis
751 1056 904 1130 officium
920 1077 942 1130 a
959 1055 1117 1150 pluribus
1135 1055 1365 1130 administrari
1382 1057 1591 1154 permittant.
1608 1059 1665 1132 llx
1680 1059 1797 1155 parvis
1810 1067 1924 1132 anoem

515 1182 731 1274 civitatibus,
751 1180 834 1254 locis
861 1188 896 1254 et
916 1180 1117 1277 municipiis
1137 1181 1339 1277 inquorum
1362 1182 1510 1279 singulis
1529 1181 1669 1277 bajulus
1687 1206 1797 1274 unus,
1813 1183 1926 1277 judex

516 1316 621 1402 atque
638 1305 791 1380 notarius
806 1327 871 1379 nec
886 1313 967 1404 sunt
983 1305 1168 1389 necessarii
1190 1327 1254 1380 nec
1268 1306 1343 1382 sine
1360 1327 1487 1402 magno
1503 1307 1599 1380 curie
1613 1316 1730 1382 nosue
1743 1307 1927 1404 dispendio

517 1429 650 1504 causari
669 1429 720 1526 (a)
738 1429 892 1519 valeant,
912 1431 1013 1526 plura
1031 1431 1193 1504 volumus
1211 1430 1352 1504 insimul
1371 1429 1579 1524 combinari,
1599 1431 1706 1506 unius
1724 1432 1850 1526 bajuli,
1868 1433 1927 1526 J'u·

517 1553 606 1629 dicis
624 1565 659 1628 et
676 1554 800 1629 notarii
817 1553 884 1650 (l),
901 1554 962 1650 qui
982 1575 1051 1628 non
1077 1555 1148 1627 sint
1173 1554 1218 1629 de
1241 1555 1394 1651 ipsorum
1418 1557 1572 1630 locorum
1593 1557 1710 1652 aliquo
1736 1557 1929 1652 municipes

517 1681 574 1754 vel
601 1680 704 1754 etiam
725 1679 883 1772 oriundi,
901 1679 1142 1772 jurisdictione
1160 1678 1329 1775 regenda3
1353 1690 1393 1752 ut
1414 1688 1529 1754 tamen
1550 1702 1622 1755 non
1640 1679 1685 1755 de
1700 1703 1771 1756 uno
1788 1681 1864 1756 loco
1881 1679 1930 1756 ad

518 1805 625 1878 alium
642 1803 815 1878 advocent
835 1802 1024 1896 litigantes,
1045 1802 1109 1878 sed
1127 1825 1189 1900 per
1209 1803 1305 1879 vices
1320 1813 1356 1878 et
1374 1813 1527 1901 tempora
1546 1805 1583 1878 in
1602 1804 1757 1900 quolibet
1774 1806 1930 1879 locorum

519 1929 673 2026 ipsorum
697 1927 859 2018 sedeant,
883 1936 918 2000 et
934 1927 1081 2020 ibidem,
1102 1937 1206 2024 prout
1225 1949 1408 2004 causamm
1429 1928 1579 2024 qualitas
1601 1941 1637 2004 et
1656 1951 1820 2004 numerus
1840 1951 1930 2002 exe-

519 2054 626 2150 gerit,
647 2060 897 2126 commorantes
921 2053 1118 2150 petentibus
1136 2053 1305 2147 justitiam
1325 2053 1599 2128 subministrent.
1618 2055 1818 2148 bajulorum
1841 2077 1930 2152 pro-

519 2199 635 2251 cessus
653 2198 715 2274 per
731 2177 887 2273 singulas
903 2177 1059 2252 civitates
1074 2187 1110 2251 et
1126 2177 1202 2252 loca
1220 2178 1391 2272 frequenti
1409 2177 1624 2254 discursione
1641 2180 1849 2276 perlustrent
1864 2179 1927 2277 (b);

519 2303 674 2378 delectus
688 2301 840 2399 ipsorum
856 2323 943 2397 quos
961 2303 1124 2398 frequens
1141 2310 1176 2376 et
1190 2301 1340 2398 diligens
1354 2302 1532 2398 inquisitio
1550 2303 1729 2396 revelabit,
1747 2306 1932 2402 suppleant

520 2437 554 2500 et
575 2425 771 2501 emendent.
793 2426 947 2513 Quorum
964 2425 1111 2521 singulis
1124 2425 1281 2520 judicem
1298 2445 1408 2498 unum
1424 2425 1470 2522 (c)
1491 2425 1537 2500 do
1560 2425 1775 2501 fidelioribus
1792 2437 1827 2501 et
1841 2451 1932 2524 pru-

520 2552 734 2627 dentioribus
751 2551 817 2626 loci
836 2551 882 2626 de
903 2551 1025 2624 creatis
1049 2575 1072 2627 a
1095 2552 1196 2626 nobis
1217 2561 1279 2627 aut
1296 2551 1455 2626 creandis
1474 2553 1520 2626 ab
1542 2551 1594 2626 eis
1611 2552 1815 2626 continuum
1840 2551 1933 2645 adji-

520 2677 612 2752 cient
625 2697 845 2768 assessorem,
864 2683 899 2750 et
916 2675 1088 2749 notarium
1103 2698 1212 2750 unum
1229 2686 1385 2751 actorum
1403 2676 1560 2751 similiter
1572 2675 1709 2752 fidelem
1724 2685 1759 2750 et
1774 2685 1928 2762 cautum,

521 2824 568 2878 ex
583 2801 638 2876 bis
655 2801 717 2899 qui
735 2823 757 2875 a
774 2801 873 2874 nobis
889 2799 1130 2875 tabellionatus
1142 2801 1293 2876 officium
1309 2809 1546 2896 susceperunt.
1570 2799 1637 2887 Qui
1655 2799 1707 2898 (d)
1723 2809 1792 2874 tam
1813 2821 1876 2898 pro
1890 2821 1932 2875 se

520 2927 732 3024 porcariam
761 2934 911 3001 nostram
933 2946 1105 3022 expensas
1124 2935 1268 3001 statutas
1291 2927 1462 3024 accipient
1477 2947 1583 3022 quam
1602 2947 1665 3023 pre
1688 2924 1850 3022 predictis
1866 2926 1933 2999 ba·

518 3052 621 3147 julie,
640 3051 818 3146 judicibus
844 3058 949 3146 atque
972 3051 1114 3124 notariis
1140 3071 1202 3146 per
1226 3051 1302 3126 loca
1326 3051 1479 3146 quelibet
1499 3049 1666 3124 ordinatis
1690 3050 1849 3125 ordinata
1867 3047 1934 3122 sti-

521 3177 652 3274 pendia
667 3174 923 3250 ministrabunt.
944 3173 1171 3250 concedimus
1189 3175 1291 3250 etiam
1314 3173 1487 3272 magistris
1509 3173 1704 3250 camerariis
1725 3173 1934 3271 supradictis

522 3301 677 3396 bajulos,
691 3301 829 3395 judices
851 3309 956 3396 atque
978 3300 1129 3374 notarios
1153 3321 1241 3396 quos
1268 3297 1304 3372 in
1322 3319 1392 3373 non
1413 3298 1620 3394 recipiendis
1641 3298 1764 3372 officiis
1790 3297 1933 3372 forsitan

522 3426 717 3502 invenerint
727 3425 930 3522 pertinaces,
945 3424 1147 3520 pignoribus
1162 3423 1272 3522 captis
1283 3423 1341 3498 vel
1361 3445 1423 3520 per
1437 3422 1669 3520 impositiones
1683 3432 1718 3498 et
1732 3421 1933 3496 exactiones

522 3552 688 3626 mulctare
699 3549 757 3650 (e),
771 3558 873 3647 prout
886 3549 1009 3623 melius
1026 3548 1178 3624 viderint
1190 3547 1373 3647 expedire;
1388 3557 1423 3624 et
1438 3548 1579 3623 demum
1596 3548 1626 3622 si
1639 3548 1705 3623 bec
1715 3547 1932 3623 contumacia

522 3677 645 3752 clarior
661 3685 697 3751 ct
716 3675 903 3774 pertinacia
919 3673 1040 3749 durior
1061 3674 1294 3771 predictorum
1317 3675 1490 3770 exegerit,
1515 3695 1578 3772 per
1598 3673 1794 3772 captionem
1810 3695 1931 3772 perso·

520 3824 643 3876 narum
659 3800 707 3876 ad
725 3799 931 3896 presentiam
956 3807 1107 3873 nostram
1134 3799 1235 3873 nobis
1260 3799 1296 3872 in
1322 3819 1429 3893 regno
1453 3797 1684 3889 morantibus,
1707 3797 1861 3895 alioquin
1882 3795 1932 3872 ad

519 3901 700 4022 regionum
715 3923 920 4020 justitiarios
937 3923 1002 3997 sub
1020 3921 1091 3999 lida
1109 3923 1267 3999 custodia
1286 3922 1549 4017 mittendarum,
1568 3925 1662 4022 ipsos
1678 3923 1727 4000 ad
1746 3921 1932 4022 subeunda

562 4075 606 4158 (a)
627 4079 719 4141 ldest
731 4073 859 4159 litiqarc.

563 4183 604 4265 (b)
626 4185 743 4248 Scllloet
754 4185 888 4262 magistrl
901 4182 1063 4246 emeat.

561 4289 600 4372 (c)
621 4291 680 4370 Ap.
694 4289 858 4352 Carmuum
874 4289 1004 4368 ουοωηι
1014 4283 1243 4371 ciopdijadicea
1253 4303 1366 4369 traam
1378 4305 1417 4352 ax
1430 4287 1555 4354 Peccbla
1567 4285 1666 4352 locum
1678 4285 1880 4350 emendarum.

561 4395 603 4476 (oi
623 4399 731 4477 Agitur
743 4397 840 4458 denuo
853 4395 891 4458 da
904 4397 1053 4476 mugram·
1064 4396 1244 4459 mmercrib.
1769 4431 1777 4452 .
1842 4401 1844 4408 ⁴

561 4504 601 4586 (a)
627 4504 663 4566 In
675 4504 766 4610 editis
776 4499 957 4566 maome
963 4546 973 4580 ,
987 4503 1075 4568 mele.
1105 4519 1108 4534 ·

553 4718 591 4792 (l)
608 4717 649 4777 Gi.
662 4733 746 4795 supra
756 4717 974 4778 constitutionem
988 4717 1148 4792 Ocmpotis5
1161 4732 1244 4792 quarn
1256 4715 1324 4776 baec
1334 4733 1404 4779 nera
1416 4716 1549 4791 strictius,
1558 4723 1590 4775 ut
1602 4716 1642 4776 ita
1653 4715 1750 4790 dioem,
1764 4713 1908 4790 repingit.
