4320 5918
249 611 350 675 lumea.
366 611 410 689 7.]
699 609 895 673 HISTORIA
920 609 1219 675 DIPLOMATICA.

302 1171 469 1272 Thomas
487 1171 535 1257 de
552 1169 810 1283 hlontenigro,
827 1171 1060 1284 justiciarius
1075 1173 1316 1282 Principatns
1334 1181 1371 1256 et
1389 1181 1511 1254 terrae
1529 1169 1658 1253 Bane·
1701 1209 1751 1227 ···
1768 1211 1795 1226 ··
1813 1211 1835 1225 ·-

249 1317 447 1412 ventanae‚
468 1305 600 1418 vigore
617 1305 824 1420 imperialis
836 1305 1008 1391 mandati
1022 1306 1131 1418 cujus
1144 1317 1254 1390 tenor
1267 1305 1460 1412 inseritur,
1476 1303 1660 1389 vassallos

249 1437 399 1524 abbatis
422 1441 600 1526 (lanensis
625 1441 666 1524 in
693 1443 816 1528 llooca
838 1441 1042 1549 Pimontis,
1063 1439 1223 1528 Nuceria
1250 1451 1288 1526 et
1313 1439 1568 1552 pertinentiis,
1592 1439 1660 1550 qni

248 1597 326 1656 non
345 1584 475 1658 tenent
491 1573 541 1658 ab
558 1575 800 1688 imperatore,
814 1575 1006 1658 immunes
1019 1601 1043 1659 a
1056 1573 1382 1674 subventionibus
1402 1571 1662 1658 exactionibus

250 1717 289 1790 et
305 1705 471 1790 collectis
493 1708 680 1816 declarat,
699 1708 885 1794 vassallos
902 1733 992 1793 vero
1014 1707 1186 1819 ejusdem
1205 1707 1357 1792 abbatis
1373 1707 1442 1818 qni
1463 1717 1592 1790 tenent
1613 1706 1662 1790 de

250 1839 429 1924 demanio
450 1842 709 1952 imperatoris,
733 1841 940 1928 collaturos
965 1865 1036 1952 pro
1062 1841 1242 1926 facultate
1267 1840 1463 1927 tenimenti
1489 1839 1661 1951 ipsorum

255 1973 473 2060 denunciat.

332 2189 455 2270 (laedit.
470 2191 502 2252 ln
515 2188 631 2252 archiv.
644 2192 772 2250 monast.
788 2187 946 2266 Cavanala,
961 2203 1031 2250 arca
1044 2187 1151 2266 mv,
1165 2195 1200 2250 n·
1215 2196 1264 2262 18,
1283 2203 1322 2250 ox
1335 2185 1470 2268 originali
1485 2201 1663 2268 pergamena

370 2296 467 2358 taoera
479 2297 510 2357 tn
522 2297 658 2375 margine
670 2293 802 2376 dextra.)

299 2485 337 2556 ln
353 2483 494 2558 nomine
508 2483 648 2557 Domini
668 2482 777 2558 eterni
799 2481 987 2556 Salvatoris
1008 2481 1117 2556 nostri
1134 2482 1214 2556 Iesu
1232 2479 1367 2573 Christi,
1385 2501 1477 2554 anno
1493 2479 1664 2556 dominice

252 2609 496 2682 incarnationis
518 2607 699 2682 millesimo
722 2606 960 2682 ducentesimo
976 2607 1150 2682 tricesimo
1173 2615 1309 2701 quarto,
1333 2615 1501 2700 regnante
1524 2604 1664 2678 domino

253 2743 372 2808 nostro
399 2732 591 2825 Friderioo,
615 2733 679 2806 Dei
700 2731 811 2828 gratu
838 2729 1024 2826 magnifico
1049 2733 1279 2804 Romanorum
1303 2731 1507 2826 imperatore
1531 2749 1666 2822 semper

251 2867 422 2950 anguem,
457 2857 641 2931 Ierusalem
666 2865 702 2932 et
736 2855 852 2930 Sicilie
876 2855 1164 2930 excellentissimo
1194 2875 1276 2950 rege
1278 2905 1662 2930 ............

250 2983 435 3056 Ierusalem
452 3005 544 3058 anno
568 3002 680 3075 nono,
699 2982 796 3076 regni
825 3001 909 3056 vero
936 2981 1051 3056 Sicilie
1069 2980 1239 3054 tricesimo
1262 2980 1425 3076 septimo,
1452 2979 1512 3052 die
1532 2977 1665 3052 sabbati

251 3105 511 3200 quintodecimo
524 3105 617 3200 julii,
633 3105 779 3202 septime
797 3104 1009 3198 indictionis,
1025 3103 1121 3200 apud
1139 3106 1356 3194 Surrentum,
1372 3123 1438 3176 nos
1456 3101 1604 3176 Thomas
1622 3099 1667 3173 de

250 3229 478 3322 Montenigrn,
497 3228 658 3324 magister
673 3229 859 3325 imperialis
872 3227 1082 3322 justitiarius
1095 3226 1311 3323 Principatns
1330 3234 1365 3300 et
1383 3235 1472 3300 terre
1486 3227 1667 3300 Beneven-

250 3364 349 3448 tane,
377 3354 527 3450 presenti
549 3355 676 3450 scripto
701 3353 840 3450 proprio
868 3355 1015 3428 fammnr
1040 3373 1103 3426 nos
1126 3375 1148 3427 a
1172 3348 1347 3450 d[omino]
1351 3403 1660 3425 ..........

253 3529 399 3552 .....
424 3479 595 3576 recepisse
615 3478 747 3552 litteras
764 3478 878 3574 sigillo
896 3478 1085 3571 majestatis
1105 3498 1168 3550 sne
1186 3487 1350 3551 consueto
1369 3486 1404 3551 et
1421 3477 1560 3575 proprio
1582 3498 1664 3549 mu·

250 3603 357 3695 nitas3
373 3617 408 3678 et
424 3613 522 3678 erant
536 3625 598 3702 per
610 3605 727 3678 omnia
743 3602 954 3678 continentie
969 3604 1048 3678 talis
1065 3628 1075 3675 ε

298 3727 518 3818 Fredericus,
538 3727 601 3802 Dei
618 3729 729 3824 gratia
743 3729 976 3802 Romanorum
998 3728 1182 3824 imperator
1199 3751 1334 3826 semper
1348 3737 1538 3822 augustus,
1560 3731 1663 3804 Iern-

250 3853 357 3928 salem
373 3863 409 3928 et
425 3854 539 3928 Sicilie
552 3875 631 3944 rex,
651 3853 781 3928 Thome
795 3852 842 3928 de
856 3852 1073 3949 Montenigro
1086 3853 1278 3948 justiciario
1295 3854 1508 3950 Principatns
1523 3862 1558 3928 et
1574 3863 1663 3928 terre

251 3979 494 4054 Beneventano
513 3974 696 4078 s[alutem]
700 4031 1136 4052 ..............
1152 3979 1359 4054 venerahilis
1372 3979 1534 4054 &vensis
1553 3979 1662 4054 abbas

250 4101 363 4178 fidelis
380 4113 494 4180 noster
510 4105 710 4180 transmissa
723 4127 836 4201 nuper
848 4105 943 4178 enne
957 4114 1074 4180 nostre
1085 4107 1332 4200 oonqnestione
1347 4106 1550 4180 monstravit
1566 4103 1661 4201 qnod

249 4247 330 4300 cnm
354 4228 512 4303 homines
526 4229 726 4304 monasterii
742 4230 811 4322 sni,
836 4251 925 4326 quos
943 4238 1037 4304 tenet
1057 4240 1093 4305 at
1111 4230 1263 4328 possidet
1286 4233 1321 4304 in
1341 4230 1583 4324 jurisdictione
1600 4240 1660 4303 tua

249 4359 317 4426 tam
341 4353 378 4426 in
399 4355 511 4429 Rosea
535 4356 732 4430 Boamontis
758 4355 810 4453 (a)
831 4377 937 4452 mam
958 4357 995 4429 in
1019 4357 1166 4431 Nuceria
1190 4365 1226 4431 et
1244 4357 1454 4452 pertinentiis
1484 4357 1655 4453 ipsarum,

249 4495 320 4549 non
338 4485 476 4550 tenemt
478 4531 954 4555 ...............
972 4481 1170 4558 monasterii
1194 4482 1389 4571 memorati,
1409 4503 1474 4558 vos
1497 4503 1558 4557 eos
1577 4502 1657 4554 oum

287 4649 329 4733 (a)
350 4653 386 4716 In
398 4657 589 4734 praecedente
601 4657 867 4738 mandato(smah
881 4657 1362 4740 marmaritanorum.
1383 4659 1430 4725 ct.
1447 4674 1537 4740 snpra
1550 4679 1582 4740 p.
1598 4670 1655 4723 42⁷

248 4763 278 4819 el
291 4767 360 4823 ⁴28.
