4308 5910
469 582 511 642 80
1004 581 1359 647 cousuluerlottus

470 715 631 791 dedimus
643 716 681 787 in
695 712 867 788 mandatis
877 726 917 788 nt
928 715 974 790 de
988 715 1044 791 bis
1054 721 1250 815 specialiter
1263 719 1426 818 specialia
1443 728 1521 794 ueta
1538 721 1704 816 prescribi
1722 721 1825 796 iaciat
1839 723 1888 814 (o)

470 841 600 937 quibus
631 839 852 913 bannitornm
882 841 938 914 vel
967 842 1253 936 loq'ndicatornm
1280 843 1357 944 [vel
1380 843 1642 940 quomodolibet
1670 842 1886 942 notatorum]

471 964 612 1038 nomina
629 968 684 1055 [et
701 985 821 1037 eorum
839 963 943 1037 etiam
960 963 1068 1060 lilios,
1090 970 1139 1059 si]
1154 991 1244 1064 quos
1259 991 1321 1066 per
1338 967 1597 1062 inquisitionem
1611 990 1631 1041 a
1648 990 1687 1042 se
1699 969 1756 1042 vel
1770 970 1887 1062 ajus-

471 1089 603 1163 tioiario
621 1089 745 1161 iactam
768 1109 845 1160 reos
861 1098 922 1160 aut
943 1101 1122 1186 suspectos
1139 1093 1332 1184 invenerit,
1359 1091 1464 1165 scribi
1493 1092 1598 1164 faeiat
1624 1101 1660 1165 et
1689 1092 1725 1164 in
1744 1092 1886 1166 arobivo

470 1223 586 1286 nostre
604 1212 698 1286 curio
711 1210 857 1285 fideliter
876 1213 1059 1306 custodiri3
1086 1227 1125 1288 nt
1142 1217 1279 1312 quoties
1293 1216 1339 1291 de
1355 1216 1504 1308 alicujus
1520 1217 1632 1307 lama,
1651 1215 1708 1289 vel
1723 1215 1886 1312 exigente

465 1336 590 1432 judicii
615 1337 757 1432 strepitu
779 1337 834 1410 vel
858 1337 1067 1434 conscientia
1096 1341 1290 1416 serenitatis
1317 1349 1432 1414 nostre
1458 1349 1645 1435 querente,
1669 1339 1774 1413 inerit
1801 1341 1886 1413 forte

468 1471 671 1552 tractatum,
697 1469 862 1534 nontam
888 1483 950 1558 per
974 1463 1193 1559 probationes
1210 1467 1422 1539 extrinsecas
1438 1486 1508 1560 qne
1533 1485 1664 1536 moram
1683 1463 1826 1557 judiciis
1851 1477 1886 1538 et

470 1583 706 1659 difficultatem
726 1584 917 1676 inducunt,
936 1608 1041 1680 qoam
1060 1610 1122 1684 per
1139 1598 1362 1664 monumenta
1375 1589 1516 1686 publica
1532 1589 1629 1661 curie
1646 1597 1762 1661 nostre
1776 1597 1810 1660 et
1824 1609 1885 1660 or·

470 1710 666 1782 dinatorum
701 1719 894 1782 nostrorum
922 1708 993 1784 fide
1023 1710 1154 1786 firmate
1185 1713 1343 1810 probatio
1374 1714 1500 1787 efficax
1531 1725 1565 1787 et
1594 1711 1749 1786 dilucida
1778 1711 1884 1808 possit

470 1857 611 1908 assumi.

974 2086 1172 2161 arnonus
1197 2089 1260 2160 ur.
1287 2118 1310 2174 ς
1334 2087 1348 2184 (
1374 2086 1403 2184 ).

843 2263 891 2335 Dc
909 2265 987 2354 fisco
1009 2267 1198 2338 succedente
1222 2265 1433 2360 [orjodteotis
1452 2261 1514 2360 (b).

1018 2465 1109 2514 rnuu
1135 2466 1336 2516 ruonsnns.

518 2615 814 2710 ForJ'ndioatorum
826 2617 918 2690 bona
936 2619 1043 2692 veluti
1061 2619 1317 2711 damnatorum,
1333 2621 1363 2692 si
1379 2621 1508 2695 liberos
1521 2621 1576 2693 vel
1594 2625 1751 2714 parentes
1768 2637 1880 2711 usqne

468 2742 514 2817 ad
533 2743 671 2816 tertium
689 2741 837 2834 gradum
859 2763 928 2814 non
946 2742 1117 2837 habeant,
1138 2744 1213 2818 fisci
1234 2745 1341 2818 nostri
1362 2743 1553 2818 commodis
1572 2745 1735 2816 volumus
1751 2740 1880 2814 vendi-

468 2866 559 2950 cari,
584 2867 653 2939 nisi
670 2865 775 2940 leuda
793 2866 861 2938 sint
885 2865 966 2939 liliis
981 2889 1029 2942 ex
1045 2870 1267 2944 concessione
1289 2880 1405 2943 nostra
1422 2870 1476 2942 vel
1496 2869 1564 2942 alio
1581 2870 1675 2962 justo
1698 2867 1798 2939 titulo
1819 2886 1881 2938 ac-

468 2991 615 3088 quisito,
636 2991 672 3064 in
690 2990 818 3086 quibus
834 2992 1061 3066 ascendentes
1078 3002 1113 3067 et
1129 2993 1229 3068 libori
1248 3015 1319 3068 non
1334 2993 1539 3068 succedunt.
1561 2993 1598 3066 Si
1615 3002 1733 3067 comm
1754 2993 1881 3066 liberos

468 3125 548 3189 ante
565 3116 733 3206 [bannum
744 3114 877 3189 editum
893 3120 968 3206 ant]
983 3115 1280 3209 forjudicationcm
1295 3117 1456 3190 emissam
1467 3118 1522 3190 vel
1531 3118 1606 3210 jam
1621 3123 1720 3188 natos
1731 3113 1881 3188 babeant

467 3241 523 3314 vel
536 3249 736 3336 conceptos,
750 3261 898 3336 persone
915 3241 1111 3334 iorindioati
1127 3241 1245 3315 liberis
1261 3251 1507 3316 connumerato
1523 3263 1586 3338 pm
1601 3251 1675 3314 rata
1688 3249 1723 3313 et
1737 3259 1880 3312 onmem

468 3363 669 3456 liberorum,
691 3363 738 3438 ud
754 3364 846 3438 bona
864 3364 940 3461 ipsa
962 3363 1084 3437 fiscum
1104 3378 1259 3439 nostrum
1273 3367 1435 3440 volumus
1448 3364 1632 3456 advocas,
1654 3364 1700 3436 ite
1720 3361 1881 3437 videlicet

365 3559 367 3562 .
468 3488 563 3584 quod
592 3490 622 3562 si
648 3489 792 3563 unicum
819 3487 930 3562 filium
956 3499 1089 3562 tantum
1118 3490 1261 3581 babent,
1289 3490 1381 3564 bona
1408 3489 1563 3587 predicta
1588 3489 1676 3561 inter
1698 3486 1822 3562 fiscum
1846 3499 1881 3561 ct

467 3615 581 3708 ipsum
595 3635 659 3710 pro
678 3613 862 3708 equalibus
876 3613 1091 3708 portionibus
1104 3613 1307 3688 dividuntur
1325 3641 1335 3686 ε
1352 3615 1382 3687 si
1398 3625 1513 3688 antem
1529 3613 1618 3688 dnos
1636 3611 1725 3686 filios
1743 3611 1878 3692 babeat,

467 3735 572 3810 [iscus
590 3746 705 3810 noster
728 3737 765 3808 in
789 3737 887 3810 tertia
910 3736 1124 3830 admittatur,
1149 3739 1257 3812 etsie
1282 3760 1346 3835 per
1369 3759 1602 3833 consequens,
1623 3737 1653 3810 si
1672 3738 1788 3833 plures
1812 3737 1880 3806 sint

467 3858 537 3934 libe
558 3861 581 3951 '·,
606 3861 727 3934 eudem
755 3881 901 3934 censura
917 3869 1093 3955 servotum
1110 3863 1275 3937 electione
1291 3872 1405 3936 nostre
1424 3865 1520 3936 curie
1545 3873 1736 3954 reservata,
1763 3870 1877 3932 utrum

467 3883 783 4197 pbbonornm
801 3986 956 4081 ipsorum
977 3985 1105 4061 habore
1120 3987 1266 4061 uoluerit
1285 3987 1341 4062 vel
1359 3987 1609 4060 estimationem
1629 3985 1740 4083 ipsius
1757 3985 1875 4081 partis,

467 4101 537 4208 εἰῇ
577 4109 680 4182 matio
698 4109 871 4181 offeratur.

510 4297 551 4378 (a)
571 4299 606 4360 ln
620 4299 687 4362 cod.
711 4305 790 4360 4025
805 4319 813 4360 ε
829 4296 971 4379 Speciolio
982 4299 1059 4380 jum
1072 4297 1342 4382 merimuth
1365 4301 1447 4380 qnod
1468 4303 1579 4380 optlmc
1592 4316 1696 4380 gracco
1715 4301 1875 4362 conuenit:

469 4405 542 4466 ldrxci
555 4403 645 4465 δίκαια
657 4403 826 4487 καταγράψῃ.

510 4539 551 4622 (b)
573 4539 684 4603 Graece
699 4557 707 4602 :
722 4539 765 4600 Dc
777 4537 1214 4623 mecurioncsmp'udimtcnrm.
1230 4541 1304 4605 (lod.
1321 4549 1401 4604 ⁴824
1414 4540 1441 4602 A
1456 4560 1464 4602 r
1477 4541 1520 4603 Dc
1533 4527 1876 4624 bonbsorjudioctorum.
