4360 5908
263 565 424 650 ianime]
711 561 910 628 HISTORIA
936 565 1232 632 otetouorlcn.
1618 569 1678 633 33¹1

264 703 447 802 possideri.
466 703 581 790 Quare
592 701 764 774 universis
775 711 810 776 et
824 702 971 797 singulis
987 703 1053 776 sub
1063 705 1206 778 obtentu
1222 705 1331 800 gratie
1344 713 1459 778 nostre
1470 706 1678 781 mandamus

263 837 435 924 quatenus
448 828 564 900 nullus
582 827 627 900 sit
637 827 699 923 qui
716 849 821 923 super
834 829 1039 902 executione
1055 829 1139 902 dicti
1153 829 1309 903 mandeti
1321 830 1428 903 nostri
1449 830 1562 904 eidem
1578 832 1677 926 prin-

263 953 333 1050 cipi
357 962 474 1026 nostro
498 952 706 1025 contrarium
730 973 769 1025 se
791 962 959 1048 opponat,
978 953 1042 1026 sed
1065 953 1111 1026 ad
1134 953 1355 1028 diruitionem
1380 955 1536 1048 ejusdem
1554 955 1679 1030 domus

262 1099 383 1152 omnes
400 1097 490 1172 quos
505 1075 635 1150 exinde
652 1075 847 1170 requisierit
864 1077 931 1149 sibi
948 1079 1128 1152 commode
1146 1078 1312 1152 assistetis
1329 1079 1400 1173 (t);
1418 1079 1537 1152 scituri
1560 1098 1680 1154 omnes

261 1203 358 1298 qnod
367 1203 581 1298 quicumque
595 1201 747 1297 presenti
762 1201 927 1275 mandato
938 1212 1055 1276 nostro
1068 1203 1315 1300 presumpserit
1328 1204 1508 1293 contraire,
1521 1204 1681 1299 indigna·

261 1327 389 1400 tionem
415 1337 567 1400 nostram
595 1347 634 1399 se
657 1326 792 1400 noverit
814 1327 1009 1401 incurrisse.
1035 1327 1091 1401 Ad
1114 1330 1216 1422 cujus
1237 1329 1289 1402 rei
1313 1329 1513 1402 memoriam
1539 1351 1681 1426 presens

260 1452 427 1548 scriptum
444 1451 592 1526 fecimus
608 1450 720 1546 sigillo
738 1471 802 1524 noe
881 1451 1088 1530 telsitudinis
1102 1452 1267 1526 roborari.

309 1579 421 1671 Hujus
444 1577 495 1651 rei
518 1585 622 1650 testes
641 1584 720 1648 suut
738 1602 747 1646 :
766 1576 807 1648 B.
826 1576 1018 1672 patriarcha
1034 1576 1293 1673 Aquilegensis‚
1311 1577 1353 1650 Ε.
1374 1577 1631 1670 salzburgensis
1643 1589 1679 1652 et

260 1701 305 1774 A.
323 1701 632 1797 Magdebnrgensis
648 1700 911 1797 archiepiscopi,
923 1703 964 1774 Ε.
976 1701 1285 1796 ossenburgensis,
1295 1703 1598 1798 S.Ratisponensis
1612 1703 1678 1776 im-

260 1827 399 1924 perietis
413 1828 492 1900 aule
506 1827 730 1900 cancellarius
741 1835 777 1900 et
849 1825 1103 1922 Herhipolensis
1114 1827 1280 1923 episcopi,
1294 1829 1422 1900 electus
1434 1827 1675 1921 Frisingensis,

259 1951 304 2024 A.
326 1952 402 2026 dux
419 1951 589 2043 saxonie,
611 1952 654 2025 Ο.
675 1949 754 2024 dux
778 1951 946 2044 Menenio,
973 1953 1013 2024 B.
1040 1953 1116 2026 dux
1132 1951 1325 2041 Kerinthie‚
1348 1973 1465 2026 comes
1486 1956 1529 2026 H.
1551 1953 1596 2027 de
1611 1955 1675 2028 Ore

260 2075 432 2171 temberg,
462 2097 579 2150 comcs
600 2075 750 2150 Adolius
767 2074 813 2149 de
830 2076 1073 2172 Sochenburg,
1089 2075 1300 2150 Wernherus
1317 2075 1363 2150 de
1376 2075 1594 2173 Boutanden,
1620 2080 1675 2154 Si·

260 2199 371 2274 tridus
386 2199 438 2298 (a)
453 2209 489 2274 et
505 2199 687 2274 Conredns
700 2200 746 2274 de
760 2199 953 2294 Hoeuloch‚
972 2209 1007 2273 et
1023 2201 1081 2275 ulii
1096 2203 1334 2298 quamplures.

307 2327 433 2400 Datum
452 2325 547 2421 apud
561 2325 703 2398 Utinum
722 2325 758 2396 in
775 2325 862 2398 Fom
878 2324 976 2416 Iulii,
996 2345 1087 2399 anuo
1104 2324 1277 2400 dominico
1290 2325 1537 2400 incametiouis
1559 2326 1672 2402 mille·

259 2449 593 2545 simocc.xxx.11,
613 2471 732 2525 mense
745 2451 844 2545 maii,
862 2451 984 2548 quinte
995 2450 1206 2526 indictionis.

311 3039 548 3153 Fridericus,
568 3041 829 3128 Romanorum
846 3041 1064 3156 imperator,
1086 3053 1325 3130 contractum
1350 3045 1450 3134 iuter
1476 3051 1673 3163 archiepi-
1696 3080 1878 3186 tenentque.

259 3201 417 3285 scopum
435 3175 753 3290 salzburgensem
778 3187 817 3262 et
842 3177 1061 3263 Heinricum
1083 3179 1262 3264 comitem
1284 3182 1332 3265 de
1351 3183 1605 3296 Ortemburg,
1626 3188 1674 3272 de
1815 3169 1822 3185 ’

256 3310 386 3418 pueris
411 3321 635 3396 mutuorum
658 3311 965 3398 ministerialium
991 3315 1089 3398 inter
1115 3314 1203 3398 illos
1230 3316 1439 3428 aequaliter
1460 3319 1673 3407 dividendis

256 3441 415 3552 initum,
431 3445 645 3530 confirmet.

335 3660 432 3735 (Edit.
454 3662 486 3722 tn
498 3659 629 3723 Menum.
640 3661 732 3738 Boio„
746 3669 820 3724 tom.
835 3663 936 3736 xxx,
949 3681 980 3743 p.
994 3667 1135 3737 rer-198,
1154 3680 1240 3728 num.
1253 3663 1375 3740 DGGX,
1390 3683 1428 3728 ex
1441 3670 1577 3748 origtuutt
1589 3671 1669 3734 uude

375 3767 506 3846 sigillum
519 3769 655 3830 illaesum
667 3770 811 3848 appendet
823 3770 932 3832 exiliis
945 3773 1044 3832 sericis
1064 3771 1147 3832 rubri
1160 3777 1191 3832 et
1202 3771 1275 3832 ssavi
1293 3773 1410 3836 coloris.
1421 3807 1462 3820 —
1471 3775 1668 3841 Memorutum

374 3891 494 3954 quoque
507 3881 537 3936 et
550 3881 715 3937 extructum
728 3893 777 3955 up.
788 3877 987 3952 Huscmmc,
1004 3872 1164 3940 decidito
1175 3877 1224 3939 der
1235 3879 1346 3940 Hasce
1361 3879 1545 3966 Orteoburq„
1557 3901 1589 3962 p.
1600 3890 1665 3962 86.)

302 4033 498 4109 Fridericus
509 4036 571 4110 Dei
582 4037 691 4132 gratia
699 4037 930 4112 Romanorum
943 4039 1125 4135 imperator
1135 4064 1270 4139 semper
1282 4053 1464 4140 augustus,
1474 4047 1493 4120 Ι
1493 4048 1664 4122 crusalem

295 4211 338 4294 (a)
359 4213 426 4290 δίας
443 4215 601 4296 legendum
615 4233 685 4278 vero
701 4215 850 4299 Gotsridm
862 4219 924 4280 stre
943 4215 1123 4299 Godesridur.

290 4505 327 4580 (t)
346 4505 382 4564 At
402 4505 475 4565 cives
500 4508 552 4583 ipsi
578 4507 793 4569 Worrnatieuses
818 4527 878 4570 eum
897 4511 1006 4570 domum
1028 4533 1043 4568 e
1068 4530 1137 4589 quae
1161 4514 1244 4573 fiebat
1265 4516 1445 4591 pulcherrima
1466 4519 1563 4580 domus
1582 4521 1665 4582 totins

251 4607 364 4662 terrae»
379 4605 493 4680 propriis
500 4608 625 4665 monibus
636 4607 741 4667 diruere
752 4609 904 4668 maluerunt
914 4627 949 4668 ne
962 4617 1054 4671 contra
1066 4613 1140 4688 ipsos
1150 4614 1262 4672 munitio
1276 4613 1429 4674 firmissima
1440 4615 1542 4676 toret«
1555 4619 1589 4676 Et
1599 4635 1667 4676 con-

251 4703 363 4760 tremuit
373 4703 469 4762 civitas
479 4721 546 4780 prae
557 4705 636 4765 ruina
649 4707 718 4782 ejus.
732 4728 746 4762 s
759 4707 820 4766 Vid.
831 4725 876 4784 ap.
886 4711 1035 4781 Boxnnxm
1051 4710 1101 4771 loc.
1117 4713 1175 4785 cit,
1190 4711 1293 4773 Annei.
1309 4715 1448 4788 Wormot„
1458 4731 1487 4790 p.
1498 4717 1628 4776 tot-tea.

330 4803 384 4868 IV.
1135 4840 1137 4843 ·
1465 4827 1503 4881 41
