4308 5910
751 571 878 635 lllllllll
905 569 1091 635 steteras
1567 574 1625 634 ltl'l

213 711 315 785 lionis
329 710 392 806 qni
411 709 544 782 mterslt
559 709 627 804 ipsi
644 705 821 805 deposito,
847 729 917 780 non
941 707 1002 802 qui
1029 706 1186 798 jussione
1206 703 1337 798 judicis
1358 707 1622 782 instrumentum

215 835 337 908 iecisse
350 832 514 925 sedicet,
531 831 679 906 ettrinm
691 832 853 924 judicum
866 833 902 904 in
918 831 1132 927 depositione
1146 831 1357 928 presentium
1372 830 1622 928 subscriptione

214 960 408 1052 signatum3
428 958 486 1031 vel
503 957 533 1030 si
549 979 641 1030 unns
654 955 768 1050 judex
783 965 916 1030 tantum
932 957 1083 1046 intersit,
1103 956 1207 1030 simul
1225 977 1304 1028 cnm
1321 975 1364 1026 eo
1381 953 1509 1050 debent
1519 957 1623 1032 inter·

216 1103 291 1154 esse
307 1091 376 1154 tres
394 1087 517 1174 testes,
537 1080 599 1176 qui
618 1080 811 1175 specialiter
828 1101 899 1153 una
916 1101 994 1152 cnm
1019 1079 1140 1171 Jndioe
1155 1091 1189 1153 et
1207 1078 1388 1152 tabellione
1405 1077 1566 1174 predictis
1589 1102 1626 1154 ss

219 1207 253 1278 in
272 1207 497 1279 instrumento
516 1203 746 1278 subscribant.

632 1503 836 1577 TITULUS
868 1504 1017 1576 XXXV.
1039 1505 1102 1574 ΛΕ
1122 1499 1211 1598 (35).

329 1684 377 1754 De
391 1684 633 1775 probationibus
651 1693 683 1754 ct
702 1684 837 1754 testibus
851 1693 928 1754 cate
944 1683 1035 1754 litem
1053 1691 1267 1754 contestatam
1283 1679 1515 1774 producendis.

762 1869 852 1917 ΙΒΕΙ
884 1869 1080 1918 accustus·

266 2009 509 2083 Probationnm
530 2008 690 2081 cursibus
709 2010 919 2104 competenti
936 2009 1092 2083 remedio
1106 2019 1364 2102 succurrentes,
1385 2010 1624 2106 permittimus,

221 2137 277 2208 lite
294 2135 397 2208 etiam
418 2133 573 2208 nondum
591 2133 627 2205 in
643 2133 778 2226 jndicio
796 2143 996 2225 contestata,
1007 2143 1108 2208 testes
1124 2133 1392 2208 ualetudinarios
1407 2143 1442 2208 et
1454 2156 1565 2228 senes,
1582 2135 1627 2209 de

221 2281 366 2354 quornm
385 2259 544 2356 proxima
562 2267 671 2332 morte
687 2259 802 2332 lutura
817 2259 968 2351 timetur,
986 2259 1041 2332 vel
1060 2280 1120 2332 eos
1133 2259 1179 2334 de
1193 2281 1340 2354 qnorum
1354 2259 1628 2358 peregrinatione

220 2395 253 2455 et
269 2385 371 2479 longa
389 2383 545 2456 absentia
560 2381 749 2474 dubitatur,
767 2383 813 2458 ab
831 2404 873 2456 eo
886 2383 947 2478 qui
961 2383 1028 2454 sibi
1043 2405 1104 2478 per
1121 2379 1352 2478 depositiones
1369 2363 1488 2456 eorum
1505 2406 1629 2458 cavere

222 2507 392 2582 desiderat
410 2529 512 2602 posse
529 2507 698 2603 produci3
719 2518 877 2604 presente
894 2517 1008 2581 tamen
1026 2529 1068 2581 eo
1086 2508 1147 2602 qui
1164 2505 1384 2582 adversarius
1401 2511 1538 2584 laturus
1550 2533 1628 2606 spe·

221 2641 326 2721 ratur,
344 2631 374 2704 si
391 2632 470 2723 ejus
486 2630 657 2728 presentia
681 2631 780 2704 facile
796 2631 847 2727 (a)
866 2631 973 2727 possit
995 2631 1136 2720 haberi;
1157 2633 1213 2705 vel
1237 2654 1279 2706 eo
1300 2653 1338 2706 se
1361 2654 1422 2729 per
1443 2645 1628 2708 contuma-

221 2755 308 2828 ciam
322 2755 541 2847 absentante,
566 2755 661 2830 omni
677 2757 758 2848 jure
779 2756 812 2829 ei
833 2756 895 2852 qni
914 2778 1055 2852 presens
1074 2779 1143 2831 non
1163 2757 1267 2830 inerit
1280 2767 1399 2833 contra
1416 2781 1579 2856 personas
1593 2772 1627 2834 et

222 2878 311 2952 dicta
323 2878 569 2976 producturam
583 2880 722 2954 testium
734 2890 921 2955 reservato.
937 2881 1089 2967 Quarum
1102 2880 1356 2978 depositionum
1368 2884 1523 2978 vigorem
1538 2885 1628 2959 intra

222 3025 348 3076 annum
370 3011 502 3076 tantum
522 3005 637 3078 valere
656 3004 871 3100 disponimus
888 3015 922 3078 et
942 3027 1011 3078 non
1029 3007 1119 3078 ultra
1134 3027 1264 3080 annnm
1279 3008 1438 3103 extendi,
1462 3032 1541 3082 cnm
1559 3009 1627 3083 litis

222 3129 418 3200 contestatio
435 3148 505 3201 non
524 3127 767 3230 intercesserit,
789 3151 853 3203 nec
870 3151 1013 3226 presens
1037 3130 1140 3204 luerit
1154 3131 1391 3228 adversarius,
1419 3135 1474 3208 vel
1496 3133 1627 3209 absenti

223 3251 307 3346 parti
325 3250 528 3325 denunciari
546 3254 698 3349 potnerit
713 3265 753 3326 ut
769 3256 954 3351 receptioni
972 3255 1109 3329 testium
1126 3258 1315 3332 interesset.

628 3564 829 3638 arnonus
861 3567 1029 3640 xxxvl.
1050 3570 1105 3654 Λς
1127 3565 1218 3665 (ns).

498 3712 592 3802 Quae
607 3716 813 3810 probationes
830 3718 864 3788 in
881 3719 992 3792 nouato
1009 3719 1151 3814 bonapii
1164 3721 1354 3814 comantur.

763 3892 855 3940 rnnn
881 3893 1079 3943 nucusrus.

266 4013 512 4088 Pmbationum
528 4017 701 4091 delectum
716 4019 751 4090 in
764 4021 879 4092 causis
892 4044 979 4116 quas
991 4043 1096 4119 snper
1107 4022 1275 4117 homagiis
1284 4043 1422 4097 movere
1433 4024 1626 4118 contigerit,

223 4139 424 4233 competenti
450 4140 642 4216 munimine
666 4143 863 4234 fulcientes,
885 4147 1068 4220 statuimus
1091 4148 1122 4220 si
1147 4147 1288 4242 qnando
1312 4148 1438 4244 aliquis
1462 4148 1565 4222 inerit
1582 4148 1627 4221 ab

223 4258 336 4354 aliquo
359 4261 405 4336 de
430 4262 592 4358 homagio
609 4265 808 4363 impetitus,
825 4269 901 4365 ipse
918 4279 1033 4342 autem
1054 4271 1229 4345 hominem
1252 4283 1405 4346 nostrum
1430 4272 1627 4347 immediate

224 4403 258 4454 se
274 4405 351 4458 esse
365 4389 569 4479 contendat;
591 4389 764 4486 siquidem
780 4415 842 4488 per
858 4395 1039 4489 privilegia
1056 4395 1336 4492 predecessomm
1354 4407 1548 4472 nostrornm
1567 4408 1627 4470 aut

224 4517 333 4582 nostra
362 4513 417 4584 vel
447 4513 514 4586 alia
537 4515 691 4605 legitima
722 4529 757 4590 et
782 4519 978 4591 authentica
1001 4520 1226 4596 instrumente
1248 4523 1324 4598 sire
1346 4544 1408 4620 per
1433 4531 1535 4597 testes
1557 4521 1625 4596 fide

264 4711 302 4788 (a)
323 4713 526 4796 Allnssacilis,
544 4721 607 4781 slve
621 4718 757 4800 desarill.
774 4725 884 4785 Graece
898 4723 1054 4801 ἀκινδύνως,
1070 4728 1131 4788 cine
1138 4726 1277 4806 periculo.
