4320 5918
552 540 612 604 538
1052 543 1266 606 lhtblttttcl
1289 541 1462 606 sncttrtbt
1777 541 1859 623 [dn.
1876 542 1966 608 12³5.

553 679 697 752 fratrum
714 687 907 754 vestrorum
920 702 1040 778 paoem
1053 689 1089 756 et
1099 681 1265 756 honorem
1275 676 1675 778 respiciutoeelesiuslioe
1685 676 1866 752 libertatis.
1879 679 1965 752 Nam

553 803 602 896 si,
621 803 718 900 qnod
733 804 841 899 absit,
867 807 965 882 aliter
983 817 1184 904 sequeretur
1203 816 1240 881 et
1260 815 1411 880 vostram
1427 803 1559 881 exinde
1577 824 1649 879 non
1671 803 1964 902 prosaqneromini

553 929 785 1016 voluntatem,
805 944 888 1004 tuno
906 941 1144 1029 reputaremus
1165 929 1424 1006 inoommodum
1439 930 1667 1026 geminatum.
1685 927 1776 1014 Quia
1794 948 1880 1002 uno
1897 928 1964 1002 de·

552 1054 742 1129 sensionem
763 1057 916 1130 iloelesia
938 1056 1162 1133 sollicitudini
1188 1067 1305 1132 noshe
1334 1057 1467 1154 placuit
1484 1054 1714 1147 oommisisse,
1749 1053 1964 1152 nomimis

551 1187 666 1253 vestre
682 1179 897 1276 providentie
918 1204 960 1255 ae
985 1184 1129 1256 fratrum
1149 1182 1318 1258 duximus
1341 1180 1628 1256 summittendum
1647 1179 1744 1276 qnod
1768 1179 1799 1253 si
1823 1201 1895 1276 pax
1915 1179 1962 1253 ud

551 1303 715 1378 honorem
728 1313 763 1378 et
781 1305 1024 1381 exaltationem
1040 1307 1194 1382 Euelesie
1208 1305 1422 1404 provenerit,
1449 1315 1488 1379 nt
1501 1314 1658 1402 optatur,
1680 1302 1777 1400 qnod
1792 1303 1830 1376 in
1852 1303 1961 1376 oonlis

551 1429 675 1502 vestris
687 1429 819 1524 gratius
833 1431 937 1504 luerit
955 1431 1089 1506 laeiutis
1105 1431 1175 1530 (l).
1189 1433 1336 1530 Neopto
1352 1453 1396 1508 eo
1408 1429 1505 1527 qnod
1519 1429 1704 1504 nemitos
1719 1427 1767 1503 ud
1778 1428 1960 1502 remotiora

552 1563 718 1651 provocat
740 1553 804 1628 iter
830 1565 1004 1649 nostrum,
1033 1557 1203 1630 inclinetis
1225 1555 1272 1632 ud
1296 1577 1418 1654 paoem
1443 1554 1600 1629 inutilem
1631 1553 1747 1626 minus
1772 1551 1959 1627 honorilioe

550 1687 666 1750 motus
680 1687 833 1772 vastros3
855 1701 919 1776 pro
937 1679 1035 1754 firmo
1050 1691 1207 1777 gerentes
1223 1681 1339 1776 qnod,
1359 1680 1424 1754 etsi
1441 1701 1463 1754 u
1480 1687 1639 1776 presente
1658 1677 1781 1752 itinere
1794 1675 1959 1752 desistere

547 1823 620 1877 non
633 1803 821 1899 possimus,
846 1805 1144 1904 nihilominusper
1156 1805 1405 1882 exhibitionem
1421 1803 1537 1902 operis
1545 1802 1768 1878 ostendemus
1780 1800 1878 1898 quod
1888 1821 1956 1876 non

549 1927 762 2003 dimittamus
779 1929 967 2003 Ecclesiam
981 1931 1197 2006 indefensam
1213 1979 1954 2004 ...................

548 2049 744 2151 [Concludit
759 2053 925 2128 nuntinns
940 2055 1143 2150 magistrum
1161 2055 1286 2130 domns
1303 2054 1592 2130 Theutonieurum
1607 2051 1655 2128 ud
1665 2051 1792 2127 Sedem
1804 2050 1955 2148 Aposto-

546 2177 647 2251 lioum
664 2199 686 2251 a
705 2199 744 2251 se
758 2178 912 2252 Paschali
930 2189 1085 2276 ternpore
1102 2180 1325 2272 mittendum,
1353 2178 1411 2253 eui
1428 2179 1514 2254 velit
1532 2199 1624 2276 papa
1639 2175 1745 2253 lidum
1758 2171 1954 2274 adhihere]

594 2303 719 2375 ilatum
737 2301 861 2398 Fugio,
879 2303 1005 2379 XXVII
1019 2304 1153 2398 martii,
1174 2303 1363 2380 indietione
1376 2303 1463 2378 Vlll.

427 2941 492 2986 m,
593 2867 721 2952 Mense
738 2867 849 2979 aprili
867 2868 1072 2980 imperator
1096 2869 1199 2979 apud
1220 2869 1419 2954 Preeinum
1436 2868 1578 2982 pesnha
1595 2867 1748 2954 Domini
1765 2868 1947 2978 celebret,

395 2994 408 3026 ¹
474 3015 480 3030 ·
539 3013 577 3087 et
594 3011 867 3112 consequenter
883 3015 970 3112 post
990 3003 1131 3114 pnsohn
1157 3005 1228 3088 iter
1255 3005 1414 3116 arripnit
1439 3005 1480 3087 in
1508 3003 1775 3088 Alemanniam
1792 3004 1947 3114 proiec-

540 3147 670 3242 turus,
691 3137 835 3219 dnoens
854 3161 982 3220 secum
1003 3137 1221 3222 Conrudnm
1239 3137 1364 3222 filium
1379 3165 1507 3224 suum.
1530 3141 1653 3238 Quem
1671 3139 1852 3250 magister
1869 3139 1947 3224 do-

539 3297 627 3354 mus
644 3269 961 3354 Theutonieornm
980 3271 1064 3380 ipso
1082 3271 1288 3356 mundante
1312 3273 1517 3384 pmeuessit
1534 3274 1584 3357 ad
1600 3299 1754 3384 papam.
1773 3271 1943 3358 Rreurm.

538 3433 584 3488 nn
601 3405 643 3490 S.
664 3403 854 3516 trusus,
875 3403 1046 3491 Chronic-
1068 3406 1118 3490 ad
1135 3431 1226 3490 ann.

1538 3773 1731 3788 m

357 4055 483 4169 5333
589 4035 795 4149 Gregorius
817 4061 916 4148 pepe
932 4035 1314 4148 regem-Fruneorum
1331 4050 1462 4125 monet
1486 4065 1536 4124 ne
1560 4040 1601 4122 in
1625 4039 1755 4152 ulique
1772 4041 1946 4127 turbetur

533 4170 730 4256 occasione
761 4171 995 4256 matrimonii
1024 4171 1124 4257 inter
1152 4173 1387 4260 Frideriuum
1413 4175 1680 4286 imperatorem
1710 4185 1750 4260 et
1763 4201 1944 4262 sororem

568 4482 606 4558 (l)
622 4483 679 4542 Pax
698 4487 788 4542 autem
808 4499 901 4543 mense
920 4483 999 4559 aprili
1012 4483 1069 4544 sive
1081 4485 1154 4544 maio
1169 4484 1251 4560 hujus
1267 4486 1330 4544 anni
1349 4485 1419 4546 inter
1432 4501 1530 4564 papum
1541 4493 1571 4545 et
1580 4487 1714 4545 Romanos
1732 4486 1878 4546 reformata
1890 4493 1941 4546 est.

530 4579 635 4656 &ptivi
646 4580 758 4640 bomani
770 4581 817 4656 qui
829 4581 899 4656 opud
911 4582 1059 4640 viterbium
1070 4599 1121 4659 per
1131 4599 1231 4659 papam
1243 4583 1402 4644 tenebantur
1410 4583 1515 4644 liberati
1526 4591 1603 4659 sunt,
1616 4585 1669 4644 illis
1680 4583 1799 4644 dimisum
1808 4585 1856 4661 qui
1866 4591 1942 4643 tene·

529 4679 628 4739 buntm
638 4695 655 4739 n
667 4679 801 4740 homenis.
811 4679 888 4738 llroe.
902 4695 939 4740 ns
948 4681 977 4740 S.
987 4681 1092 4756 tisun,
1108 4681 1237 4744 chronio.
1250 4683 1285 4742 ad
1296 4699 1359 4744 unu.
