4288 5912
171 597 273 660 tmrcr.
288 595 334 675 5.]
622 587 819 654 HISTORIA
844 583 1142 650 utrtouautca
1519 580 1580 644 ³⁷5

170 741 227 806 tns
247 729 476 826 Butrigiarins
490 725 533 825 (i)
552 724 619 825 (a),
637 723 823 802 Riccardns
844 723 1071 812 camerarius,
1091 719 1248 794 Andreas
1263 715 1451 814 logotheta,
1470 715 1580 790 etalii

172 1035 184 1176 ἰ
215 1151 793 1176 ...............
821 1095 980 1188 angusti,
998 1091 1185 1166 Jerusalem
1202 1098 1237 1162 et
1249 1087 1363 1161 Sicilie
1376 1085 1481 1182 regis.

219 1224 309 1301 Acta
325 1234 407 1299 snut
426 1223 492 1298 hec
510 1243 603 1298 anno
622 1219 796 1296 dominice
814 1217 1057 1294 incarnationis
1071 1214 1250 1288 millesimo
1268 1209 1505 1287 ducentesimo
1517 1207 1581 1280 tri·
1673 1281 1681 1288 „

174 1349 304 1424 mimo
336 1345 512 1440 secundo,
550 1367 669 1420 mense
694 1345 791 1440 julii,
821 1345 940 1440 quinte
967 1339 1185 1427 indictionis,
1225 1337 1417 1433 imperante
1440 1333 1581 1408 domino
1651 1351 1654 1358 ·

174 1482 293 1547 nostm
305 1471 485 1546 Frederico
501 1465 749 1570 [Romanorum
765 1461 983 1563 imperatore]
1001 1486 1136 1560 sempor
1152 1470 1316 1558 augusto,
1341 1460 1528 1534 terusatem
1546 1464 1582 1530 et

174 1597 291 1671 Sicilie
304 1617 386 1690 rege
400 1595 662 1690 gloriosissimo,
675 1590 810 1688 imperii
821 1591 897 1683 ejus
908 1611 1001 1664 anno
1016 1587 1222 1662 duodecimo
1234 1592 1269 1660 et
1282 1584 1381 1681 regni
1394 1583 1580 1658 Jerusalem

176 1722 341 1823 septimo,
361 1719 460 1816 regni
479 1741 562 1792 vero
577 1718 693 1793 Sicilie
707 1715 879 1790 tricesimo
893 1725 1016 1810 quarto
1034 1711 1114 1808 (lep.
1135 1710 1286 1808 quinto).

217 1839 351 1952 'Datum
364 1842 461 1944 apud
474 1844 630 1934 Meiiam,
649 1863 759 1930 anno,
775 1861 895 1914 mense
910 1847 945 1914 ct
958 1835 1145 1912 indictione
1161 1833 1370 1934 prescriptis.

232 2444 465 2552 FridcricuS‚
485 2445 745 2529 Romanorum
771 2445 992 2556 imperator,
1011 2441 1202 2554 Volquino
1224 2441 1409 2553 magistro
1426 2440 1588 2524 fratrum
1653 2461 1755 2572 tpfflp.

179 2576 338 2660 militiae
356 2577 493 2661 Christi
512 2577 713 2662 confirmat
737 2587 775 2662 ei
799 2578 840 2660 in
863 2603 973 2661 suam
995 2577 1265 2686 protectionem
1283 2575 1414 2685 recipit
1430 2599 1590 2684 posses-

180 2709 308 2793 siones
339 2709 484 2794 ordinis
510 2713 551 2794 in
577 2711 758 2820 Liuonia,
781 2710 971 2818 Lettonia,
999 2709 1130 2816 Ocsel‚
1158 2709 1364 2815 Esthonia‚
1384 2705 1593 2794 Kurlandia

180 2852 218 2926 ct
235 2841 470 2954 Semigallin.

262 3072 435 3148 (Memorat.
457 3089 507 3152 ap.
526 3073 716 3147 Numen,
730 3068 825 3133 leden
845 3069 971 3154 corporis
991 3065 1260 3149 tomo-aptam.
1283 3067 1419 3144 cenete,
1442 3066 1590 3142 Eetionis,

305 3179 439 3255 eumen,
458 3185 530 3254 etc„
553 3185 577 3240 t.
601 3179 629 3254 1,
648 3196 680 3257 p.
700 3187 750 3254 tt,
773 3187 807 3240 n⁸
827 3187 877 3248 4ο,
898 3195 938 3239 ex
958 3180 1079 3257 antium
1091 3179 1226 3240 versione
1238 3178 1389 3256 originnits
1402 3177 1501 3254 latini,
1515 3192 1593 3257 quac

305 3290 388 3345 extat
399 3284 479 3362 apud
493 3283 606 3346 archiv.
621 3283 892 3364 Kocnigshcrgcnse
907 3285 941 3345 in
958 3285 1057 3346 codice
1070 3285 1119 3346 cni
1129 3283 1252 3346 titulus:
1265 3285 1342 3346 «iiic
1354 3291 1423 3364 synt
1435 3281 1481 3344 dic
1495 3285 1592 3366 prici-

305 3386 594 3473 optamusque
605 3387 717 3472 aaa)

232 3593 359 3666 Datum
378 3589 491 3666 Melie
504 3588 570 3688 (h),
591 3611 709 3665 mense
721 3589 823 3684 julio,
844 3611 935 3664 anno
952 3589 1088 3664 Domini
1101 3591 1148 3666 Μ.
1161 3589 1359 3664 cc.xxx11
1376 3589 1391 3687 (
1414 3589 1442 3688 ).

227 3793 273 3878 (a)
293 3797 429 3858 Forsitan
448 3795 494 3858 W.
509 3795 557 3858 uei
569 3795 612 3856 Μ.
628 3791 881 3876 Nurcmicrpcacir
894 3791 1092 3877 hutioelcrius.
1108 3794 1167 3856 Res
1182 3800 1282 3856 tamm
1299 3795 1385 3858 ratde
1402 3793 1511 3875 dubia,
1523 3811 1593 3858 cum

184 3920 296 3966 nomen
308 3906 428 3966 omnino
440 3905 578 3966 medinm
591 3906 640 3964 stt.

228 4002 270 4086 (b)
290 4003 350 4084 Ap.
363 4007 531 4084 Neptersky
543 4002 693 4082 Hebioni,
707 4004 797 4066 mole.

222 4293 259 4369 (4)
273 4292 396 4352 Alterum
405 4295 533 4354 Friderici
544 4296 713 4372 priuilegium
724 4295 759 4354 de
769 4295 863 4354 eodem
873 4311 956 4365 anno,
971 4295 1042 4370 quod
1056 4295 1090 4353 ad
1101 4295 1239 4354 Lironiam
1249 4296 1376 4372 pertinet,
1388 4295 1481 4356 datum
1492 4297 1597 4358 hieiiiae

186 4408 282 4452 mense
295 4393 456 4467 septembri,
471 4395 612 4454 exhibetur
629 4396 656 4452 in
670 4394 739 4452 libro
756 4395 800 4452 cui
812 4393 906 4452 titulus
918 4393 1075 4452 Lim-Beth.
1094 4393 1150 4453 uad
1166 4393 1357 4453 Ouriandiacite
1370 4395 1595 4469 orkuadacbuch,

186 4497 207 4548 t.
221 4491 250 4562 1,
264 4507 294 4564 p.
308 4493 360 4549 tot
374 4490 479 4563 (hercl,
496 4493 586 4568 tata).
603 4493 685 4568 Cujus
700 4493 789 4569 operis
802 4492 926 4551 notitiam
939 4491 1019 4551 nohis
1032 4492 1095 4550 iecit
1107 4492 1260 4568 Stasimus,
1272 4493 1321 4552 sed
1333 4494 1397 4553 iliud
1411 4495 1510 4554 trustra
1525 4493 1596 4569 apud

188 4588 305 4648 Parisios
319 4589 519 4664 requisivimus.
