<?xml version="1.0" encoding="UTF-8"?>
<!DOCTYPE html PUBLIC "-//W3C//DTD XHTML 1.0 Transitional//EN"
    "http://www.w3.org/TR/xhtml1/DTD/xhtml1-transitional.dtd">
<html xmlns="http://www.w3.org/1999/xhtml" xml:lang="en" lang="en">
 <head>
  <title>
</title>
<meta http-equiv="Content-Type" content="text/html;charset=utf-8" />
  <meta name='ocr-system' content='tesseract 3.04.00' />
  <meta name='ocr-capabilities' content='ocr_page ocr_carea ocr_par ocr_line ocrx_word'/>
</head>
<body>
  <div class='ocr_page' id='page_1' title='image "./historiadiploma07fredgoog_0552.png"; bbox 0 0 4320 5918; ppageno 0'>
   <div class='ocr_carea' id='block_1_1' title="bbox 532 573 1945 806">
    <p class='ocr_par' dir='ltr' id='par_1_1' title="bbox 532 573 1945 806">
     <span class='ocr_line' id='line_1_1' title="bbox 532 573 1944 656; baseline 0.006 -24"><span class='ocrx_word' id='word_1_1' title='bbox 532 581 595 642; x_wconf 67' lang='grc'><strong>540</strong></span> <span class='ocrx_word' id='word_1_2' title='bbox 1034 573 1250 635; x_wconf 69' lang='lat' dir='ltr'><strong>nimici</strong></span> <span class='ocrx_word' id='word_1_3' title='bbox 1274 573 1451 636; x_wconf 72' lang='lat' dir='ltr'><strong>sncls&#39;ttt</strong></span> <span class='ocrx_word' id='word_1_4' title='bbox 1756 577 1839 656; x_wconf 73' lang='lat' dir='ltr'><strong>[dn</strong></span> <span class='ocrx_word' id='word_1_5' title='bbox 1860 579 1944 641; x_wconf 70' lang='lat'>1235.</span> 
     </span>
     <span class='ocr_line' id='line_1_2' title="bbox 537 707 1945 806; baseline 0 -20"><span class='ocrx_word' id='word_1_6' title='bbox 537 707 1945 806; x_wconf 60' lang='lat' dir='ltr'><strong>momrlsmnmemgssngtomunqmmm</strong></span> 
     </span>
    </p>
   </div>
   <div class='ocr_carea' id='block_1_2' title="bbox 533 830 1944 1303">
    <p class='ocr_par' dir='ltr' id='par_1_2' title="bbox 533 830 1944 1303">
     <span class='ocr_line' id='line_1_3' title="bbox 536 830 1944 932; baseline -0.001 -23"><span class='ocrx_word' id='word_1_7' title='bbox 536 833 641 909; x_wconf 88' lang='lat' dir='ltr'><strong>sortic</strong></span> <span class='ocrx_word' id='word_1_8' title='bbox 655 833 821 932; x_wconf 79' lang='lat' dir='ltr'><strong>aptiorem</strong></span> <span class='ocrx_word' id='word_1_9' title='bbox 842 833 971 907; x_wconf 82' lang='lat' dir='ltr'><strong>ducere</strong></span> <span class='ocrx_word' id='word_1_10' title='bbox 988 830 1207 905; x_wconf 82' lang='lat' dir='ltr'><strong>deberemus</strong></span> <span class='ocrx_word' id='word_1_11' title='bbox 1230 831 1342 926; x_wconf 87' lang='lat' dir='ltr'><strong>Super</strong></span> <span class='ocrx_word' id='word_1_12' title='bbox 1358 830 1534 926; x_wconf 82' lang='lat' dir='ltr'><strong>quodum</strong></span> <span class='ocrx_word' id='word_1_13' title='bbox 1551 834 1833 930; x_wconf 74' lang='lat' dir='ltr'><strong>propomeimns</strong></span> <span class='ocrx_word' id='word_1_14' title='bbox 1849 835 1944 930; x_wconf 86' lang='lat' dir='ltr'><strong>qnod</strong></span> 
     </span>
     <span class='ocr_line' id='line_1_4' title="bbox 535 953 1944 1054; baseline -0.001 -21"><span class='ocrx_word' id='word_1_15' title='bbox 535 955 1000 1054; x_wconf 71' lang='lat' dir='ltr'><strong>proptcrconIedentionem</strong></span> <span class='ocrx_word' id='word_1_16' title='bbox 1021 957 1192 1027; x_wconf 85' lang='lat' dir='ltr'><strong>internos</strong></span> <span class='ocrx_word' id='word_1_17' title='bbox 1216 963 1339 1027; x_wconf 85' lang='lat' dir='ltr'><strong>ctvos</strong></span> <span class='ocrx_word' id='word_1_18' title='bbox 1361 953 1540 1028; x_wconf 70' lang='lat' dir='ltr'><strong>initam</strong></span> <span class='ocrx_word' id='word_1_19' title='bbox 1568 955 1757 1046; x_wconf 70' lang='lat' dir='ltr'><strong>mnsam,</strong></span> <span class='ocrx_word' id='word_1_20' title='bbox 1784 958 1944 1032; x_wconf 83' lang='lat' dir='ltr'><strong>dubietas</strong></span> 
     </span>
     <span class='ocr_line' id='line_1_5' title="bbox 535 1075 1941 1176; baseline 0.003 -22"><span class='ocrx_word' id='word_1_21' title='bbox 535 1081 692 1156; x_wconf 74' lang='lat' dir='ltr'><strong>inbmcat</strong></span> <span class='ocrx_word' id='word_1_22' title='bbox 711 1103 757 1155; x_wconf 91' lang='lat' dir='ltr'><strong>ne</strong></span> <span class='ocrx_word' id='word_1_23' title='bbox 773 1081 804 1154; x_wconf 87' lang='lat' dir='ltr'><strong>si</strong></span> <span class='ocrx_word' id='word_1_24' title='bbox 819 1082 923 1174; x_wconf 81' lang='lat' dir='ltr'><strong>juxta</strong></span> <span class='ocrx_word' id='word_1_25' title='bbox 939 1075 1240 1176; x_wconf 80' lang='lat' dir='ltr'><strong>providentiamet</strong></span> <span class='ocrx_word' id='word_1_26' title='bbox 1252 1099 1374 1174; x_wconf 83' lang='lat' dir='ltr'><strong>preces</strong></span> <span class='ocrx_word' id='word_1_27' title='bbox 1386 1099 1470 1152; x_wconf 87' lang='lat' dir='ltr'><strong>snas</strong></span> <span class='ocrx_word' id='word_1_28' title='bbox 1483 1078 1941 1174; x_wconf 63' lang='lat' dir='ltr'><strong>promuntunum</strong></span> 
     </span>
     <span class='ocr_line' id='line_1_6' title="bbox 533 1198 1939 1303; baseline -0.001 -22"><span class='ocrx_word' id='word_1_29' title='bbox 533 1207 799 1303; x_wconf 72' lang='lat' dir='ltr'><strong>compleremus,</strong></span> <span class='ocrx_word' id='word_1_30' title='bbox 814 1198 1256 1293; x_wconf 76' lang='lat' dir='ltr'><strong>conualormamejnsdem</strong></span> <span class='ocrx_word' id='word_1_31' title='bbox 1270 1199 1493 1276; x_wconf 69' lang='lat' dir='ltr'><strong>tedesoouls</strong></span> <span class='ocrx_word' id='word_1_32' title='bbox 1507 1204 1723 1298; x_wconf 83' lang='lat' dir='ltr'><strong>contingeret</strong></span> <span class='ocrx_word' id='word_1_33' title='bbox 1734 1207 1939 1292; x_wconf 71' lang='lat' dir='ltr'><strong>necunde,</strong></span> 
     </span>
    </p>
   </div>
   <div class='ocr_carea' id='block_1_3' title="bbox 525 1323 1942 4407">
    <p class='ocr_par' dir='ltr' id='par_1_3' title="bbox 525 1323 1942 4407">
     <span class='ocr_line' id='line_1_7' title="bbox 535 1323 1942 1426; baseline 0.003 -26"><span class='ocrx_word' id='word_1_34' title='bbox 535 1337 697 1424; x_wconf 79' lang='lat' dir='ltr'><strong>rogantes</strong></span> <span class='ocrx_word' id='word_1_35' title='bbox 709 1337 749 1400; x_wconf 90' lang='lat' dir='ltr'><strong>ut</strong></span> <span class='ocrx_word' id='word_1_36' title='bbox 760 1325 985 1402; x_wconf 88' lang='lat' dir='ltr'><strong>sicntboucri</strong></span> <span class='ocrx_word' id='word_1_37' title='bbox 998 1335 1115 1400; x_wconf 90' lang='lat' dir='ltr'><strong>nostro</strong></span> <span class='ocrx_word' id='word_1_38' title='bbox 1130 1323 1270 1400; x_wconf 87' lang='lat' dir='ltr'><strong>cederet</strong></span> <span class='ocrx_word' id='word_1_39' title='bbox 1281 1335 1317 1398; x_wconf 89' lang='lat' dir='ltr'><strong>ct</strong></span> <span class='ocrx_word' id='word_1_40' title='bbox 1331 1325 1544 1422; x_wconf 79' lang='lat' dir='ltr'><strong>provideret,</strong></span> <span class='ocrx_word' id='word_1_41' title='bbox 1566 1327 1644 1424; x_wconf 81' lang='lat' dir='ltr'><strong>ipae</strong></span> <span class='ocrx_word' id='word_1_42' title='bbox 1662 1331 1795 1426; x_wconf 76' lang='lat' dir='ltr'><strong>reoepit</strong></span> <span class='ocrx_word' id='word_1_43' title='bbox 1812 1331 1850 1404; x_wconf 90' lang='lat' dir='ltr'><strong>in</strong></span> <span class='ocrx_word' id='word_1_44' title='bbox 1869 1353 1942 1404; x_wconf 84' lang='grc' dir='ltr'><strong>ιι-</strong></span> 
     </span>
     <span class='ocr_line' id='line_1_8' title="bbox 534 1449 1941 1548; baseline 0 -22"><span class='ocrx_word' id='word_1_45' title='bbox 534 1453 723 1526; x_wconf 72' lang='lat' dir='ltr'><strong>nibnsnnis</strong></span> <span class='ocrx_word' id='word_1_46' title='bbox 738 1451 933 1548; x_wconf 60' lang='lat' dir='ltr'><strong>negotium</strong></span> <span class='ocrx_word' id='word_1_47' title='bbox 954 1450 1142 1525; x_wconf 78' lang='lat' dir='ltr'><strong>exhortans</strong></span> <span class='ocrx_word' id='word_1_48' title='bbox 1160 1459 1197 1524; x_wconf 86' lang='lat' dir='ltr'><strong>st</strong></span> <span class='ocrx_word' id='word_1_49' title='bbox 1214 1449 1336 1524; x_wconf 83' lang='lat' dir='ltr'><strong>dicens</strong></span> <span class='ocrx_word' id='word_1_50' title='bbox 1355 1471 1426 1524; x_wconf 90' lang='lat' dir='ltr'><strong>non</strong></span> <span class='ocrx_word' id='word_1_51' title='bbox 1441 1451 1754 1548; x_wconf 64' lang='lat' dir='ltr'><strong>melpum·</strong></span> <span class='ocrx_word' id='word_1_52' title='bbox 1770 1452 1941 1527; x_wconf 78' lang='lat' dir='ltr'><strong>dubitan-</strong></span> 
     </span>
     <span class='ocr_line' id='line_1_9' title="bbox 531 1574 1938 1674; baseline -0.001 -21"><span class='ocrx_word' id='word_1_53' title='bbox 531 1578 642 1670; x_wconf 73' lang='lat' dir='ltr'><strong>dum,</strong></span> <span class='ocrx_word' id='word_1_54' title='bbox 665 1579 751 1674; x_wconf 89' lang='lat' dir='ltr'><strong>quin</strong></span> <span class='ocrx_word' id='word_1_55' title='bbox 765 1579 881 1674; x_wconf 76' lang='lat' dir='ltr'><strong>pedus</strong></span> <span class='ocrx_word' id='word_1_56' title='bbox 894 1577 933 1651; x_wconf 91' lang='lat' dir='ltr'><strong>id</strong></span> <span class='ocrx_word' id='word_1_57' title='bbox 943 1575 1018 1650; x_wconf 85' lang='lat' dir='ltr'><strong>lieri</strong></span> <span class='ocrx_word' id='word_1_58' title='bbox 1030 1575 1243 1672; x_wconf 76' lang='lat' dir='ltr'><strong>pesusdem</strong></span> <span class='ocrx_word' id='word_1_59' title='bbox 1254 1574 1435 1648; x_wconf 73' lang='lat' dir='ltr'><strong>subintulit</strong></span> <span class='ocrx_word' id='word_1_60' title='bbox 1446 1575 1545 1671; x_wconf 88' lang='lat' dir='ltr'><strong>quod</strong></span> <span class='ocrx_word' id='word_1_61' title='bbox 1560 1577 1719 1670; x_wconf 87' lang='lat' dir='ltr'><strong>ejusdem</strong></span> <span class='ocrx_word' id='word_1_62' title='bbox 1732 1580 1938 1674; x_wconf 84' lang='lat' dir='ltr'><strong>matrimonii</strong></span> 
     </span>
     <span class='ocr_line' id='line_1_10' title="bbox 531 1701 1939 1801; baseline -0.003 -22"><span class='ocrx_word' id='word_1_63' title='bbox 531 1705 819 1801; x_wconf 84' lang='lat' dir='ltr'><strong>complementum</strong></span> <span class='ocrx_word' id='word_1_64' title='bbox 835 1701 993 1777; x_wconf 71' lang='lat' dir='ltr'><strong>emillae</strong></span> <span class='ocrx_word' id='word_1_65' title='bbox 1008 1701 1142 1797; x_wconf 86' lang='lat' dir='ltr'><strong>absquo</strong></span> <span class='ocrx_word' id='word_1_66' title='bbox 1158 1701 1250 1774; x_wconf 83' lang='lat' dir='ltr'><strong>lame</strong></span> <span class='ocrx_word' id='word_1_67' title='bbox 1265 1701 1421 1796; x_wconf 58' lang='lat' dir='ltr'><strong>monio</strong></span> <span class='ocrx_word' id='word_1_68' title='bbox 1441 1709 1478 1774; x_wconf 86' lang='lat' dir='ltr'><strong>et</strong></span> <span class='ocrx_word' id='word_1_69' title='bbox 1489 1713 1606 1775; x_wconf 71' lang='lat' dir='ltr'><strong>nom</strong></span> <span class='ocrx_word' id='word_1_70' title='bbox 1620 1703 1742 1776; x_wconf 80' lang='lat' dir='ltr'><strong>salutis</strong></span> <span class='ocrx_word' id='word_1_71' title='bbox 1758 1703 1939 1798; x_wconf 71' lang='lat' dir='ltr'><strong>dispendio</strong></span> 
     </span>
     <span class='ocr_line' id='line_1_11' title="bbox 531 1823 1938 1924; baseline 0.001 -24"><span class='ocrx_word' id='word_1_72' title='bbox 531 1849 601 1902; x_wconf 93' lang='lat' dir='ltr'><strong>non</strong></span> <span class='ocrx_word' id='word_1_73' title='bbox 617 1847 814 1924; x_wconf 74' lang='lat' dir='ltr'><strong>possemus,</strong></span> <span class='ocrx_word' id='word_1_74' title='bbox 833 1823 987 1898; x_wconf 85' lang='lat' dir='ltr'><strong>maxime</strong></span> <span class='ocrx_word' id='word_1_75' title='bbox 998 1845 1079 1896; x_wconf 90' lang='lat' dir='ltr'><strong>cum</strong></span> <span class='ocrx_word' id='word_1_76' title='bbox 1094 1833 1174 1896; x_wconf 86' lang='lat' dir='ltr'><strong>ante</strong></span> <span class='ocrx_word' id='word_1_77' title='bbox 1188 1845 1328 1898; x_wconf 88' lang='lat' dir='ltr'><strong>omnem</strong></span> <span class='ocrx_word' id='word_1_78' title='bbox 1343 1823 1656 1900; x_wconf 74' lang='lat' dir='ltr'><strong>confederationem</strong></span> <span class='ocrx_word' id='word_1_79' title='bbox 1670 1827 1791 1900; x_wconf 84' lang='lat' dir='ltr'><strong>initam</strong></span> <span class='ocrx_word' id='word_1_80' title='bbox 1804 1826 1938 1901; x_wconf 91' lang='lat' dir='ltr'><strong>dudum</strong></span> 
     </span>
     <span class='ocr_line' id='line_1_12' title="bbox 531 1947 1937 2044; baseline 0 -20"><span class='ocrx_word' id='word_1_81' title='bbox 531 1951 636 2025; x_wconf 84' lang='lat' dir='ltr'><strong>luerit</strong></span> <span class='ocrx_word' id='word_1_82' title='bbox 648 1953 845 2044; x_wconf 85' lang='lat' dir='ltr'><strong>juramento</strong></span> <span class='ocrx_word' id='word_1_83' title='bbox 859 1947 1115 2037; x_wconf 81' lang='lat' dir='ltr'><strong>confirmatum,</strong></span> <span class='ocrx_word' id='word_1_84' title='bbox 1133 1947 1378 2022; x_wconf 85' lang='lat' dir='ltr'><strong>nichilominus</strong></span> <span class='ocrx_word' id='word_1_85' title='bbox 1392 1947 1515 2022; x_wconf 86' lang='lat' dir='ltr'><strong>cedem</strong></span> <span class='ocrx_word' id='word_1_86' title='bbox 1530 1949 1810 2024; x_wconf 77' lang='lat' dir='ltr'><strong>confederatione</strong></span> <span class='ocrx_word' id='word_1_87' title='bbox 1820 1951 1858 2024; x_wconf 91' lang='lat' dir='ltr'><strong>in</strong></span> <span class='ocrx_word' id='word_1_88' title='bbox 1874 1974 1937 2023; x_wconf 90' lang='lat' dir='ltr'><strong>suo</strong></span> 
     </span>
     <span class='ocr_line' id='line_1_13' title="bbox 532 2071 1937 2168; baseline 0 -19"><span class='ocrx_word' id='word_1_89' title='bbox 532 2083 623 2150; x_wconf 85' lang='lat' dir='ltr'><strong>statu</strong></span> <span class='ocrx_word' id='word_1_90' title='bbox 640 2083 676 2146; x_wconf 91' lang='lat' dir='ltr'><strong>ct</strong></span> <span class='ocrx_word' id='word_1_91' title='bbox 691 2073 815 2146; x_wconf 89' lang='lat' dir='ltr'><strong>robore</strong></span> <span class='ocrx_word' id='word_1_92' title='bbox 833 2073 993 2146; x_wconf 80' lang='lat' dir='ltr'><strong>valitura.</strong></span> <span class='ocrx_word' id='word_1_93' title='bbox 1010 2073 1079 2144; x_wconf 90' lang='lat' dir='ltr'><strong>Nos</strong></span> <span class='ocrx_word' id='word_1_94' title='bbox 1092 2071 1197 2166; x_wconf 88' lang='lat' dir='ltr'><strong>igitur</strong></span> <span class='ocrx_word' id='word_1_95' title='bbox 1213 2072 1409 2167; x_wconf 88' lang='lat' dir='ltr'><strong>apostolicis</strong></span> <span class='ocrx_word' id='word_1_96' title='bbox 1426 2073 1588 2168; x_wconf 81' lang='lat' dir='ltr'><strong>precibus</strong></span> <span class='ocrx_word' id='word_1_97' title='bbox 1605 2085 1642 2148; x_wconf 88' lang='lat' dir='ltr'><strong>ct</strong></span> <span class='ocrx_word' id='word_1_98' title='bbox 1657 2075 1799 2148; x_wconf 90' lang='lat' dir='ltr'><strong>monitis</strong></span> <span class='ocrx_word' id='word_1_99' title='bbox 1810 2077 1861 2148; x_wconf 88' lang='lat' dir='ltr'><strong>sic</strong></span> <span class='ocrx_word' id='word_1_100' title='bbox 1877 2077 1937 2148; x_wconf 90' lang='lat' dir='ltr'><strong>iu-</strong></span> 
     </span>
     <span class='ocr_line' id='line_1_14' title="bbox 531 2195 1935 2293; baseline 0 -20"><span class='ocrx_word' id='word_1_101' title='bbox 531 2199 654 2275; x_wconf 92' lang='lat' dir='ltr'><strong>ductos</strong></span> <span class='ocrx_word' id='word_1_102' title='bbox 671 2197 884 2293; x_wconf 81' lang='lat' dir='ltr'><strong>eportantes</strong></span> <span class='ocrx_word' id='word_1_103' title='bbox 901 2217 972 2292; x_wconf 90' lang='lat' dir='ltr'><strong>quo</strong></span> <span class='ocrx_word' id='word_1_104' title='bbox 991 2195 1208 2292; x_wconf 85' lang='lat' dir='ltr'><strong>providentie</strong></span> <span class='ocrx_word' id='word_1_105' title='bbox 1227 2217 1292 2270; x_wconf 88' lang='lat' dir='ltr'><strong>sue</strong></span> <span class='ocrx_word' id='word_1_106' title='bbox 1307 2197 1560 2288; x_wconf 77' lang='lat' dir='ltr'><strong>commisimus,</strong></span> <span class='ocrx_word' id='word_1_107' title='bbox 1581 2200 1737 2291; x_wconf 87' lang='lat' dir='ltr'><strong>juratum</strong></span> <span class='ocrx_word' id='word_1_108' title='bbox 1755 2199 1935 2272; x_wconf 83' lang='lat' dir='ltr'><strong>matrimo-</strong></span> 
     </span>
     <span class='ocr_line' id='line_1_15' title="bbox 531 2319 1932 2416; baseline 0.001 -21"><span class='ocrx_word' id='word_1_109' title='bbox 531 2323 628 2396; x_wconf 90' lang='lat' dir='ltr'><strong>nium</strong></span> <span class='ocrx_word' id='word_1_110' title='bbox 657 2319 786 2394; x_wconf 87' lang='lat' dir='ltr'><strong>dnccrc</strong></span> <span class='ocrx_word' id='word_1_111' title='bbox 809 2319 857 2394; x_wconf 86' lang='lat' dir='ltr'><strong>ad</strong></span> <span class='ocrx_word' id='word_1_112' title='bbox 881 2320 1061 2410; x_wconf 77' lang='lat' dir='ltr'><strong>effectum,</strong></span> <span class='ocrx_word' id='word_1_113' title='bbox 1088 2319 1125 2391; x_wconf 92' lang='lat' dir='ltr'><strong>in</strong></span> <span class='ocrx_word' id='word_1_114' title='bbox 1143 2341 1186 2392; x_wconf 85' lang='lat' dir='ltr'><strong>cn</strong></span> <span class='ocrx_word' id='word_1_115' title='bbox 1208 2341 1351 2416; x_wconf 87' lang='lat' dir='ltr'><strong>quoquc</strong></span> <span class='ocrx_word' id='word_1_116' title='bbox 1371 2320 1420 2394; x_wconf 86' lang='lat' dir='ltr'><strong>ad</strong></span> <span class='ocrx_word' id='word_1_117' title='bbox 1442 2341 1507 2396; x_wconf 82' lang='lat' dir='ltr'><strong>vos</strong></span> <span class='ocrx_word' id='word_1_118' title='bbox 1529 2321 1723 2396; x_wconf 73' lang='lat' dir='ltr'><strong>dihttionis</strong></span> <span class='ocrx_word' id='word_1_119' title='bbox 1746 2325 1932 2398; x_wconf 77' lang='lat' dir='ltr'><strong>constantia</strong></span> 
     </span>
     <span class='ocr_line' id='line_1_16' title="bbox 530 2441 1933 2546; baseline 0.001 -26"><span class='ocrx_word' id='word_1_120' title='bbox 530 2455 769 2546; x_wconf 88' lang='lat' dir='ltr'><strong>permanentes</strong></span> <span class='ocrx_word' id='word_1_121' title='bbox 785 2441 869 2544; x_wconf 90' lang='lat' dir='ltr'><strong>[nt],</strong></span> <span class='ocrx_word' id='word_1_122' title='bbox 887 2444 978 2518; x_wconf 89' lang='lat' dir='ltr'><strong>sicut</strong></span> <span class='ocrx_word' id='word_1_123' title='bbox 994 2443 1042 2519; x_wconf 87' lang='lat' dir='ltr'><strong>ad</strong></span> <span class='ocrx_word' id='word_1_124' title='bbox 1058 2444 1208 2518; x_wconf 87' lang='lat' dir='ltr'><strong>invicem</strong></span> <span class='ocrx_word' id='word_1_125' title='bbox 1222 2467 1244 2518; x_wconf 87' lang='lat' dir='ltr'><strong>a</strong></span> <span class='ocrx_word' id='word_1_126' title='bbox 1260 2445 1387 2518; x_wconf 78' lang='lat' dir='ltr'><strong>nocuis</strong></span> <span class='ocrx_word' id='word_1_127' title='bbox 1398 2447 1679 2541; x_wconf 84' lang='lat' dir='ltr'><strong>progenitoribus</strong></span> <span class='ocrx_word' id='word_1_128' title='bbox 1695 2455 1730 2520; x_wconf 87' lang='lat' dir='ltr'><strong>ct</strong></span> <span class='ocrx_word' id='word_1_129' title='bbox 1744 2448 1869 2520; x_wconf 81' lang='lat' dir='ltr'><strong>vestris</strong></span> <span class='ocrx_word' id='word_1_130' title='bbox 1884 2461 1933 2522; x_wconf 77' lang='lat' dir='ltr'><strong>et</strong></span> 
     </span>
     <span class='ocr_line' id='line_1_17' title="bbox 528 2569 1932 2664; baseline 0.001 -19"><span class='ocrx_word' id='word_1_131' title='bbox 528 2579 732 2646; x_wconf 83' lang='lat' dir='ltr'><strong>conseruata</strong></span> <span class='ocrx_word' id='word_1_132' title='bbox 749 2569 887 2644; x_wconf 91' lang='lat' dir='ltr'><strong>dilectio</strong></span> <span class='ocrx_word' id='word_1_133' title='bbox 908 2577 1036 2642; x_wconf 87' lang='lat' dir='ltr'><strong>etcum</strong></span> <span class='ocrx_word' id='word_1_134' title='bbox 1049 2589 1117 2641; x_wconf 83' lang='lat' dir='ltr'><strong>avo</strong></span> <span class='ocrx_word' id='word_1_135' title='bbox 1132 2577 1168 2641; x_wconf 90' lang='lat' dir='ltr'><strong>et</strong></span> <span class='ocrx_word' id='word_1_136' title='bbox 1179 2577 1276 2664; x_wconf 90' lang='lat' dir='ltr'><strong>patre</strong></span> <span class='ocrx_word' id='word_1_137' title='bbox 1289 2577 1406 2643; x_wconf 77' lang='lat' dir='ltr'><strong>restro</strong></span> <span class='ocrx_word' id='word_1_138' title='bbox 1421 2569 1537 2643; x_wconf 87' lang='lat' dir='ltr'><strong>inclite</strong></span> <span class='ocrx_word' id='word_1_139' title='bbox 1548 2571 1794 2645; x_wconf 80' lang='lat' dir='ltr'><strong>recordationis</strong></span> <span class='ocrx_word' id='word_1_140' title='bbox 1810 2571 1932 2646; x_wconf 84' lang='lat' dir='ltr'><strong>babui-</strong></span> 
     </span>
     <span class='ocr_line' id='line_1_18' title="bbox 530 2689 1932 2790; baseline -0.001 -20"><span class='ocrx_word' id='word_1_141' title='bbox 530 2719 610 2770; x_wconf 89' lang='lat' dir='ltr'><strong>mus</strong></span> <span class='ocrx_word' id='word_1_142' title='bbox 623 2695 812 2770; x_wconf 76' lang='lat' dir='ltr'><strong>amicitiam</strong></span> <span class='ocrx_word' id='word_1_143' title='bbox 830 2693 1016 2784; x_wconf 82' lang='lat' dir='ltr'><strong>illibatam,</strong></span> <span class='ocrx_word' id='word_1_144' title='bbox 1041 2693 1090 2764; x_wconf 89' lang='lat' dir='ltr'><strong>ita</strong></span> <span class='ocrx_word' id='word_1_145' title='bbox 1106 2689 1199 2766; x_wconf 78' lang='lat' dir='ltr'><strong>felici</strong></span> <span class='ocrx_word' id='word_1_146' title='bbox 1226 2701 1379 2790; x_wconf 88' lang='lat' dir='ltr'><strong>tempore</strong></span> <span class='ocrx_word' id='word_1_147' title='bbox 1403 2703 1521 2769; x_wconf 85' lang='lat' dir='ltr'><strong>nostro</strong></span> <span class='ocrx_word' id='word_1_148' title='bbox 1537 2695 1717 2770; x_wconf 80' lang='lat' dir='ltr'><strong>uobiscum</strong></span> <span class='ocrx_word' id='word_1_149' title='bbox 1732 2696 1932 2769; x_wconf 84' lang='lat' dir='ltr'><strong>inconcusse</strong></span> 
     </span>
     <span class='ocr_line' id='line_1_19' title="bbox 528 2815 1929 2916; baseline -0.003 -21"><span class='ocrx_word' id='word_1_150' title='bbox 528 2841 719 2895; x_wconf 67' lang='lat' dir='ltr'><strong>memus.</strong></span> <span class='ocrx_word' id='word_1_151' title='bbox 735 2817 903 2904; x_wconf 86' lang='lat' dir='ltr'><strong>Quocirca</strong></span> <span class='ocrx_word' id='word_1_152' title='bbox 917 2839 997 2890; x_wconf 90' lang='lat' dir='ltr'><strong>cum</strong></span> <span class='ocrx_word' id='word_1_153' title='bbox 1013 2816 1051 2890; x_wconf 90' lang='lat' dir='ltr'><strong>iu</strong></span> <span class='ocrx_word' id='word_1_154' title='bbox 1065 2817 1314 2913; x_wconf 78' lang='lat' dir='ltr'><strong>presentiarum</strong></span> <span class='ocrx_word' id='word_1_155' title='bbox 1327 2815 1373 2892; x_wconf 84' lang='lat' dir='ltr'><strong>ad</strong></span> <span class='ocrx_word' id='word_1_156' title='bbox 1384 2816 1569 2892; x_wconf 83' lang='lat' dir='ltr'><strong>visendum</strong></span> <span class='ocrx_word' id='word_1_157' title='bbox 1582 2829 1737 2893; x_wconf 92' lang='lat' dir='ltr'><strong>nostrum</strong></span> <span class='ocrx_word' id='word_1_158' title='bbox 1751 2819 1929 2916; x_wconf 79' lang='lat' dir='ltr'><strong>impe-ium</strong></span> 
     </span>
     <span class='ocr_line' id='line_1_20' title="bbox 529 2941 1930 3040; baseline 0 -22"><span class='ocrx_word' id='word_1_159' title='bbox 529 2945 566 3018; x_wconf 93' lang='lat' dir='ltr'><strong>in</strong></span> <span class='ocrx_word' id='word_1_160' title='bbox 579 2943 807 3018; x_wconf 84' lang='lat' dir='ltr'><strong>&#39;l&#39;beotonism</strong></span> <span class='ocrx_word' id='word_1_161' title='bbox 823 2953 1105 3038; x_wconf 58' lang='lat' dir='ltr'><strong>musucstros</strong></span> <span class='ocrx_word' id='word_1_162' title='bbox 1114 2942 1256 3016; x_wconf 77' lang='lat' dir='ltr'><strong>feliciter</strong></span> <span class='ocrx_word' id='word_1_163' title='bbox 1269 2941 1476 3038; x_wconf 78' lang='lat' dir='ltr'><strong>dirigamus,</strong></span> <span class='ocrx_word' id='word_1_164' title='bbox 1489 2943 1552 3016; x_wconf 91' lang='lat' dir='ltr'><strong>nbi</strong></span> <span class='ocrx_word' id='word_1_165' title='bbox 1565 2945 1737 3040; x_wconf 88' lang='lat' dir='ltr'><strong>principes</strong></span> <span class='ocrx_word' id='word_1_166' title='bbox 1750 2946 1858 3018; x_wconf 89' lang='lat' dir='ltr'><strong>nostri</strong></span> <span class='ocrx_word' id='word_1_167' title='bbox 1872 2967 1930 3040; x_wconf 91' lang='lat' dir='ltr'><strong>pre</strong></span> 
     </span>
     <span class='ocr_line' id='line_1_21' title="bbox 528 3067 1931 3164; baseline -0.002 -18"><span class='ocrx_word' id='word_1_168' title='bbox 528 3077 645 3146; x_wconf 91' lang='lat' dir='ltr'><strong>nostro</strong></span> <span class='ocrx_word' id='word_1_169' title='bbox 664 3067 817 3143; x_wconf 86' lang='lat' dir='ltr'><strong>adventu</strong></span> <span class='ocrx_word' id='word_1_170' title='bbox 834 3067 1058 3158; x_wconf 83' lang='lat' dir='ltr'><strong>convenient,</strong></span> <span class='ocrx_word' id='word_1_171' title='bbox 1081 3067 1118 3140; x_wconf 91' lang='lat' dir='ltr'><strong>in</strong></span> <span class='ocrx_word' id='word_1_172' title='bbox 1135 3075 1250 3141; x_wconf 84' lang='lat' dir='ltr'><strong>vestra</strong></span> <span class='ocrx_word' id='word_1_173' title='bbox 1268 3067 1430 3164; x_wconf 90' lang='lat' dir='ltr'><strong>ponimus</strong></span> <span class='ocrx_word' id='word_1_174' title='bbox 1444 3068 1622 3142; x_wconf 85' lang='lat' dir='ltr'><strong>voluntate</strong></span> <span class='ocrx_word' id='word_1_175' title='bbox 1641 3069 1671 3141; x_wconf 91' lang='lat' dir='ltr'><strong>si</strong></span> <span class='ocrx_word' id='word_1_176' title='bbox 1696 3069 1797 3143; x_wconf 83' lang='lat' dir='ltr'><strong>vobis</strong></span> <span class='ocrx_word' id='word_1_177' title='bbox 1814 3069 1931 3143; x_wconf 85' lang='lat' dir='ltr'><strong>venire</strong></span> 
     </span>
     <span class='ocr_line' id='line_1_22' title="bbox 528 3190 1930 3292; baseline -0.001 -23"><span class='ocrx_word' id='word_1_178' title='bbox 528 3195 698 3292; x_wconf 84' lang='lat' dir='ltr'><strong>placuerit</strong></span> <span class='ocrx_word' id='word_1_179' title='bbox 719 3193 756 3266; x_wconf 93' lang='lat' dir='ltr'><strong>iu</strong></span> <span class='ocrx_word' id='word_1_180' title='bbox 783 3191 933 3288; x_wconf 87' lang='lat' dir='ltr'><strong>nliqoem</strong></span> <span class='ocrx_word' id='word_1_181' title='bbox 958 3203 1089 3265; x_wconf 89' lang='lat' dir='ltr'><strong>certum</strong></span> <span class='ocrx_word' id='word_1_182' title='bbox 1113 3203 1149 3265; x_wconf 91' lang='lat' dir='ltr'><strong>ct</strong></span> <span class='ocrx_word' id='word_1_183' title='bbox 1173 3190 1445 3288; x_wconf 69' lang='lat' dir='ltr'><strong>precellentem</strong></span> <span class='ocrx_word' id='word_1_184' title='bbox 1470 3193 1611 3282; x_wconf 90' lang='lat' dir='ltr'><strong>locum;</strong></span> <span class='ocrx_word' id='word_1_185' title='bbox 1647 3191 1844 3267; x_wconf 85' lang='lat' dir='ltr'><strong>videbimus</strong></span> <span class='ocrx_word' id='word_1_186' title='bbox 1868 3215 1930 3268; x_wconf 84' lang='lat' dir='ltr'><strong>vos</strong></span> 
     </span>
     <span class='ocr_line' id='line_1_23' title="bbox 530 3313 1932 3414; baseline -0.001 -22"><span class='ocrx_word' id='word_1_187' title='bbox 530 3319 690 3410; x_wconf 83' lang='lat' dir='ltr'><strong>libenter,</strong></span> <span class='ocrx_word' id='word_1_188' title='bbox 709 3327 745 3390; x_wconf 89' lang='lat' dir='ltr'><strong>et</strong></span> <span class='ocrx_word' id='word_1_189' title='bbox 759 3337 839 3389; x_wconf 88' lang='lat' dir='ltr'><strong>oum</strong></span> <span class='ocrx_word' id='word_1_190' title='bbox 853 3313 1054 3390; x_wconf 88' lang='lat' dir='ltr'><strong>eorumdem</strong></span> <span class='ocrx_word' id='word_1_191' title='bbox 1068 3325 1264 3391; x_wconf 88' lang='lat' dir='ltr'><strong>nostrorum</strong></span> <span class='ocrx_word' id='word_1_192' title='bbox 1280 3317 1472 3392; x_wconf 49' lang='lat' dir='ltr'><strong>admotis</strong></span> <span class='ocrx_word' id='word_1_193' title='bbox 1486 3317 1682 3414; x_wconf 91' lang='lat' dir='ltr'><strong>principum</strong></span> <span class='ocrx_word' id='word_1_194' title='bbox 1696 3317 1932 3392; x_wconf 85' lang='lat' dir='ltr'><strong>conubcrabi-</strong></span> 
     </span>
     <span class='ocr_line' id='line_1_24' title="bbox 529 3438 1931 3538; baseline -0.001 -20"><span class='ocrx_word' id='word_1_195' title='bbox 529 3465 608 3518; x_wconf 91' lang='lat' dir='ltr'><strong>mus</strong></span> <span class='ocrx_word' id='word_1_196' title='bbox 630 3441 812 3516; x_wconf 83' lang='lat' dir='ltr'><strong>vobiscum</strong></span> <span class='ocrx_word' id='word_1_197' title='bbox 834 3439 969 3512; x_wconf 84' lang='lat' dir='ltr'><strong>solitum</strong></span> <span class='ocrx_word' id='word_1_198' title='bbox 991 3449 1026 3512; x_wconf 92' lang='lat' dir='ltr'><strong>et</strong></span> <span class='ocrx_word' id='word_1_199' title='bbox 1044 3440 1147 3534; x_wconf 87' lang='lat' dir='ltr'><strong>qnasi</strong></span> <span class='ocrx_word' id='word_1_200' title='bbox 1173 3438 1352 3514; x_wconf 84' lang='lat' dir='ltr'><strong>laudatam</strong></span> <span class='ocrx_word' id='word_1_201' title='bbox 1377 3463 1399 3514; x_wconf 93' lang='lat' dir='ltr'><strong>a</strong></span> <span class='ocrx_word' id='word_1_202' title='bbox 1424 3441 1699 3538; x_wconf 73' lang='lat' dir='ltr'><strong>progenitoribus</strong></span> <span class='ocrx_word' id='word_1_203' title='bbox 1727 3443 1871 3536; x_wconf 81' lang='lat' dir='ltr'><strong>gratiam</strong></span> <span class='ocrx_word' id='word_1_204' title='bbox 1897 3453 1931 3517; x_wconf 89' lang='lat' dir='ltr'><strong>ct</strong></span> 
     </span>
     <span class='ocr_line' id='line_1_25' title="bbox 527 3561 1929 3662; baseline -0.003 -20"><span class='ocrx_word' id='word_1_205' title='bbox 527 3587 699 3655; x_wconf 73' lang='lat' dir='ltr'><strong>amem,</strong></span> <span class='ocrx_word' id='word_1_206' title='bbox 719 3571 759 3636; x_wconf 89' lang='lat' dir='ltr'><strong>ut</strong></span> <span class='ocrx_word' id='word_1_207' title='bbox 772 3563 890 3638; x_wconf 83' lang='lat' dir='ltr'><strong>venire</strong></span> <span class='ocrx_word' id='word_1_208' title='bbox 903 3561 1005 3637; x_wconf 83' lang='lat' dir='ltr'><strong>vobis</strong></span> <span class='ocrx_word' id='word_1_209' title='bbox 1020 3584 1090 3636; x_wconf 92' lang='lat' dir='ltr'><strong>non</strong></span> <span class='ocrx_word' id='word_1_210' title='bbox 1103 3563 1211 3659; x_wconf 90' lang='lat' dir='ltr'><strong>possit</strong></span> <span class='ocrx_word' id='word_1_211' title='bbox 1227 3563 1265 3636; x_wconf 92' lang='lat' dir='ltr'><strong>in</strong></span> <span class='ocrx_word' id='word_1_212' title='bbox 1282 3563 1429 3638; x_wconf 90' lang='lat' dir='ltr'><strong>dubium</strong></span> <span class='ocrx_word' id='word_1_213' title='bbox 1449 3564 1546 3661; x_wconf 90' lang='lat' dir='ltr'><strong>qnod</strong></span> <span class='ocrx_word' id='word_1_214' title='bbox 1560 3587 1623 3662; x_wconf 89' lang='lat' dir='ltr'><strong>per</strong></span> <span class='ocrx_word' id='word_1_215' title='bbox 1637 3587 1701 3639; x_wconf 90' lang='lat' dir='ltr'><strong>uos</strong></span> <span class='ocrx_word' id='word_1_216' title='bbox 1712 3563 1929 3662; x_wconf 81' lang='lat' dir='ltr'><strong>dispendium</strong></span> 
     </span>
     <span class='ocr_line' id='line_1_26' title="bbox 527 3687 1930 3786; baseline -0.001 -22"><span class='ocrx_word' id='word_1_217' title='bbox 527 3691 652 3765; x_wconf 89' lang='lat' dir='ltr'><strong>sentiat</strong></span> <span class='ocrx_word' id='word_1_218' title='bbox 666 3689 723 3763; x_wconf 89' lang='lat' dir='ltr'><strong>vel</strong></span> <span class='ocrx_word' id='word_1_219' title='bbox 740 3689 882 3761; x_wconf 89' lang='lat' dir='ltr'><strong>intereat</strong></span> <span class='ocrx_word' id='word_1_220' title='bbox 891 3687 1086 3762; x_wconf 88' lang='lat' dir='ltr'><strong>dilectionis</strong></span> <span class='ocrx_word' id='word_1_221' title='bbox 1102 3689 1201 3762; x_wconf 89' lang='lat' dir='ltr'><strong>solite</strong></span> <span class='ocrx_word' id='word_1_222' title='bbox 1212 3687 1479 3764; x_wconf 77' lang='lat' dir='ltr'><strong>firmamentum.</strong></span> <span class='ocrx_word' id='word_1_223' title='bbox 1498 3689 1673 3782; x_wconf 83' lang='lat' dir='ltr'><strong>Ceterum,</strong></span> <span class='ocrx_word' id='word_1_224' title='bbox 1691 3688 1835 3786; x_wconf 85' lang='lat' dir='ltr'><strong>quiade</strong></span> <span class='ocrx_word' id='word_1_225' title='bbox 1850 3690 1930 3764; x_wconf 86' lang='lat' dir='ltr'><strong>leli-</strong></span> 
     </span>
     <span class='ocr_line' id='line_1_27' title="bbox 527 3811 1929 3911; baseline -0.003 -22"><span class='ocrx_word' id='word_1_226' title='bbox 527 3817 630 3890; x_wconf 91' lang='lat' dir='ltr'><strong>citate</strong></span> <span class='ocrx_word' id='word_1_227' title='bbox 645 3823 754 3888; x_wconf 88' lang='lat' dir='ltr'><strong>status</strong></span> <span class='ocrx_word' id='word_1_228' title='bbox 771 3815 878 3886; x_wconf 84' lang='lat' dir='ltr'><strong>nostri</strong></span> <span class='ocrx_word' id='word_1_229' title='bbox 901 3833 966 3886; x_wconf 90' lang='lat' dir='ltr'><strong>vos</strong></span> <span class='ocrx_word' id='word_1_230' title='bbox 983 3811 1106 3886; x_wconf 88' lang='lat' dir='ltr'><strong>audire</strong></span> <span class='ocrx_word' id='word_1_231' title='bbox 1123 3812 1288 3906; x_wconf 87' lang='lat' dir='ltr'><strong>delectat,</strong></span> <span class='ocrx_word' id='word_1_232' title='bbox 1315 3815 1481 3888; x_wconf 81' lang='lat' dir='ltr'><strong>noveritis</strong></span> <span class='ocrx_word' id='word_1_233' title='bbox 1493 3813 1590 3910; x_wconf 87' lang='lat' dir='ltr'><strong>qnod</strong></span> <span class='ocrx_word' id='word_1_234' title='bbox 1605 3813 1773 3911; x_wconf 76' lang='lat' dir='ltr'><strong>petillius</strong></span> <span class='ocrx_word' id='word_1_235' title='bbox 1785 3815 1929 3908; x_wconf 79' lang='lat' dir='ltr'><strong>gmtiam</strong></span> 
     </span>
     <span class='ocr_line' id='line_1_28' title="bbox 525 3935 1930 4038; baseline -0.001 -25"><span class='ocrx_word' id='word_1_236' title='bbox 525 3941 587 4038; x_wconf 88' lang='lat' dir='ltr'><strong>qui</strong></span> <span class='ocrx_word' id='word_1_237' title='bbox 610 3937 823 4036; x_wconf 89' lang='lat' dir='ltr'><strong>principibus</strong></span> <span class='ocrx_word' id='word_1_238' title='bbox 848 3935 909 4011; x_wconf 91' lang='lat' dir='ltr'><strong>dat</strong></span> <span class='ocrx_word' id='word_1_239' title='bbox 924 3937 1086 4026; x_wconf 88' lang='lat' dir='ltr'><strong>sulutem,</strong></span> <span class='ocrx_word' id='word_1_240' title='bbox 1116 3959 1279 4035; x_wconf 86' lang='lat' dir='ltr'><strong>prospera</strong></span> <span class='ocrx_word' id='word_1_241' title='bbox 1302 3939 1453 4036; x_wconf 92' lang='lat' dir='ltr'><strong>corporis</strong></span> <span class='ocrx_word' id='word_1_242' title='bbox 1474 3939 1709 4013; x_wconf 87' lang='lat' dir='ltr'><strong>incolumitate</strong></span> <span class='ocrx_word' id='word_1_243' title='bbox 1734 3959 1775 4012; x_wconf 89' lang='lat' dir='ltr'><strong>ec</strong></span> <span class='ocrx_word' id='word_1_244' title='bbox 1803 3939 1930 4013; x_wconf 81' lang='lat' dir='ltr'><strong>votivis</strong></span> 
     </span>
     <span class='ocr_line' id='line_1_29' title="bbox 526 4060 1928 4158; baseline -0.002 -21"><span class='ocrx_word' id='word_1_245' title='bbox 526 4083 748 4137; x_wconf 86' lang='lat' dir='ltr'><strong>successuum</strong></span> <span class='ocrx_word' id='word_1_246' title='bbox 767 4061 951 4134; x_wconf 86' lang='lat' dir='ltr'><strong>eventibus</strong></span> <span class='ocrx_word' id='word_1_247' title='bbox 966 4061 1176 4154; x_wconf 86' lang='lat' dir='ltr'><strong>gloriamur,</strong></span> <span class='ocrx_word' id='word_1_248' title='bbox 1201 4061 1415 4158; x_wconf 83' lang='lat' dir='ltr'><strong>requirentes</strong></span> <span class='ocrx_word' id='word_1_249' title='bbox 1432 4060 1478 4137; x_wconf 90' lang='lat' dir='ltr'><strong>de</strong></span> <span class='ocrx_word' id='word_1_250' title='bbox 1494 4061 1622 4137; x_wconf 89' lang='lat' dir='ltr'><strong>salubri</strong></span> <span class='ocrx_word' id='word_1_251' title='bbox 1647 4071 1738 4135; x_wconf 85' lang='lat' dir='ltr'><strong>stetu</strong></span> <span class='ocrx_word' id='word_1_252' title='bbox 1757 4071 1792 4134; x_wconf 90' lang='lat' dir='ltr'><strong>et</strong></span> <span class='ocrx_word' id='word_1_253' title='bbox 1817 4061 1928 4135; x_wconf 90' lang='lat' dir='ltr'><strong>conti·</strong></span> 
     </span>
     <span class='ocr_line' id='line_1_30' title="bbox 526 4185 1385 4281; baseline -0.002 -19"><span class='ocrx_word' id='word_1_254' title='bbox 526 4187 642 4262; x_wconf 88' lang='lat' dir='ltr'><strong>nentia</strong></span> <span class='ocrx_word' id='word_1_255' title='bbox 658 4195 772 4260; x_wconf 87' lang='lat' dir='ltr'><strong>vestra</strong></span> <span class='ocrx_word' id='word_1_256' title='bbox 789 4185 896 4281; x_wconf 85' lang='lat' dir='ltr'><strong>gratis</strong></span> <span class='ocrx_word' id='word_1_257' title='bbox 910 4185 1200 4260; x_wconf 86' lang='lat' dir='ltr'><strong>insinuationibus</strong></span> <span class='ocrx_word' id='word_1_258' title='bbox 1215 4189 1385 4261; x_wconf 82' lang='lat' dir='ltr'><strong>exultare.</strong></span> 
     </span>
     <span class='ocr_line' id='line_1_31' title="bbox 574 4307 1538 4407; baseline -0.002 -25"><span class='ocrx_word' id='word_1_259' title='bbox 574 4311 698 4382; x_wconf 87' lang='lat' dir='ltr'><strong>Datum</strong></span> <span class='ocrx_word' id='word_1_260' title='bbox 712 4307 806 4406; x_wconf 91' lang='lat' dir='ltr'><strong>apud</strong></span> <span class='ocrx_word' id='word_1_261' title='bbox 819 4308 967 4400; x_wconf 84' lang='lat' dir='ltr'><strong>Fanum,</strong></span> <span class='ocrx_word' id='word_1_262' title='bbox 987 4309 1081 4384; x_wconf 82' lang='lat' dir='ltr'><strong>XXV</strong></span> <span class='ocrx_word' id='word_1_263' title='bbox 1093 4309 1227 4407; x_wconf 88' lang='lat' dir='ltr'><strong>aprilis,</strong></span> <span class='ocrx_word' id='word_1_264' title='bbox 1245 4311 1321 4384; x_wconf 86' lang='lat' dir='ltr'><strong>vltl</strong></span> <span class='ocrx_word' id='word_1_265' title='bbox 1339 4307 1538 4384; x_wconf 85' lang='lat' dir='ltr'><strong>indictione.</strong></span> 
     </span>
    </p>
   </div>
   <div class='ocr_carea' id='block_1_4' title="bbox 0 0 2164 5916">
    <p class='ocr_par' dir='ltr' id='par_1_4' title="bbox 0 0 2164 5916">
     <span class='ocr_line' id='line_1_32' title="bbox 0 0 2164 5916; baseline 0 0"><span class='ocrx_word' id='word_1_266' title='bbox 0 0 2164 5916; x_wconf 95' lang='lat' dir='ltr'><strong> </strong></span> 
     </span>
    </p>
   </div>
  </div>
 </body>
</html>
