4320 5918
218 573 318 635 lunrcr.
333 571 378 651 8.]
667 568 866 634 HISTORIA
889 563 1180 634 blrtollttllce.
1571 557 1632 621 515

267 710 351 784 ltem
367 705 557 782 marchioni
572 705 618 782 dc
632 705 799 782 Moravie.

268 832 351 930 ilegi
364 831 505 908 Boemie
519 831 613 906 iratri
629 831 785 926 ejusdem
798 829 1007 907 marchionis
1020 839 1059 904 ιιι
1070 828 1131 905 det
1144 827 1178 902 ei
1190 822 1384 900 subsidium
1397 823 1433 897 in
1447 819 1627 896 militibus.

275 1365 509 1476 Fridericus,
523 1367 783 1455 Romanorum
800 1367 1021 1480 imperator,
1042 1365 1225 1476 Gregorio
1241 1387 1363 1476 papae
1381 1359 1513 1446 scribit
1529 1360 1633 1474 quod
1710 1359 1786 1416 Ψ·

224 1526 312 1584 oum
325 1501 480 1586 Petrum
493 1503 542 1587 de
554 1501 687 1607 Vinea,
704 1527 868 1614 magnae
886 1528 978 1586 suae
990 1499 1117 1585 curiae
1127 1497 1309 1610 judicem,
1326 1498 1376 1582 ad
1393 1522 1524 1610 regem
1542 1496 1634 1579 An-

226 1631 325 1744 gliee
345 1634 473 1719 mittat
489 1661 560 1746 pro
582 1637 912 1721 consummatione
934 1633 1166 1718 matrimonii
1192 1633 1291 1717 inter
1313 1658 1354 1716 se
1374 1637 1412 1715 et
1433 1630 1635 1716 isabellam

227 1791 396 1852 sororem
414 1767 586 1880 ejusdem
611 1771 732 1884 regis,
752 1769 948 1882 negotium
973 1769 1100 1880 ipsum
1126 1777 1205 1850 tam
1231 1767 1280 1850 de
1305 1765 1514 1878 quantitate
1540 1791 1637 1877 pro-

227 1899 498 1986 mittendarum
524 1931 643 2016 quam
674 1905 723 1990 de
754 1915 924 2016 tempore
955 1901 1223 1988 solvendarum
1253 1901 1400 1986 dotium
1432 1897 1639 2012 pontificali

227 2035 432 2146 provisioni
462 2039 672 2150 commisit,
700 2049 828 2124 ratum
859 2037 1061 2124 habiturus
1096 2034 1280 2150 quioquid
1312 2060 1426 2146 super
1455 2033 1529 2120 hoc
1556 2033 1639 2147 ejus

229 2171 393 2280 provisio
411 2175 598 2260 statuerit.

312 2389 596 2467 (bituminum,
608 2386 717 2453 Annei
734 2386 1236 2472 onte,t0m.xx1,sxxx,at
1247 2404 1319 2452 unu.
1340 2387 1441 2469 titt.)

279 2576 498 2652 Sancbssimo
516 2577 552 2651 in
568 2577 702 2654 Christo
723 2578 813 2676 patri
831 2576 972 2654 domiuo
987 2575 1170 2674 Gregorio,
1190 2577 1251 2650 Dei
1267 2575 1377 2672 gratia
1394 2595 1531 2650 summo
1551 2595 1643 2672 pou·

232 2698 333 2794 tilici,
360 2702 572 2798 liridericns,
592 2715 679 2798 eto,
702 2705 850 2778 salutem
873 2714 908 2778 et
929 2703 1158 2778 reverentiam
1184 2699 1335 2776 filialem.
1362 2701 1446 2774 Cum
1473 2700 1519 2775 de
1540 2701 1646 2776 latere

233 2832 349 2902 nostro
363 2827 540 2902 mittamus
552 2829 756 2924 magistrum
768 2828 908 2903 Petrum
922 2827 968 2902 de
982 2828 1103 2919 Vinea,
1113 2847 1238 2921 magne
1253 2827 1349 2900 curie
1363 2834 1479 2901 nostre
1489 2825 1645 2920 judicem

234 2961 269 3022 et
296 2947 432 3026 fidelem
456 2961 627 3049 nostrum,
649 2953 695 3029 ad
713 2953 953 3029 charissimum
978 2954 1129 3026 amicum
1155 2963 1308 3026 nostrum
1336 2951 1501 3026 illustrem
1529 2973 1647 3048 regem

234 3075 426 3170 Anglorum
450 3100 512 3176 pro
534 3079 831 3154 consummatione
856 3077 1063 3152 matrimonii
1088 3077 1176 3151 inter
1201 3098 1264 3150 nos
1284 3087 1320 3151 et
1344 3098 1461 3172 regem
1484 3077 1647 3153 eumdem

235 3202 281 3277 de
297 3200 442 3276 isabella
458 3225 576 3278 sorore
591 3225 656 3278 sua
668 3204 773 3298 juxta
788 3203 971 3280 consilium
988 3201 1200 3301 paternitatis
1218 3211 1331 3278 vestre
1343 3202 1488 3292 tractati,
1503 3211 1543 3276 ιιι
1559 3212 1595 3276 et
1609 3204 1646 3278 in

236 3329 384 3425 puellam
407 3327 548 3404 nudem
566 3350 629 3426 pro
651 3338 749 3426 parte
773 3350 817 3404 ac
845 3328 984 3403 nomine
1007 3337 1123 3402 nostm
1141 3327 1333 3402 consentiat
1348 3336 1384 3400 et
1407 3337 1447 3400 ιιι
1472 3327 1583 3424 ipsam
1601 3328 1649 3404 ad

235 3475 300 3528 nos
321 3477 392 3529 una
410 3457 489 3528 cnm
507 3455 625 3551 aliquo
641 3453 687 3530 de
704 3453 845 3552 prelatis
863 3453 1072 3542 Tbeutonia‚
1093 3474 1197 3548 quem
1216 3451 1263 3526 ad
1280 3452 1347 3527 boc
1364 3451 1457 3527 idem
1470 3451 1585 3548 judex
1602 3451 1649 3528 dc

237 3579 380 3655 consilio
406 3581 615 3656 venerabilis
643 3580 796 3675 magistri
826 3580 951 3655 domus
980 3577 1157 3676 hospitalis
1179 3580 1304 3654 Sancte
1326 3577 1434 3654 Maris
1458 3578 1649 3654 Thentoui·

238 3726 355 3780 corum
372 3705 409 3778 in
425 3705 640 3781 Hierusalem
658 3705 821 3782 idoneum
835 3703 1020 3802 reputabit,
1037 3704 1151 3778 omine
1170 3703 1259 3778 lelici
1278 3702 1447 3798 deducat;
1468 3727 1513 3780 nc
1528 3705 1647 3780 intem

238 3830 366 3905 salubri
390 3834 565 3928 proposito
589 3831 770 3906 occasione
786 3828 960 3906 dilationis
979 3830 1125 3924 alicujus
1149 3839 1264 3926 posset
1282 3829 1423 3904 forsitan
1441 3830 1567 3926 aliquis
1586 3833 1648 3904 in-

239 3953 407 4028 tervenire
438 3953 612 4049 deiectus,
643 3954 728 4028 dum
755 3954 802 4030 ad
830 3976 894 4028 nos
920 3977 982 4051 per
1008 3956 1145 4051 longam
1170 3957 1323 4030 locorum
1349 3955 1545 4030 distantiam
1575 3979 1647 4031 non

240 4088 352 4174 posset
375 4078 485 4153 facilis
502 4079 622 4153 baberi
643 4101 819 4174 recursus,
839 4101 902 4154 uos
922 4079 967 4154 dc
985 4080 1188 4176 paternitate
1207 4091 1319 4154 vestra
1343 4082 1443 4176 plena
1464 4081 1648 4158 securitate

239 4202 383 4298 conlisi,
411 4204 589 4300 negotium
616 4205 729 4303 ipsum
759 4205 1055 4303 circumspectioni
1084 4216 1198 4279 vestre
1233 4206 1451 4302 presentibus
1480 4192 1649 4283 duximus

238 4328 522 4406 committendum
539 4356 548 4402 ε
567 4329 730 4406 videlicet
743 4339 782 4403 ιιι
792 4339 827 4404 et
840 4331 1064 4427 quantitatem
1078 4330 1213 4405 dotium
1229 4331 1536 4428 promittendarum
1548 4334 1650 4410 nobis

240 4474 261 4524 a
284 4474 365 4549 rege
381 4457 512 4552 prelato
536 4478 600 4553 pro
618 4454 773 4552 predicta
790 4477 906 4530 sorore
922 4477 985 4530 sua
1004 4465 1118 4530 vestra
1135 4455 1306 4532 industria
1327 4455 1540 4552 moderetur,
1560 4467 1595 4533 et
1611 4469 1650 4534 nt

241 4588 376 4676 tempus
400 4580 505 4654 ctiam
525 4581 737 4655 arbitremini
757 4603 829 4677 quo
852 4581 1006 4678 predicte
1030 4581 1129 4656 dotes
1152 4582 1209 4656 vel
1234 4581 1388 4679 ipsarum
1410 4582 1542 4658 dotium
1566 4605 1648 4681 pars

242 4703 341 4778 nobis
360 4713 421 4780 ant
438 4705 540 4781 certis
555 4706 688 4782 nuntiis
704 4706 829 4782 nostris
846 4716 977 4782 remota
994 4705 1194 4784 difficultate
1209 4708 1363 4805 qnalibet
1378 4709 1596 4804 exolvuntur,
1616 4709 1647 4784 si
