4298 5906
479 607 541 669 222
927 599 1064 662 notan
1089 598 1443 666 colls'flltllloltsss

478 753 611 816 trorum
629 738 755 834 aliquis
770 745 889 811 contra
900 735 1068 829 justitiam
1087 757 1158 809 non
1179 747 1356 830 gravetur.
1376 740 1529 836 Ideoque
1545 741 1695 836 presenti
1712 743 1895 818 sanctione

479 867 697 943 decernimus
710 873 750 936 ut
765 863 881 936 nullus
894 861 1062 953 officialis,
1072 861 1103 934 si
1120 861 1196 958 ipse
1206 883 1316 958 equos
1328 863 1656 950 habeat,occasicne
1671 867 1894 942 servitiorum

478 995 534 1067 vel
553 990 753 1064 nuntiorum
769 995 977 1078 nostrornm,
997 985 1180 1081 compellat
1196 987 1347 1082 aliquem
1367 1009 1496 1085 equum
1517 991 1575 1064 vol
1593 992 1805 1084 jumentum,
1822 994 1894 1068 asi·

478 1139 561 1191 unm
585 1117 643 1190 vol
661 1111 895 1210 quodcunque
910 1109 1112 1184 uehiculum
1131 1110 1235 1184 alicui
1253 1113 1490 1204 commodare,
1514 1113 1577 1188 sed
1596 1115 1708 1211 pretio
1729 1137 1794 1212 pm
1818 1137 1894 1191 sor-

479 1242 575 1314 vitiis
596 1239 721 1314 nostris
739 1238 840 1311 locat.
865 1235 967 1322 Quod
984 1235 1014 1308 si
1033 1257 1102 1308 non
1121 1235 1242 1330 habet,
1262 1235 1437 1310 licentiam
1456 1237 1584 1312 habeat
1601 1240 1721 1336 aliqua
1741 1243 1894 1337 compel-

480 1366 574 1441 lendi
586 1364 747 1439 animalia
764 1383 826 1460 pro
842 1359 991 1435 servitiis
1004 1359 1141 1452 nostris,
1156 1361 1265 1457 pretio
1276 1361 1381 1436 nnius
1398 1363 1506 1436 tarem
1527 1364 1605 1436 auri
1621 1385 1685 1461 pen
1697 1363 1789 1438 diem
1808 1387 1893 1439 cum

476 1491 617 1566 homine
644 1489 700 1564 uel
722 1489 799 1562 sino
824 1486 964 1560 homino
985 1507 1047 1582 pro
1074 1485 1220 1560 dimidio
1246 1497 1365 1562 tarono
1390 1487 1547 1563 locanda.
1561 1489 1719 1564 Ceterum
1732 1489 1763 1564 si
1778 1491 1895 1566 locata

477 1616 639 1692 animalia
663 1636 726 1711 per
744 1611 961 1686 manifestam
985 1610 1138 1685 ductoris
1158 1611 1402 1708 negligentiam
1425 1615 1482 1687 vel
1497 1614 1594 1709 quod
1615 1615 1693 1711 ipsa
1709 1615 1798 1689 ultro
1817 1626 1893 1690 sta-

476 1753 587 1816 tutam
611 1739 739 1816 dictam
757 1759 819 1834 per
837 1736 1001 1810 malitiam
1020 1736 1177 1827 duxerit,
1198 1738 1284 1811 mori
1305 1737 1503 1832 contigerit,
1517 1741 1622 1832 juxta
1641 1741 1893 1814 mtimatlonem

475 1869 580 1941 trium
596 1867 655 1940 vel
669 1872 816 1959 quatuor
829 1862 998 1936 bonorum
1019 1861 1205 1958 proborum
1222 1863 1375 1936 vinorum
1398 1861 1567 1956 fidelium,
1585 1885 1647 1960 per
1661 1885 1751 1960 quos
1768 1866 1894 1962 prius-

475 2014 582 2088 quam
600 1990 723 2064 locatio
740 1987 816 2079 fiat,
837 1987 1088 2061 estimationem
1105 1987 1241 2060 locandi
1263 1987 1413 2062 vehiculi
1431 1989 1593 2062 volumus
1620 1987 1715 2081 flori,
1740 2011 1803 2087 per
1827 2013 1894 2064 cu·
1930 1961 1935 1970 ’

475 2119 563 2191 riam
594 2123 747 2189 nostram
775 2112 915 2186 domiuo
934 2112 1082 2208 pretium
1105 2101 1591 2205 resamirijuhemus.1tultns
1608 2115 1711 2188 etiam
1735 2115 1894 2190 officialis

480 2239 661 2338 compellat
684 2239 835 2332 aliquem
859 2257 968 2332 equos
993 2256 1075 2309 suos
1100 2235 1254 2310 vendero
1279 2237 1346 2309 nisi
1370 2237 1465 2330 justo
1490 2239 1599 2334 pretio
1626 2240 1723 2314 curia
1750 2251 1889 2332 nostro,

479 2387 567 2462 quos
583 2374 618 2440 et
635 2385 697 2462 por
710 2372 858 2458 quatuor
874 2361 983 2434 bonos
996 2360 1091 2434 vinus
1104 2361 1267 2434 volumus
1283 2361 1447 2437 estimari.

720 2663 743 2674 ιι·
751 2663 765 2673 ιι
769 2663 1110 2672 nnm-an·-
1114 2659 1642 2673 *ιι-ω

529 2943 640 3054 §XL
673 2943 966 3030 Constitutioues
993 2943 1189 3056 generales
1220 2966 1335 3054 super
1356 2941 1444 3054 Jure
1474 2939 1719 3027 dominorum
1742 2951 1821 3024 tom
1846 2939 1892 3022 in

477 3089 671 3166 revocatos
688 3103 806 3190 qnam
823 3076 863 3160 in
881 3076 1047 3162 vasallos
1063 3076 1286 3161 exercendo.
1356 3079 1359 3086 ’

898 3369 1041 3442 LIBER
1069 3369 1138 3458 111,
1166 3367 1367 3443 TITULUS
1395 3367 1458 3441 Xl.

741 3549 789 3620 De
809 3545 1079 3621 recommendatio
1095 3549 1146 3620 oct
1163 3548 1406 3622 revocationes
1425 3543 1622 3620 detineretis.

525 3728 581 3802 Aa
599 3727 833 3822 subiectorum
851 3735 1046 3802 nostrornm
1064 3726 1234 3802 invidiam
1250 3749 1320 3802 non
1338 3725 1500 3802 convenit
1516 3743 1681 3799 revocare
1698 3723 1729 3796 si
1745 3719 1892 3819 pusulis

476 3851 665 3951 aliquando
689 3850 880 3927 commodis
906 3853 1031 3927 nostris
1053 3851 1284 3946 intendimus,
1304 3851 1429 3945 sijum
1446 3859 1562 3926 nostra
1583 3870 1654 3925 non
1676 3846 1825 3946 patimur
1842 3843 1891 3918 ab

477 3979 553 4053 aliis
575 3977 748 4075 usurpari.
770 3978 858 4051 ilinc
878 3985 931 4051 est
952 3977 1050 4071 quod
1067 3977 1207 4073 prelatis
1223 3977 1464 4070 ecclesiarum,
1486 3973 1682 4068 comitibus,
1699 3970 1892 4047 bmunibos

477 4126 539 4178 seu
559 4105 771 4199 quibuslibet
785 4104 862 4178 aliis
880 4103 1004 4178 uostris
1021 4101 1182 4176 fidelibus
1201 4101 1343 4175 firmiter
1358 4101 1558 4176 inhibemus
1578 4099 1675 4197 quod
1693 4097 1810 4171 nullus
1828 4117 1890 4170 ra·

477 4229 733 4304 commendatos
750 4230 807 4304 uel
824 4229 870 4304 ad
894 4239 1044 4304 nostram
1063 4227 1194 4302 curiam
1220 4234 1398 4302 reuocatos
1419 4228 1455 4300 in
1482 4235 1657 4324 posterum
1681 4222 1809 4297 audeat
1828 4242 1891 4296 re·

476 4355 597 4446 tinere,
621 4353 683 4427 sed
699 4353 792 4449 ipsos
808 4355 843 4427 iu
865 4353 1062 4428 civitatibus
1079 4351 1186 4424 nostri
1205 4351 1357 4426 demanii
1372 4351 1500 4446 bajulis
1519 4351 1575 4426 vel
1592 4349 1669 4424 nliis
1683 4347 1891 4424 officialibus

476 4479 602 4552 nostris
625 4478 700 4550 sine
731 4477 932 4552 difficultate
960 4479 1137 4572 assignent
1160 4475 1218 4550 vel
1243 4475 1289 4549 nd
1314 4477 1390 4550 loca
1417 4475 1501 4572 ipsis
1523 4473 1692 4549 mvocatis
1716 4472 1889 4547 destinata

475 4603 659 4678 remittant.
680 4601 782 4690 Quod
800 4603 830 4676 si
854 4601 959 4696 hujus
977 4601 1230 4675 constitutionis
1249 4610 1363 4676 nostre
1376 4600 1550 4698 quispiam
1564 4599 1715 4674 violator
1731 4607 1887 4672 mmera-

474 4729 548 4804 rins
564 4729 717 4804 extiterit
742 4729 797 4803 vei
819 4727 932 4802 eidem
951 4726 1107 4801 fraudem
1127 4726 1257 4824 lecerit,
1278 4727 1445 4800 bonorum
1464 4747 1607 4800 suorum
1626 4723 1782 4799 omnium
1804 4743 1887 4797 mc-
