4372 5918
775 597 903 660 REGNI
927 597 1117 661 SICILIAE.

647 879 867 954 TITULUS
898 879 1019 953 XXV.
1047 883 1114 954 ΚΘ
1142 877 1244 975 (29).

535 1033 583 1103 De
598 1032 761 1106 violentiis
778 1034 868 1106 cr'reo
879 1033 1110 1128 pomeranensem
1127 1029 1283 1102 admetto
1300 1025 1315 1125 (
1337 1026 1364 1124 ).

780 1206 874 1256 rnna
904 1203 1106 1256 aneosrus.

292 1332 478 1406 violentias
503 1332 735 1426 subjectorum
765 1342 959 1408 nostrornm
987 1355 1056 1428 que
1084 1332 1314 1407 turbationem
1340 1329 1535 1407 desiderate
1557 1330 1654 1426 pacis

246 1454 432 1550 inducunt,
451 1457 540 1532 inter
558 1467 745 1554 utrumque
761 1457 833 1552 jus,
852 1457 1118 1552 Longobardum
1136 1457 1265 1530 scilieet
1289 1463 1324 1530 et
1342 1475 1543 1543 oommnne‚
1557 1453 1652 1527 viam

246 1580 395 1654 mediam
415 1580 593 1674 ebgeutes,
614 1601 705 1677 pena
726 1580 879 1674 legitima
901 1581 1064 1654 volumus
1082 1600 1250 1654 ooernere.
1270 1581 1464 1652 statuentes
1480 1575 1546 1675 (b),
1566 1586 1606 1650 ut
1623 1576 1653 1650 si

246 1703 324 1798 quis
346 1725 410 1799 per
431 1705 628 1778 violentiam
647 1703 839 1778 destituerit
858 1705 1009 1799 aliquem
1031 1705 1079 1778 rei
1103 1703 1288 1777 immobilis
1306 1724 1553 1801 possessorem,
1574 1725 1654 1800 pos·

247 1827 399 1902 sessione
420 1849 500 1901 eum
519 1829 682 1922 legitImis
699 1827 965 1902 obventionibus
985 1828 1147 1902 omnibns
1168 1827 1366 1924 [primitm]
1386 1827 1560 1916 restituta,
1579 1826 1656 1900 vio·

247 1951 379 2026 lentum
403 1953 460 2026 vel
483 1953 714 2028 universalem
742 1973 975 2026 successorem
993 1953 1069 2046 ejus
1086 1952 1123 2024 in
1141 1951 1326 2026 medietate
1347 1950 1570 2026 estimationis
1586 1951 1654 2042 rei,

247 2076 284 2148 iu
314 2099 387 2172 qua
413 2077 613 2152 violentiam
640 2078 852 2152 eommisisse
878 2078 1060 2173 probatur,
1087 2076 1325 2152 mulctandum
1355 2097 1432 2150 esse
1461 2096 1654 2150 oensemns.

247 2202 459 2276 DerisorIum
479 2224 630 2298 namque
647 2203 821 2276 oredimus
839 2225 904 2276 sex
921 2201 1110 2276 solidorum
1132 2201 1283 2296 aliquem
1301 2207 1435 2274 tantum
1451 2220 1541 2296 pena
1559 2199 1657 2274 dam·

248 2327 341 2420 nari;
362 2335 446 2400 tune
461 2325 619 2420 demum,
640 2327 781 2422 qnando
796 2350 896 2402 suam
915 2348 987 2402 rem
1012 2327 1185 2402 violentus
1201 2324 1348 2421 probare
1362 2344 1433 2398 non
1449 2333 1582 2420 posset,
1605 2328 1660 2414 [et

251 2450 320 2540 sio]
346 2451 597 2547 possessorium
621 2451 780 2547 petitorio
806 2456 846 2542 [a
867 2472 938 2546 quo
960 2461 1158 2548 separatum
1175 2469 1252 2524 esse
1270 2449 1486 2544 dignoscitur
1504 2449 1569 2546 (e)]
1592 2450 1660 2522 im-

252 2575 409 2649 miscere.
428 2576 471 2648 Et
487 2573 574 2650 iilud
590 2575 694 2648 etiam
709 2575 867 2650 modeste
882 2576 971 2650 ierne
986 2575 1185 2671 neanmm,
1206 2574 1268 2648 nbi
1285 2594 1347 2672 pro
1364 2573 1527 2647 violentia
1545 2573 1662 2670 aliqua

254 2699 288 2770 in
306 2699 524 2796 possessione
541 2701 741 2790 eommissa,
759 2701 966 2797 proprietate
983 2701 1033 2773 rei
1049 2721 1112 2773 sne
1126 2700 1161 2774 in
1182 2707 1291 2773 totum
1305 2698 1429 2794 aliquis
1442 2697 1498 2772 vel
1516 2698 1662 2774 estima-

255 2824 435 2915 benerei,
461 2825 490 2897 si
509 2846 579 2898 non
602 2835 691 2899 esset
717 2847 773 2899 res
801 2826 958 2923 propria,
984 2825 1194 2921 privaretur;
1220 2826 1298 2917 jure
1325 2823 1532 2897 Franoornm
1558 2822 1663 2896 etiam

258 2947 348 3042 quod
365 2958 477 3022 certas
496 2971 605 3046 penas
629 2951 665 3022 in
687 2949 859 3024 vIoIentiis
876 2949 1066 3041 statuebat,
1088 2949 1124 3022 in
1141 2949 1207 3024 hae
1224 2956 1321 3044 parte
1338 2947 1461 3045 sopito.
1480 2947 1662 3043 Raptorem

260 3081 368 3146 autem
392 3073 444 3146 rei
469 3074 604 3146 mobilis
628 3075 733 3168 juxta
757 3074 853 3170 qnod
876 3075 956 3167 juro
985 3073 1159 3146 eommnni
1184 3080 1338 3164 cavetur,
1364 3071 1400 3144 in
1429 3069 1662 3167 quadruplum

262 3205 449 3293 computate
463 3198 513 3271 rei
528 3197 766 3272 damnandnm
785 3219 861 3272 esse
878 3218 1073 3272 censemus.

682 3492 897 3566 orroeos
925 3492 1067 3565 xxvr.
1096 3489 1244 3588 ntae).

650 3643 700 3718 De
734 3648 935 3719 restitutione
966 3645 1179 3742 possessionis
1211 3641 1274 3740 (d).

801 3820 894 3869 tna!
923 3817 1122 3869 AUGUSTUS.

311 3944 402 4019 Circa
427 3947 666 4022 violentiarum
684 3971 812 4046 penas,
836 3971 895 4022 aas
920 3948 1129 4045 patientibus
1154 3946 1237 4018 satis
1261 3941 1435 4018 eredimus
1457 3942 1669 4017 constitutio·

306 4107 344 4189 (a)
365 4111 477 4172 (imeae
490 4111 585 4174 matrs
600 4129 609 4172 ε
625 4113 667 4174 nr
673 4131 770 4193 poetro
780 4111 918 4175 erotema
928 4110 1115 4194 spoliantium
1128 4109 1255 4192 olim
1266 4105 1418 4170 Immobt'lit
1431 4105 1667 4188 repraestare.

306 4211 344 4295 (b)
364 4217 401 4278 ln
414 4213 513 4279 latinis
523 4219 698 4297 statutam
710 4223 883 4300 eorrigtmus
895 4237 933 4282 ex
948 4235 1052 4299 greeae
1065 4215 1201 4301 epitom

306 4317 340 4400 (c)
365 4323 446 4384 Hane
465 4325 648 4401 parenthesis
667 4333 698 4387 et
718 4325 894 4404 praerodens
907 4323 945 4408 [rt
956 4325 1008 4402 rie]
1022 4327 1121 4401 inepte
1132 4325 1165 4384 in
1178 4324 1269 4385 latim
1286 4328 1372 4384 textu
1384 4323 1580 4401 irrepsemnt,
1595 4321 1669 4383 dum

273 4437 380 4490 emaum
389 4429 511 4490 turbent
522 4431 602 4508 apud
614 4432 745 4494 oodioem
756 4449 893 4512 graneam
903 4435 1022 4492 omnino
1034 4431 1162 4492 nItidum
1176 4436 1223 4492 :et
1232 4437 1309 4506 toan,
1317 4425 1433 4511 quondo
1445 4443 1528 4488 raam
1540 4445 1602 4488 rem
1613 4445 1670 4488 erae

274 4528 402 4595 tt'oleetnr
410 4534 537 4614 probare
549 4553 609 4598 non
617 4545 722 4618 pooiet,
728 4536 1195 4620 maerentemjadieirmjodieio
1204 4536 1239 4597 de
1252 4535 1377 4598 domino
1386 4535 1542 4596 immittere
1546 4536 1668 4616 poterit.

308 4636 349 4718 (d)
370 4640 480 4702 Greeee
493 4649 591 4704 anoem
605 4643 701 4708 indus
716 4665 724 4706 τ
739 4647 781 4707 De
793 4647 907 4728 optione
920 4644 990 4708 dota
1003 4643 1125 4727 spolt'nto
1140 4642 1246 4726 optadi
1265 4641 1312 4705 od
1326 4649 1427 4705 contro
1438 4639 1608 4723 spoliantem
1627 4639 1674 4705 nel

274 4752 366 4808 conon
381 4747 585 4828 penitentem,
