4372 5918
506 545 550 608 {ld
1036 543 1392 607 cortsrtrttrtottas

508 680 764 772 conservando,
782 681 833 754 sic
848 691 883 755 et
899 681 935 754 in
953 681 1152 756 venarando
1162 683 1328 774 justitiam
1347 681 1393 754 sit
1407 680 1516 771 filius,
1532 691 1567 755 at
1592 683 1629 754 in
1655 683 1764 778 ipsius
1781 684 1916 780 copiam

509 807 738 880 ministrando
750 806 915 880 minister.
932 807 1004 880 Hac
1018 806 1124 898 igitur
1138 807 1292 879 consulta
1309 807 1440 880 rationo
1457 807 1669 899 commoniti,
1681 807 1743 904 qni
1754 808 1800 882 de
1811 831 1916 882 mann

509 929 646 1004 Domini
668 938 840 1028 sceptrum
861 930 997 1025 imperii
1018 939 1053 1002 et
1073 926 1180 1026 [inter
1204 931 1270 1004 alia
1296 927 1421 1028 regna]
1445 931 1543 1026 regni
1564 932 1679 1006 Sicilie
1695 931 1916 1006 moderamen

509 1053 727 1150 accepimus,
746 1053 870 1126 nostris
886 1051 1225 1126 fidelibnsomnibns
1243 1053 1388 1150 predicti
1405 1055 1502 1148 regni
1519 1064 1633 1128 nostre
1655 1056 1842 1128 voluntatis
1860 1078 1916 1128 ar·

508 1177 612 1250 bitrio
636 1177 849 1274 propositum
868 1177 1074 1250 nunciamus
1096 1203 1105 1248 :
1128 1177 1212 1272 quia
1234 1178 1334 1250 nobis
1349 1179 1446 1252 cordi
1463 1189 1516 1253 est
1535 1181 1629 1254 inter.
1645 1180 1759 1276 ipsos,
1786 1181 1923 1276 absque

508 1302 705 1398 acceptione
731 1302 886 1398 qualibet
910 1323 1154 1399 personarum,
1181 1302 1353 1376 universis
1383 1314 1417 1377 et
1445 1303 1615 1398 singolis,
1647 1313 1803 1400 prompto
1825 1305 1914 1396 nelo,

504 1426 671 1518 justitiam
701 1427 912 1517 ministrare,
939 1436 978 1499 ut
1012 1427 1153 1500 abunde
1184 1427 1294 1523 ipsius
1321 1427 1456 1524 copiam
1481 1451 1543 1524 per
1568 1427 1732 1503 officiales
1761 1439 1913 1522 nostros,

507 1551 635 1647 quibus
669 1549 780 1646 ipsam
810 1551 1045 1627 commisimus
1080 1551 1361 1641 ministrandam,
1392 1553 1547 1648 undiquc
1576 1554 1715 1628 valeant
1746 1554 1913 1628 invenire.

509 1677 665 1772 Ipsorum
684 1675 796 1750 officia
821 1677 983 1750 volumus
1010 1700 1086 1750 esse
1112 1677 1280 1768 discreta3
1300 1677 1461 1752 civilibus
1487 1679 1726 1774 questionibus
1751 1679 1855 1772 alios,
1883 1690 1918 1754 et

507 1799 592 1872 ulios
616 1801 893 1874 accusationibus
908 1802 1144 1874 criminalibus
1162 1801 1418 1898 preponentes(
1439 1800 1466 1898 l.

904 2051 1122 2124 TITULUS
1153 2051 1317 2125 XXXII.
1344 2055 1405 2140 A<
1431 2053 1524 2151 (36).

1030 2201 1080 2274 be
1095 2203 1188 2274 cultu
1195 2204 1329 2296 justitie
1340 2201 1396 2299 (b).

1076 2377 1156 2426 lanu
1181 2376 1351 2428 AUGUSTUS.

557 2526 677 2599 Cultus
699 2527 830 2620 justitie
856 2527 1028 2602 silentium
1060 2539 1251 2624 reputatur.
1283 2533 1411 2604 Eorum
1441 2530 1547 2623 igitur
1572 2530 1761 2604 insolentiis
1789 2551 1919 2604 occur·-

511 2659 642 2743 rentes,
659 2652 720 2746 qni
739 2651 949 2744 judiciorum
964 2652 1119 2728 ordinem
1134 2656 1354 2728 tumultuosis
1371 2655 1579 2728 clamoribus
1597 2673 1680 2748 sepo
1696 2653 1914 2749 perturbant,

509 2777 693 2850 statuimus
715 2777 752 2848 in
770 2787 942 2874 posterum
963 2779 1134 2873 litigantes
1159 2789 1195 2852 et
1220 2779 1391 2875 quoslibet
1409 2781 1495 2854 alios
1511 2779 1548 2852 in
1561 2777 1703 2873 judiciis
1716 2779 1914 2867 existentes,

511 2923 590 2973 cum
605 2903 798 2976 reverantia
814 2904 1033 2998 magistratus
1042 2905 1123 2996 jura
1141 2903 1329 2994 reddentis,
1349 2905 1499 3000 quietem
1510 2905 1642 2998 justitio
1654 2907 1840 2979 observare
1853 2903 1915 3002 (c);

510 3047 575 3100 neo
599 3028 799 3123 priusquam
820 3029 993 3102 licentiam
1019 3031 1063 3104 ab
1081 3051 1139 3120 eo,
1161 3030 1222 3126 qui
1242 3030 1375 3125 jndicio
1394 3031 1536 3129 preerit,
1557 3041 1821 3127 consequantur,
1838 3031 1919 3122 jura

510 3171 574 3224 sua
598 3173 790 3248 proponere
817 3154 985 3248 audeant,
1009 3155 1066 3228 rel
1091 3178 1153 3252 pro
1178 3157 1245 3229 ulio
1268 3158 1453 3254 postulare.
1473 3157 1530 3230 Sic
1546 3157 1703 3232 modeste
1721 3167 1836 3254 partes
1854 3176 1919 3228 vo-

510 3275 626 3349 lumus
640 3297 703 3372 pro
714 3297 753 3350 se
770 3277 825 3350 vel
842 3299 905 3374 pro
921 3279 998 3353 aliis
1016 3279 1052 3354 in
1068 3277 1213 3372 judiciis
1234 3301 1414 3376 perorare,
1436 3289 1475 3354 ut
1492 3280 1595 3354 etiam
1618 3280 1648 3354 si
1669 3279 1839 3354 advocato
1865 3277 1919 3351 di·

511 3401 601 3476 centi
624 3398 876 3500 [coadvccatue
900 3401 949 3500 (d)
976 3406 1051 3498 ejus
1078 3405 1134 3477 vel
1154 3425 1233 3500 pars
1253 3401 1470 3502 principalis]
1493 3404 1625 3500 aliquid
1650 3404 1697 3478 ad
1721 3403 1919 3477 memoriam

511 3528 567 3604 vel
591 3527 736 3622 dejure
767 3527 824 3601 vel
854 3527 900 3602 do
928 3528 1018 3602 lacto
1045 3529 1205 3622 reducat,
1227 3529 1263 3601 in
1288 3550 1374 3603 anre
1397 3529 1473 3603 sine
1496 3529 1639 3626 strepitu
1660 3529 1777 3624 aliquo
1807 3527 1920 3602 dicere

554 3723 597 3804 (u)
617 3725 653 3786 ln
666 3739 773 3804 manco
786 3725 829 3784 slc
842 3725 1004 3801 coneipitur
1019 3741 1028 3784 ε
1046 3721 1151 3804 Officio
1171 3722 1273 3786 mmm
1286 3732 1452 3787 nostrorum
1465 3722 1633 3805 officialium
1649 3721 1779 3787 colamur
1791 3741 1849 3784 erse
1860 3721 1920 3782 dir·

511 3839 609 3906 creta,
633 3828 799 3893 ariadnalia
826 3828 955 3893 mutibus
978 3838 1014 3894 ot
1039 3833 1158 3913 majoris
1183 3833 1321 3894 menti
1342 3837 1562 3912 prospectum.
1577 3831 1664 3906 Quod
1676 3831 1802 3892 multum
1818 3829 1881 3890 abit
1902 3843 1921 3888 a

511 3941 619 4012 latlno,
632 3944 805 4000 nontamen
819 3955 922 4002 avaro
937 3955 1026 4000 sensu
1038 3939 1194 4014 abhorret,
1209 3941 1234 4001 nl
1247 3939 1380 4000 conferas
1400 3955 1469 4000 cunr
1487 3955 1565 4000 nova
1585 3937 1793 4000 constitutione
1804 3935 1920 3998 Statari-

513 4064 578 4108 mas
590 4053 624 4107 ut
638 4063 755 4128 maome
766 4047 818 4108 nbi
831 4048 938 4126 legltnr
948 4066 956 4108 :
961 4049 1094 4129 primum
1106 4049 1219 4130 acquiri
1226 4048 1423 4128 proccbpimur
1436 4048 1463 4108 ri
1474 4045 1515 4108 ud
1524 4043 1736 4128 rioilnjudiccr
1748 4045 1782 4106 iu
1792 4041 1922 4105 carduo

514 4155 618 4228 causo,
632 4149 678 4220 ool
687 4149 722 4212 de
735 4153 893 4234 majoribus
907 4153 981 4236 (aab.
997 4151 1207 4233 criminalibus)
1221 4154 1263 4217 ad
1274 4157 1397 4239 rujam
1407 4155 1536 4236 primum
1548 4171 1694 4216 reuersum
1706 4151 1879 4216 totumne

557 4259 599 4341 (b)
621 4263 732 4322 Graece
744 4267 844 4322 numm
860 4278 869 4320 r
884 4261 926 4321 De
934 4280 1030 4343 poena
1044 4261 1225 4325 turbantium
1238 4261 1489 4345 ordincmjudt'cii.

558 4366 596 4448 (c)
622 4367 659 4427 ln
674 4363 778 4445 graban
791 4370 885 4446 magis
897 4371 1027 4446 precelsa
1041 4387 1051 4430 ι
1065 4388 1130 4431 urm
1141 4373 1303 4434 numantia
1314 4371 1500 4453 mopbtrotua'
1511 4385 1612 4431 warns
1618 4383 1790 4448 proponere.

558 4471 601 4553 (d)
622 4475 658 4536 ln
679 4475 829 4551 lmpressls
852 4480 880 4535 et
900 4472 1041 4540 adonemi.
1060 4477 1148 4552 Quod
1173 4497 1211 4540 ex
1237 4479 1338 4542 codice
1363 4487 1440 4542 toas
1464 4479 1646 4541 correximus
1653 4517 1664 4550 ‚
1679 4476 1742 4538 loco
1768 4473 1923 4552 paululum

518 4581 644 4644 obscuro
657 4587 836 4642 mmnncntc.
852 4582 888 4644 In
901 4597 1005 4661 gruem
1017 4583 1137 4648 brcrlns
1153 4605 1161 4647 r
1174 4594 1209 4649 ut
1222 4588 1249 4648 a·
1256 4589 1378 4669 proprio
1389 4585 1525 4650 memte
1535 4583 1576 4648 ad
1587 4582 1753 4645 memoriam
1765 4577 1923 4663 qaldjarir

517 4685 644 4770 calfacti
656 4703 787 4748 rarecort
798 4684 927 4751 colurit.
