4372 5918
790 589 915 653 REGNI
939 591 1126 658 SICILIAE.
1623 588 1664 653 ¹15

248 728 471 826 quandoper
498 749 660 824 magnam
679 727 810 800 curiam
834 736 986 802 nostram
1019 731 1143 804 citatus
1170 742 1205 804 et
1227 738 1415 804 contumax
1448 725 1657 801 bannitionis

248 875 373 951 penem
396 852 552 927 incurrit.
570 852 823 927 Humanitatem
842 861 955 927 tamen
975 855 1126 950 antiquis
1142 856 1278 949 legibus
1301 861 1464 928 annotato
1486 859 1657 926 servatam

250 988 409 1052 anostra
436 976 641 1052 celsitudine
667 977 829 1051 volumus
857 998 927 1051 non
953 979 1095 1070 negari,
1124 989 1164 1052 ut
1192 979 1242 1052 ele
1268 979 1398 1050 scilicet
1423 977 1512 1049 intra
1528 995 1658 1048 anuum

250 1102 446 1197 predictum
470 1101 696 1177 redeuntibus
719 1101 810 1174 bona
835 1121 1039 1198 recuperare
1062 1103 1165 1178 liceat
1185 1111 1369 1196 annotata,
1399 1101 1497 1176 tertia
1524 1109 1656 1173 tantum

250 1239 346 1325 parte
360 1228 538 1302 mobilium
553 1228 589 1300 iu
606 1248 744 1302 omnem
761 1235 924 1301 eventum
941 1227 1037 1324 apud
1059 1237 1209 1303 nostram
1227 1229 1359 1302 curiam
1376 1235 1595 1318 remanente,
1621 1233 1673 1306 ut

251 1355 453 1450 impunitam
473 1355 546 1428 lore
562 1361 752 1428 contumax
768 1373 867 1426 suam
885 1355 1135 1428 contumaciam
1151 1376 1221 1429 uon
1237 1355 1371 1428 letetur.

757 1673 958 1748 crunnus
983 1675 1031 1748 11.
1053 1673 1159 1769 uqa).

322 1851 362 1921 Ut
386 1851 584 1924 caueatur
602 1862 757 1924 scemate
774 1863 807 1924 et
824 1852 975 1924 mulieres
993 1855 1166 1947 conjcpote
1183 1853 1220 1926 in
1240 1851 1468 1926 crimicalibus
1486 1851 1598 1924 coctis

635 1978 766 2070 possint
783 1977 940 2050 ordv'norc
954 1974 1228 2071 procuratores(
1249 1976 1273 2074 ).

802 2177 892 2226 IUEII
918 2177 1115 2228 AUGUSTUS.

302 2332 482 2408 Generalia
496 2334 574 2428 jura
591 2332 791 2423 condentes,
813 2343 881 2406 tam
896 2335 1059 2406 incausis
1074 2341 1276 2428 quocontra
1294 2332 1486 2426 siugularee
1501 2353 1665 2428 personas

257 2482 360 2556 quam
378 2459 487 2532 iubis
504 2479 574 2555 que
591 2467 709 2532 contra
725 2459 966 2534 universitates
983 2467 1165 2532 moventur
1187 2455 1374 2548 interdum,
1392 2465 1507 2530 nostre
1524 2457 1664 2530 celsitu·

258 2583 349 2658 dinis
363 2582 519 2657 studium
537 2585 744 2657 excitamus.
764 2585 803 2656 In
820 2583 1056 2658 criminalibus
1073 2583 1179 2676 igitur
1197 2583 1313 2656 causis
1328 2590 1363 2654 et
1379 2580 1583 2676 capitalibus
1600 2603 1665 2656 ac-

259 2708 492 2782 cusationibus
509 2730 597 2803 quas
612 2717 729 2782 contra
749 2707 991 2782 universitates
1005 2709 1159 2782 locorum
1177 2729 1198 2780 a
1213 2706 1362 2802 'privatis
1377 2707 1533 2802 personis
1547 2707 1603 2778 vel
1620 2707 1666 2779 ab

260 2833 540 2907 universitatibus
565 2841 684 2908 contra
711 2833 951 2906 universitates
975 2833 1060 2906 alias
1084 2831 1140 2904 vel
1169 2831 1321 2926 privatas
1345 2851 1507 2926 personas
1533 2830 1666 2903 moveri

261 2958 441 3052 contingit,
465 2957 721 3032 altercationem
743 2957 1019 3054 jurisperitorum
1044 2957 1080 3028 iu
1104 2965 1307 3052 perpetuum
1330 2953 1550 3046 decidentes,
1575 2976 1666 3050 syn-

262 3081 354 3156 dieos
379 3081 426 3180 (b)
445 3081 742 3179 quemadmodum
765 3083 802 3154 iu
822 3081 982 3155 civilibus
1004 3081 1118 3154 causis
1135 3081 1365 3177 permittImus
1392 3089 1427 3152 et
1457 3079 1667 3176 precipimus

262 3208 361 3280 etiam
372 3207 538 3300 ordinari,
546 3207 634 3302 juris
642 3207 754 3280 civilis
767 3207 880 3302 rigore
890 3207 926 3278 in
939 3216 1143 3303 perpetuum
1155 3205 1353 3299 quiescente
1365 3201 1461 3300 quod
1471 3203 1507 3274 iu
1520 3203 1668 3298 publicIs

260 3331 397 3424 judiciis
414 3342 668 3427 procuratorem
686 3333 814 3406 trustra
832 3331 1041 3405 intervenire
1055 3330 1183 3406 debere
1200 3329 1461 3426 prescripserat3
1478 3349 1558 3402 nam
1576 3327 1667 3400 ditii-

263 3457 384 3530 cultate
399 3465 435 3529 et
447 3455 720 3552 impossibilitate
735 3453 888 3551 quadam
907 3455 1174 3543 interveniente,
1195 3451 1280 3526 dum
1296 3452 1504 3524 universitas
1520 3460 1590 3524 tota
1607 3473 1669 3546 per

264 3603 298 3655 se
314 3582 391 3656 siue
413 3581 544 3675 ingenti
569 3581 723 3677 periculo
741 3581 927 3656 convenire
954 3581 1010 3653 vel
1036 3579 1212 3652 conveniri
1238 3599 1306 3652 uon
1326 3577 1452 3674 possit,
1478 3576 1524 3650 de
1547 3597 1669 3650 ueces-

263 3706 358 3780 sitate
374 3703 552 3802 oportebat
566 3705 682 3781 iuterri
699 3705 797 3800 quod
816 3705 984 3780 maleficia
1000 3715 1119 3779 centra
1136 3704 1247 3800 ipsam
1263 3705 1321 3778 vel
1335 3703 1381 3776 ab
1397 3703 1472 3798 ipsa
1487 3701 1669 3776 commissa

265 3829 429 3924 impunite
447 3840 624 3904 manerent
643 3856 652 3902 ε
673 3829 771 3925 quod
789 3851 854 3904 uec
872 3829 995 3903 honori
1013 3837 1128 3902 nostro
1145 3849 1210 3904 uec
1228 3827 1462 3920 subjectorum
1477 3832 1671 3898 nostrorum

266 3951 451 4026 commodis
468 3952 682 4048 dignoscitur
699 3953 875 4050 expedire.
897 3955 1008 4046 Hujus
1029 3954 1131 4027 etiam
1150 3961 1266 4025 nostre
1281 3949 1508 4023 humanitetIs
1527 3949 1672 4044 gratiam

267 4076 308 4150 ad
326 4078 486 4151 mulieres
500 4079 701 4174 conjugatas
716 4076 938 4152 extendimus
959 4105 968 4150 ε
990 4089 1030 4150 ut
1047 4079 1083 4150 iu
1101 4075 1336 4150 criminalibus
1355 4083 1390 4148 et
1405 4073 1612 4169 capitalibus
1627 4071 1674 4170 (c)

268 4202 375 4274 censis
390 4222 451 4296 per
467 4202 607 4276 maritos
623 4211 659 4276 et
678 4202 764 4276 alios
786 4223 875 4298 quos
891 4201 1065 4275 volueriut
1082 4208 1319 4296 procuratores
1338 4198 1510 4294 legitimos
1528 4207 1563 4272 et
1579 4197 1674 4271 suffi-

302 4403 346 4486 (c)
367 4405 479 4468 Graeca
494 4422 502 4465 ι
518 4405 554 4470 Ut
565 4406 765 4472 mattam
783 4409 817 4469 to
837 4405 998 4470 mensibu
1018 4407 1078 4469 sair
1094 4412 1147 4469 cat
1169 4401 1378 4486 defensionibus
1395 4399 1528 4481 medicos
1539 4399 1676 4465 ordiam

186 4615 190 4624 '
265 4519 413 4698 Ἢίω
426 4619 459 4680 tn
472 4633 576 4698 museo
588 4627 619 4683 et
630 4623 662 4683 tn
676 4623 743 4685 eod.
759 4631 850 4698 tent,
861 4624 926 4684 vice
938 4620 1104 4702 εγηάίιυηι,
1118 4623 1200 4701 quod
1213 4621 1333 4683 admtstt
1345 4617 1504 4682 cacanus.

305 4724 342 4805 (c)
368 4727 403 4788 In
416 4725 518 4788 codice
528 4735 606 4790 teat
619 4727 738 4791 addltur
751 4736 780 4792 ct
792 4726 944 4809 cievlr'bm
956 4731 1043 4793 male.
