4320 5918
516 561 577 624 loo
1018 559 1233 624 salosalcl
1258 559 1433 624 suctum
1742 565 1824 644 [Anu.
1842 565 1925 632 lm

566 694 788 789 Frcdoricus,
807 697 870 770 Dei
887 697 998 793 gratie
1014 699 1247 776 Romanorum
1263 695 1450 793 imperator
1467 714 1604 793 sempor
1622 709 1806 792 augustus,
1832 702 1929 775 leru-

517 823 624 896 salem
640 831 675 896 et
690 821 807 896 Sicilie
823 843 901 896 rex.
922 823 986 898 Per
1004 842 1148 918 presens
1164 821 1330 918 scriptum
1347 831 1467 896 notum
1487 818 1561 894 fieri
1577 823 1739 897 volumus
1758 825 1929 900 universis

517 946 614 1042 quod
627 966 690 1019 nos
714 945 929 1020 attendentes
946 947 1093 1041 qualiter
1115 954 1234 1020 sancta
1249 945 1401 1020 llomana
1418 945 1572 1020 Ecclesia
1589 955 1700 1022 mater
1715 959 1833 1024 nostra
1850 950 1928 1024 sin-

517 1071 622 1166 gulis,
634 1091 681 1144 ex
693 1069 811 1145 debito
825 1091 896 1166 quo
905 1079 1040 1144 tenetur
1053 1071 1286 1146 indifferenter
1298 1071 1345 1146 ad
1358 1089 1491 1164 omnes,
1504 1070 1634 1145 illibata
1642 1073 1722 1166 jura
1734 1087 1925 1168 conservet,

517 1205 551 1268 ct
569 1217 633 1268 nos
649 1195 772 1268 unitati
786 1215 850 1270 sue
865 1192 912 1269 ad
929 1195 1094 1269 tuendam
1108 1195 1372 1270 ecclesiasticam
1388 1195 1580 1270 libertatem
1596 1205 1631 1272 et
1655 1219 1718 1293 pro
1741 1207 1834 1272 statu
1857 1199 1928 1272 im-

515 1319 603 1416 perii
625 1319 842 1394 reformando
872 1319 1064 1394 reddiderit
1094 1321 1302 1410 uniformes,
1333 1328 1374 1392 nt
1400 1320 1433 1393 ci
1459 1318 1577 1394 debite
1601 1319 1776 1396 filiationis
1804 1321 1926 1396 affeetu

514 1453 694 1520 teneamur
709 1445 746 1517 in
761 1446 856 1521 omni
874 1447 1065 1522 reverentie
1082 1455 1246 1542 uuquam
1259 1446 1383 1539 matri,
1403 1453 1439 1520 et
1453 1445 1620 1520 honorem
1642 1449 1796 1522 Ecclesie
1811 1471 1854 1524 ac
1869 1472 1926 1524 re-

515 1567 752 1643 tornationem
780 1569 914 1666 imperii
941 1571 1046 1664 juxte
1076 1569 1258 1644 consilium
1292 1577 1329 1642 ct
1358 1569 1650 1644 submonitionem
1676 1571 1788 1668 ipsius
1816 1572 1926 1647 lacere

515 1691 722 1788 debeamus,
742 1694 910 1768 admoniti
928 1715 990 1791 per
1005 1693 1224 1768 honorabiles
1242 1693 1339 1766 viros
1360 1693 1551 1767 iohannem
1567 1693 1800 1768 venerabilem
1820 1695 1926 1769 Sabi-

512 1839 654 1892 ncnsem
681 1818 885 1915 episcopum
906 1827 941 1891 et
957 1819 1160 1914 magistrum
1185 1818 1323 1892 Petrum
1354 1815 1400 1892 de
1416 1816 1554 1914 Capua,
1580 1818 1695 1891 Sancti
1719 1817 1856 1914 Georgii
1879 1817 1924 1893 ad

511 1941 634 2014 Velnm
662 1963 807 2016 aureum
832 1941 1017 2016 diaconum
1039 1941 1270 2035 cardinalem,
1306 1963 1369 2038 pro
1395 1950 1493 2038 parte
1515 1942 1793 2016 reverendissimi
1819 1942 1924 2038 patris

511 2064 644 2146 domini
662 2064 815 2159 Gregorii
831 2065 958 2138 summi
975 2063 1148 2160 pontificis
1162 2073 1196 2138 et
1214 2065 1357 2138 fratrum
1375 2087 1535 2159 suorum,
1564 2087 1669 2162 super
1688 2066 1826 2162 negotio
1843 2065 1925 2140 illo-

508 2209 586 2260 rum
605 2189 651 2262 de
664 2189 886 2280 lombardia,
911 2187 1063 2263 Marchia
1086 2186 1231 2263 Trevisii
1250 2199 1285 2264 et
1307 2189 1527 2282 ltomeniola,
1554 2191 1617 2286 qni
1639 2189 1806 2264 videntur
1824 2191 1924 2264 nobie

509 2321 545 2386 et
561 2313 705 2410 imperio
722 2314 919 2406 adversari,
938 2335 984 2388 ex
999 2315 1118 2388 innata
1130 2315 1481 2410 mansuetudineque
1499 2315 1681 2390 universos
1701 2315 1847 2410 imperio
1859 2315 1922 2389 lio-

508 2457 611 2510 meno
635 2438 807 2532 subjectos
832 2437 879 2512 ad
904 2436 1010 2514 iidem
1026 2447 1061 2512 et
1077 2438 1296 2514 devotionem
1314 2439 1450 2535 imperii
1473 2460 1699 2532 revocamus,
1729 2447 1839 2512 totum
1863 2459 1922 2512 ue-

506 2557 639 2649 gotinm
654 2561 886 2656 predictorum
907 2562 953 2636 de
970 2562 1194 2656 lombardia,
1223 2563 1375 2640 blacchia
1401 2563 1547 2638 Trevisii
1573 2572 1609 2637 et
1632 2563 1834 2638 Romeniola
1853 2572 1921 2636 tam

505 2703 611 2778 super
629 2683 825 2760 detentione
840 2695 1034 2762 nostrorum
1054 2687 1223 2783 regalium
1241 2697 1278 2762 et
1294 2687 1441 2761 aliorum
1457 2686 1588 2782 jurium
1605 2695 1800 2761 nostrorum
1817 2709 1920 2782 quam

507 2805 553 2880 de
565 2809 733 2902 preteritis
746 2813 966 2906 excessibus,
987 2833 1075 2909 quos
1091 2813 1225 2910 pridem
1244 2822 1278 2886 et
1293 2813 1462 2888 hactenus
1473 2834 1695 2909 quocumque
1714 2813 1819 2886 modo
1840 2835 1919 2907 erga

507 2953 571 3008 nos
583 2942 618 3006 et
633 2933 817 3031 imperium
835 2939 1096 3030 commiserunt,
1118 2937 1282 3030 oonsilio,
1299 2937 1510 3034 provisioni,
1530 2937 1768 3034 compositioni
1787 2945 1822 3010 et
1840 2937 1919 3010 lau-

507 3055 638 3132 dationi
653 3059 798 3153 predicti
825 3063 952 3134 summi
980 3061 1152 3160 pontilicis
1177 3072 1213 3136 et
1233 3071 1351 3138 sancte
1374 3063 1527 3138 Romane
1550 3063 1670 3138 matris
1688 3063 1842 3136 Ecclesie
1860 3083 1918 3160 pro

505 3183 746 3258 reformatione
762 3186 858 3282 pacis
871 3196 907 3260 et
929 3195 1039 3260 status
1062 3187 1198 3284 imperii
1224 3187 1393 3262 duximus
1408 3187 1713 3280 committendum
1734 3188 1772 3262 id
1795 3187 1832 3258 iu
1850 3207 1919 3260 vo-

506 3308 638 3381 luntate
655 3319 690 3382 ct
706 3310 924 3385 ordinatione
942 3313 1130 3408 apostolica
1150 3311 1293 3386 firmiter
1316 3321 1529 3410 exponentes
1554 3311 1651 3410 quod
1673 3312 1846 3408 quidquid
1873 3333 1919 3386 ex

505 3431 571 3504 hoc
586 3435 813 3528 consuluerit,
833 3435 1039 3532 providerit,
1060 3435 1289 3533 composuerit
1304 3446 1339 3510 et
1353 3435 1566 3530 laudaverit,
1594 3447 1705 3510 ratum
1728 3445 1762 3510 et
1781 3433 1918 3508 firmum

506 3565 621 3630 tenere
635 3559 797 3632 volumus
813 3569 848 3632 ct
861 3557 1000 3634 habere.
1021 3558 1077 3634 Ad
1093 3562 1193 3654 cujus
1210 3561 1258 3635 rei
1280 3561 1481 3636 memoriam
1492 3571 1527 3634 ct
1537 3561 1693 3634 stabilem
1709 3559 1916 3654 firmitatem,

505 3701 645 3774 presens
666 3682 832 3778 scriptum
860 3681 933 3755 lieri
957 3683 1102 3756 lecimus
1126 3694 1161 3758 et
1185 3685 1281 3760 bulla
1305 3707 1412 3760 aurea
1436 3686 1572 3782 typario
1599 3693 1714 3760 nostre
1731 3685 1918 3777 mejestatis

506 3803 672 3901 impressa
685 3805 855 3900 jussimus
874 3806 1049 3904 insigniri,
1068 3829 1174 3901 anno,
1189 3831 1307 3884 mense
1322 3819 1357 3884 et
1372 3810 1562 3885 indictione
1579 3809 1792 3904 subscriptis.

553 3930 678 4004 Datum
697 3929 814 4026 Capne
837 3929 908 4029 (l),
938 3953 1031 4005 anno
1056 3931 1229 4008 dominice
1254 3933 1502 4008 incarnationis
1527 3931 1771 4022 MCCXXlllV,
1800 3951 1918 4006 mense

506 4052 640 4148 aprilis,
656 4054 800 4151 septime
817 4054 1027 4130 indictionis.

543 4415 581 4490 (l)
602 4436 616 4472 c
628 4417 776 4492 Imperator
789 4421 823 4480 do
838 4420 935 4497 Apulia
946 4421 1022 4482 veuit
1034 4423 1062 4480 in
1074 4423 1185 4482 Terram
1202 4423 1322 4484 laboris.
1337 4425 1376 4482 llt·
1384 4429 1450 4484 trmc
1460 4424 1496 4483 ab
1508 4424 1560 4484 'ota
1571 4429 1647 4498 parta
1655 4422 1762 4498 &puae
1771 4419 1830 4480 lieri
1839 4435 1918 4496 snper

506 4519 625 4571 montem
638 4515 776 4574 castellum
786 4517 863 4590 jubet
877 4521 948 4593 quod
959 4521 1018 4595 ipse
1027 4536 1108 4578 manu
1117 4522 1225 4596 propria
1235 4523 1436 4596 consignavit.»
1453 4523 1529 4580 llroc.
1543 4517 1915 4592 praemeditante.

506 4612 540 4669 ad
553 4628 616 4668 auu,
630 4613 669 4670 lto
682 4613 728 4672 illc
740 4615 849 4672 castello
862 4617 896 4674 ci.
912 4620 975 4690 quid
988 4619 1103 4678 diximus
1116 4620 1144 4676 in
1156 4620 1226 4678 libro
1238 4621 1283 4678 cui
1300 4621 1392 4680 titulm
1408 4639 1415 4678 ε
1431 4620 1587 4680 llocbcrcltsa
1603 4636 1651 4678 aar
1665 4619 1700 4678 lec
1712 4622 1879 4675 mononem
1892 4621 1916 4672 ct

506 4707 587 4768 ttist.
598 4710 642 4768 dcc
655 4711 809 4770 Normoada
820 4719 845 4771 ct
854 4712 885 4772 de
896 4714 1013 4774 lomois.
1025 4716 1057 4775 dc
1068 4716 1171 4776 &uodo
1182 4717 1250 4776 dona
1264 4717 1344 4778 t’1ut.
1360 4717 1469 4791 scel,
1478 4733 1508 4792 p.
1519 4720 1555 4776 lo
1570 4721 1598 4778 ol
1611 4718 1656 4776 to.
