4372 5918
531 588 570 651 16
1054 582 1412 647 constitutionis

530 743 717 821 percussus
734 741 781 794 ex
799 719 1021 816 percussione
1038 719 1113 816 ipsa
1133 721 1275 795 minime
1293 721 1474 810 moriatur;
1492 739 1673 816 percussor
1692 739 1847 810 manum,
1864 737 1944 790 cnm

530 871 600 945 qua
623 846 809 945 percussit,
836 845 969 919 amittat
992 843 1060 942 (l).
1080 846 1218 940 Equum
1238 855 1290 920 est
1307 846 1401 920 eninr
1426 847 1463 917 in
1482 865 1525 920 ea
1545 851 1644 940 parte
1663 842 1815 940 corporis
1842 841 1945 938 plecti

531 971 747 1063 maleficum,
778 991 848 1067 qua
881 969 968 1066 legis
1001 979 1036 1043 et
1070 970 1205 1067 imperii
1239 970 1461 1046 reumaticus
1492 977 1704 1066 contempta,
1736 965 1943 1042 maleficium

530 1097 762 1196 perpetravit:

984 1301 1188 1375 TITULUS
1212 1303 1310 1376 XIV.
1339 1309 1377 1389 Ις
1400 1301 1490 1401 (lb).

968 1451 1023 1522 De
1049 1453 1223 1526 homicidiis
1243 1455 1424 1548 puniendis
1441 1453 1505 1551 (a).

1056 1627 1152 1676 rnnrr
1183 1627 1405 1678 auousrus.

580 1755 778 1831 Terminum
794 1755 867 1828 vite
882 1754 1064 1828 hominurn
1082 1777 1105 1828 a
1124 1757 1243 1830 diviua
1262 1758 1362 1831 nobis
1379 1755 1598 1856 providentia
1612 1751 1942 1850 commissorumdi),

533 1891 702 1980 quantum
728 1879 892 1977 possibile
916 1880 978 1972 sit,
1004 1879 1096 1952 illius
1125 1883 1364 1956 tantummodo
1383 1881 1517 1976 judicio
1539 1891 1770 1972 reservantes,
1793 1879 1856 1976 qui
1881 1878 1944 1952 bo·

533 2008 663 2080 minem
680 2005 837 2080 condidit
855 2015 889 2078 et
905 2004 1069 2094 redemit,
1090 2006 1276 2104 imperialia
1293 2004 1541 2102 indignationis
1557 2007 1686 2082 aculeis
1702 2005 1863 2103 persequi
1884 2026 1946 2101 pro

534 2131 633 2206 iirmo
664 2131 881 2228 disponimus
908 2131 1120 2225 homicidas;
1149 2133 1335 2206 sanctionis
1362 2133 1531 2229 presentis
1562 2132 1677 2206 edicto
1703 2129 1947 2206 inviolabiliter

534 2267 724 2332 statuentes
747 2266 787 2330 ut
802 2257 1015 2352 quicumque
1031 2257 1137 2330 elium
1156 2257 1376 2354 protectionis
1396 2267 1547 2352 augusta
1563 2257 1764 2332 defensione
1784 2277 1945 2329 securum

534 2383 638 2456 luerit
655 2403 852 2476 aggressus,
866 2390 902 2454 ct
914 2382 950 2453 in
966 2402 1132 2477 eggressu
1146 2382 1222 2477 ipso
1235 2381 1397 2458 eumdem
1412 2381 1614 2479 probabitur
1627 2381 1812 2472 occidisse3
1828 2379 1942 2470 miles,

533 2509 591 2582 vel
608 2507 645 2579 in
662 2507 831 2604 superiori
849 2506 960 2602 gradu
977 2507 1123 2603 positos,
1144 2509 1254 2581 ultore
1268 2507 1397 2604 gladio,
1418 2529 1544 2604 penam
1559 2509 1726 2584 sustineat
1741 2505 1941 2604 capitalem3

534 2632 711 2707 inferiores
729 2633 825 2704 iuroa
840 2631 1016 2727 suspensi,
1038 2633 1160 2706 ultimo
1176 2631 1347 2729 supplicio
1365 2633 1596 2728 subjugentur
1615 2629 1630 2731 (
1646 2633 1672 2728 ).

1169 2817 1213 2882 rz
1238 2807 1327 2908 (ti).

584 2953 651 3038 Qui
674 2963 787 3026 tamen
811 2969 1046 3044 aggressorem
1069 2949 1126 3022 vel
1155 2950 1321 3024 latronem
1345 2949 1380 3022 in
1407 2949 1515 3022 dnbio
1537 2947 1609 3022 rite
1633 2945 1831 3021 discrimine
1860 2965 1944 3018 eon·

535 3077 687 3168 stitutus,
708 3075 764 3148 vel
781 3084 987 3148 nocturnum
1004 3075 1115 3147 iurem
1134 3096 1213 3146 cum
1232 3075 1397 3166 clamore,
1418 3095 1522 3168 quem
1539 3073 1638 3146 aliter
1655 3059 1946 3168 comprehendere

535 3224 604 3277 non
636 3203 793 3291 valebat,
817 3199 1001 3290 occiderit,
1028 3200 1131 3292 juxta
1159 3199 1321 3274 divorum
1353 3207 1534 3296 parentum
1567 3207 1759 3271 nostrorum
1794 3204 1943 3285 statuta,

535 3339 715 3427 propterea
732 3327 861 3398 nullam
881 3325 1089 3398 calumniam
1109 3325 1279 3398 sustinere
1297 3323 1449 3399 debebit.
1469 3323 1585 3395 iulans
1601 3323 1703 3395 etiam
1727 3331 1762 3394 et
1780 3319 1943 3411 furiosus,

535 3455 565 3526 si
583 3453 659 3525 siue
676 3449 888 3544 malignitate
902 3447 1009 3520 animi
1024 3447 1198 3521 hominem
1213 3447 1413 3539 occiderint,
1429 3468 1498 3521 non
1512 3455 1684 3537 tenentur,
1699 3445 1782 3540 quia
1800 3444 1945 3518 alterum

535 3575 731 3651 innocentia
747 3571 898 3665 consilii,
917 3573 1062 3646 alterum
1083 3572 1263 3646 infelicitas
1279 3594 1381 3646 casus
1397 3581 1542 3645 excusat
1558 3571 1623 3668 (d).

576 3769 618 3849 (a)
639 3769 675 3830 ln
693 3767 760 3833 eod.
778 3775 854 3828 isit
871 3767 899 3826 A
914 3785 923 3826 ε
938 3763 973 3826 de
985 3783 1066 3846 ριηα
1082 3765 1270 3844 metientis
1289 3772 1318 3826 et
1337 3763 1505 3839 occidenti,-
1521 3763 1603 3844 quod
1617 3779 1723 3843 gaeso
1736 3763 1902 3842 respondet.

577 3874 616 3954 (b)
637 3876 768 3938 Graccus
781 3873 871 3935 hebet
883 3871 1243 3951 aliudetquidemnostra
1253 3875 1397 3934 sententia
1406 3873 1511 3933 mellus
1522 3889 1531 3932 c
1542 3867 1591 3944 τὴν
1605 3867 1703 3953 &sopior
1717 3871 1765 3942 τῆς
1779 3867 1946 3953 ἀνθρωπίνης

536 3985 605 4055 ζωῆς
618 3979 692 4064 παρὰ
702 3985 749 4054 τῆς
758 3980 828 4049 θείας
842 3987 965 4063 προνοίας
979 3975 1153 4064 &septupium
1167 3983 1242 4058 ἡμῖν.

577 4093 612 4166 (c)
640 4091 722 4165 Quce
736 4095 900 4167 sequuntur
911 4089 1000 4149 aliam
1013 4089 1046 4148 ln
1060 4103 1165 4166 graeco
1177 4087 1291 4149 icclunt
1300 4088 1540 4150 constitutionem
1549 4085 1605 4150 sub
1613 4087 1672 4149 ella
1679 4085 1807 4162 rubrica,
1815 4085 1942 4148 scilicet:

535 4201 578 4262 De
590 4193 731 4258 occidente
743 4191 884 4256 iatronem
896 4191 1047 4274 celsiorem
1057 4202 1085 4256 et
1098 4193 1133 4256 de
1145 4194 1259 4278 &socie
1269 4193 1434 4276 aesuriem.

580 4303 623 4384 (d)
645 4303 732 4365 Hunc
744 4301 842 4364 locum
854 4303 887 4362 ln
899 4303 990 4364 variis
1002 4302 1181 4364 editionibus
1192 4305 1309 4364 varium
1322 4303 1361 4364 acl
1374 4301 1466 4366 fldem
1479 4305 1578 4384 graeei
1591 4303 1700 4366 codicis
1712 4301 1904 4380 explicamus.

576 4545 611 4620 (ti
629 4540 751 4617 Exempli
773 4555 869 4612 causa,
890 4540 1036 4600 ridendum
1056 4539 1121 4616 quid
1139 4547 1232 4599 narret
1252 4543 1350 4600 stateo
1374 4541 1402 4599 di
1425 4541 1592 4601 Giovenazzo
1607 4539 1774 4616 (nicerati,
1789 4537 1806 4612 5
1824 4536 1891 4612 tat)
1914 4537 1949 4594 de

539 4643 657 4702 blattheo
665 4641 752 4700 Gritto
757 4639 932 4714 Neapolitano
945 4637 1027 4696 miliia
1039 4639 1085 4713 qui
1096 4639 1265 4715 capitaneum
1276 4639 1419 4714 quemdam
1432 4655 1590 4698 saracenum
1598 4655 1685 4714 usqne
1696 4638 1731 4698 ad
1742 4651 1871 4712 sanguem
1886 4651 1947 4710 per·

539 4745 668 4800 cussarat.
684 4760 698 4794 a
712 4739 749 4797 Lo
763 4755 793 4796 rc
807 4735 957 4809 (Manirsdil
971 4736 1146 4795 commandao
1159 4737 1209 4795 clio
1224 4736 1294 4796 losse
1309 4737 1416 4811 tagliata
1428 4737 1454 4796 la
1471 4755 1554 4798 mano
1568 4738 1851 4797 insertiones.»
