4320 5918
520 539 582 602 uta
1018 535 1233 599 uatuualct
1258 533 1432 598 sacuam
1741 535 1825 616 [dn.
1844 535 1929 602 lm.

521 673 565 748 E.
584 671 820 748 cantuariensi
833 669 1107 769 archiepiscopo,
1135 672 1166 746 J.
1181 668 1422 760 Batironieuei,
1440 667 1481 742 ii.
1496 668 1737 760 munimenti,
1754 671 1796 746 R.
1815 671 1932 748 Cicer·

521 797 626 871 trenei
643 795 776 871 domini
788 795 881 892 regie
894 794 1019 904 Angiie
1030 795 1247 889 cancellario,
1264 794 1321 870 W.
1336 791 1537 868 Carleeleuei
1548 792 1733 890 episcopie,
1750 795 1792 868 tt.
1806 795 1933 872 comita

522 921 692 996 Comnbie
709 923 813 996 fratre
830 919 978 1020 predicti
998 919 1090 1014 ragin
1107 917 1249 1014 Angtie,
1274 919 1317 992 Η.
1338 917 1385 993 da
1402 917 1518 1012 Burgo
1533 915 1658 990 comite
1673 916 1815 1010 Kantie,
1833 925 1871 991 et
1886 919 1928 992 ii.

522 1046 646 1119 comite
655 1044 910 1136 derefordenei,
930 1053 966 1120 et
975 1045 1092 1118 multis
1103 1043 1179 1119 aliie
1192 1042 1381 1136 nobilibus,
1396 1039 1553 1134 iacimus,
1568 1048 1603 1114 et
1614 1039 1711 1136 quod
1721 1039 1932 1138 adpredicta

523 1170 639 1244 omnia
665 1165 930 1266 percomplenda
955 1189 1019 1243 noe
1042 1190 1106 1265 pm
1128 1167 1230 1264 legali
1261 1187 1365 1266 poaee
1386 1175 1502 1240 noeto
1524 1165 1617 1239 bonu
1641 1163 1713 1238 iide
1734 1164 1932 1243 errabimus

523 1293 690 1368 laborare.
710 1295 750 1368 In
766 1295 868 1388 cujus
884 1294 935 1368 rei
957 1293 1189 1370 testimonium
1208 1291 1302 1367 idem
1321 1312 1387 1366 rex
1407 1289 1532 1388 Anglie
1548 1289 1690 1364 illustria
1710 1289 1795 1366 huic
1806 1290 1933 1386 scripto

524 1419 675 1512 sigillum
691 1439 794 1492 suum
809 1420 982 1516 apposuit.

572 1545 697 1616 Datum
715 1540 811 1640 apud
826 1543 1183 1631 westmonasterium,
1211 1539 1311 1615 tertio
1326 1537 1385 1614 die
1401 1539 1503 1632 maii,
1532 1560 1624 1613 anno
1639 1537 1738 1634 regni
1751 1534 1934 1635 ipeiuedo·

526 1667 612 1739 mini
627 1667 719 1762 regie
736 1665 860 1762 Anglia
875 1667 1129 1760 decimonono,
1145 1687 1208 1762 per
1224 1685 1349 1740 manue
1366 1663 1488 1762 ipsius.

572 1791 753 1886 Ejusmodi
774 1791 978 1868 mandatum
996 1799 1094 1866 extat
1119 1787 1369 1886 archiepiscopi
1389 1785 1618 1878 colomensis,
1637 1785 1704 1862 niai
1725 1783 1823 1881 quud
1837 1785 1934 1860 iocus

526 1925 595 1986 tom
609 1915 649 1986 de
667 1915 798 1990 dominu
814 1915 1060 2012 damuatio,
1081 1925 1160 2009 etr„
1178 1914 1216 1988 in
1230 1913 1286 1988 hia
1297 1912 1420 1987 litteris
1433 1911 1542 1988 decet.

770 2195 869 2208 u-·--

411 2533 464 2568 m
580 2440 789 2549 Imperator
805 2461 894 2522 cum
914 2435 1089 2522 Conrado
1110 2435 1190 2523 filio
1208 2461 1279 2523 suo
1296 2447 1335 2521 et
1351 2437 1400 2522 de
1417 2463 1538 2550 regno
1555 2437 1765 2524 admodum
1782 2438 1932 2550 poncia,

336 2582 351 2621 ⁸
369 2633 391 2674 b.
408 2555 488 2684 ,2:3'5
527 2599 658 2657 mense
675 2572 804 2656 madio
822 2571 925 2682 apud
942 2569 1161 2656 Ariminum
1177 2596 1284 2656 mare
1301 2571 1433 2682 intrat,
1448 2579 1487 2656 et
1502 2571 1544 2654 in
1563 2569 1804 2684 aquilegiam
1817 2571 1935 2678 radit,

416 2697 437 2728 ⁰'
528 2706 663 2790 exinde
677 2705 717 2788 in
737 2704 1004 2789 Alemanniam
1021 2703 1258 2814 proiecturus
1263 2765 1410 2790 .....
1431 2704 1560 2792 Mense
1572 2705 1682 2818 junio
1699 2707 1749 2790 de
1764 2705 1937 2794 fetidius

525 2839 768 2950 'imperatorie
786 2837 963 2950 auspiciis
984 2837 1131 2922 litterae
1148 2847 1334 2924 venerunt
1358 2838 1399 2922 in
1416 2863 1604 2952 regnum,
1624 2841 1818 2952 (ιιιοιιιοᾱο
1835 2839 1935 2951 apud

530 2972 743 3057 Sibidatnm
762 2999 786 3056 a
803 2971 1037 3083 principibus
1063 2973 1212 3084 imperii
1229 2999 1373 3086 magno
1391 2971 1516 3058 inerat
1532 2999 1621 3060 cum
1636 2975 1782 3060 honore
1798 2999 1935 3086 recap-

530 3116 591 3188 tns
611 3105 687 3216 (1).
708 3105 809 3190 Rrec.
826 3131 871 3188 nn
890 3105 931 3190 S.
949 3105 1140 3213 Germano,
1154 3107 1329 3192 drona.
1351 3107 1401 3194 ad
1414 3133 1510 3194 auu.

202 3755 215 3776 ·
327 3730 415 3774 Nm
386 3675 506 3774 arnam
584 3643 818 3746 Fridericue‚
839 3643 1099 3728 Romanorum
1125 3645 1344 3755 imperator,
1364 3645 1414 3731 ad
1441 3646 1752 3758 supplicationem
1776 3645 1936 3731 Conradi

355 3783 478 3883 '²⁸33
533 3775 1937 3892 abbatieddmonteneismonaaterii‚renovat‚inee1itetoontirmatpri-

533 3911 712 4024 vilegium
735 3909 859 3993 eidem
886 3908 1068 3994 menotio
1099 3909 1292 3995 indultum
1310 3938 1334 3996 a
1350 3840 1540 3998 Friderioo
1557 3912 1681 4023 primo
1698 3939 1769 3998 avc
1787 3938 1873 4019 sno,
1892 3912 1939 3995 de

536 4071 637 4129 anno
658 4045 781 4151 1184,
801 4041 869 4126 ubi
889 4041 1147 4154 poseesdonee
1164 4043 1382 4129 monasterii
1401 4043 1466 4130 ille
1479 4055 1648 4130 recenset
1663 4043 1871 4160 idemque
1854 4069 1940 4156 pure

538 4178 807 4261 advocatorum
824 4174 967 4258 eximit.

535 4357 660 4373 μοι-ι-

546 4444 609 4519 ’“(Ι)
626 4443 789 4520 Prcepanm
802 4441 954 4517 imperatori
967 4457 1123 4502 sumeeeum
1135 4449 1297 4519 paraverant
1308 4443 1525 4520 mehtepiseopm
1535 4443 1720 4518 magunum,
1733 4444 1852 4520 „panope
1862 4442 1942 4502 pm.

536 4543 676 4618 tarenos
695 4547 723 4598 et
742 4539 940 4600 numadum
959 4546 989 4599 et
1001 4539 1122 4601 marchio
1134 4539 1286 4615 deBadeu,
1301 4541 1347 4616 qui
1363 4541 1434 4601 circa
1446 4542 1642 4618 initiumhujua
1659 4541 1723 4600 anni
1745 4541 1779 4600 de
1799 4541 1894 4618 Apulia
1906 4541 1940 4598 ad

537 4647 628 4716 partae
645 4639 816 4720 alemanniae
828 4637 931 4698 reversi
943 4637 1058 4698 fuerant.
