4360 5908
497 559 558 622 320
996 554 1211 618 ruruuatct
1235 555 1411 618 securint
1721 561 1799 646 [Asa.
1818 552 1910 626 1232'

497 694 543 770 de
555 691 802 784 Doremberch,
821 691 965 766 testibus
978 689 1142 766 videlicet
1155 691 1361 784 subnotatis,
1377 703 1566 790 spontanea
1576 698 1908 790 etgratuitavoiun-

497 829 566 896 tate
580 819 792 910 remisimus,
813 816 1089 890 renuntiavimus
1104 825 1140 890 et
1155 817 1409 913 resignavimus
1430 818 1625 894 Brissenich
1648 843 1727 894 cnm
1747 825 1909 898 omnibus

498 945 564 1018 sibi
580 943 804 1018 attinentibus
815 943 851 1015 in
865 941 979 1031 silvis,
1000 941 1037 1012 in
1052 941 1162 1034 agris,
1178 942 1215 1014 in
1228 943 1351 1038 pratis,
1380 943 1416 1015 in
1433 945 1587 1038 pascuis,
1615 945 1651 1018 in
1673 947 1843 1042 piscariis,
1871 951 1908 1022 in

499 1069 663 1166 Curpcud
674 1067 845 1164 quiequid
859 1065 972 1142 dictus
983 1087 1098 1140 comes
1109 1067 1253 1162 panum
1266 1077 1380 1143 noster
1391 1067 1520 1142 ibidem
1533 1068 1656 1143 hebuit
1666 1082 1700 1145 et
1715 1071 1752 1144 in
1763 1075 1911 1148 Biankar

497 1205 567 1268 tres
590 1216 746 1281 mansos,
769 1202 854 1290 aput
877 1195 1040 1266 Sanctum
1057 1193 1280 1287 Peregrinum
1301 1216 1410 1266 unum
1433 1215 1592 1268 mausum
1616 1196 1678 1290 qui
1699 1198 1845 1292 pertinet
1863 1197 1910 1272 ad

498 1319 700 1416 piscariam,
720 1318 807 1390 sicut
819 1316 1013 1413 pradictum
1028 1316 1207 1412 quondam
1224 1326 1387 1414 patruum
1405 1329 1560 1392 nostrum
1574 1319 1667 1394 dioto
1683 1320 1841 1418 hospitali
1854 1345 1909 1396 re-

498 1438 737 1532 cognoscimus
755 1435 963 1527 contulisse;
979 1443 1013 1508 et
1030 1444 1070 1506 ut
1083 1436 1154 1508 Deo
1170 1434 1232 1530 qui
1242 1435 1324 1508 fecit
1338 1456 1401 1509 nos
1415 1435 1554 1525 maioris
1566 1437 1788 1532 gratitudinis
1802 1441 1910 1514 obse-

497 1563 619 1658 quium
643 1559 886 1656 impendamus
908 1581 949 1634 ac
979 1558 1136 1652 ejusdem
1160 1559 1341 1656 hospitalis
1365 1559 1611 1656 provideamus
1640 1561 1676 1634 in
1706 1573 1909 1660 perpetuum

498 1686 682 1762 munimini
695 1693 730 1758 et
742 1685 863 1780 quieti,
883 1685 1092 1758 contulimus
1106 1693 1142 1758 et
1157 1683 1439 1758 confirmavimus
1451 1689 1583 1782 pretato
1599 1687 1765 1782 magistro
1779 1697 1814 1762 et
1826 1711 1911 1764 suc-

499 1813 694 1888 cessoribus
706 1812 786 1903 ojus
803 1829 844 1884 ao
859 1809 1018 1904 hospitali
1036 1809 1203 1902 jamdicto
1227 1811 1451 1908 prescriptum
1469 1812 1711 1908 proprietatem
1729 1814 1766 1886 in
1781 1815 1910 1888 Brisae-

500 1938 581 2012 nich
602 1959 682 2010 cum
700 1934 861 2010 omuibus
878 1935 1092 2031 pertinentiis
1115 1937 1209 2030 suis,
1228 1927 1363 2011 necnon
1388 1947 1424 2012 et
1445 1937 1602 2012 homiues
1617 1939 1678 2034 qui
1693 1949 1848 2035 spectant
1863 1938 1911 2013 ad

501 2085 596 2154 eam,
611 2061 776 2136 videlicet
791 2059 994 2153 Blanohum,
1007 2060 1160 2134 Utricum
1176 2061 1314 2154 fratrem
1330 2063 1406 2156 cjus
1424 2071 1519 2136 et...
1537 2061 1645 2136 fitium
1655 2064 1787 2157 iacobi,
1806 2065 1911 2138 Heiu-

498 2189 610 2262 rioum
624 2184 848 2260 Tirenweelre
866 2185 1127 2258 ctWinthcrum
1145 2206 1216 2259 una
1229 2207 1310 2260 cum
1323 2187 1486 2260 omnibus
1501 2187 1805 2280 aliishominibus,
1826 2189 1912 2262 viris

501 2323 536 2388 et
553 2310 755 2386 mulieribus
771 2311 818 2385 ad
833 2331 911 2384 earu
928 2309 1200 2405 pertinentibus;
1227 2311 1276 2384 ita
1296 2309 1393 2408 quud
1417 2333 1484 2386 nec
1498 2309 1698 2386 advocatias
1719 2333 1831 2408 neque
1850 2313 1911 2406 ju·

501 2437 594 2514 dicia
603 2457 668 2508 nec
683 2433 817 2530 aliquid
829 2435 917 2528 juris
933 2435 969 2508 in
984 2434 1147 2530 predictis
1160 2435 1261 2510 bouis
1278 2437 1379 2510 uobis
1393 2437 1452 2510 vel
1467 2438 1593 2510 uostris
1604 2437 1790 2511 heredibus
1804 2457 1910 2510 reser-

499 2583 646 2646 vamus;
675 2561 738 2634 sed
759 2560 951 2656 predictum
975 2559 1143 2656 hospitale
1168 2561 1277 2634 libere
1297 2569 1422 2636 cuncta
1444 2569 1480 2636 et
1502 2561 1618 2658 quiete
1640 2561 1815 2658 possideat
1835 2561 1912 2636 sine

500 2696 618 2762 nostra
635 2685 850 2760 etheredum
866 2694 1061 2758 nostrornm
1077 2685 1233 2760 motostia
1250 2694 1286 2758 et
1301 2685 1582 2761 contradictione.
1604 2685 1661 2760 Ad
1678 2687 1783 2780 hujus
1797 2697 1911 2760 cutem

499 2816 551 2890 rei
579 2822 779 2910 perpetuam
812 2810 1006 2886 firmitatem
1036 2821 1072 2886 ot
1101 2812 1318 2886 securimtem
1349 2813 1526 2910 hospitatis
1542 2815 1742 2908 memorati,
1772 2837 1912 2913 presens

500 2940 664 3035 scriptum
681 2937 755 3012 fieri
767 2937 936 3032 jussimus
949 2937 1054 3032 sigilli
1066 2937 1173 3010 nostri
1186 2937 1379 3013 munimine
1393 2939 1604 3013 roboratum.

548 3063 672 3138 Actum
696 3072 781 3160 aput
797 3061 1031 3158 aquilegiam,
1058 3084 1171 3158 auno,
1197 3083 1334 3156 meuse,
1360 3063 1549 3140 indictione
1566 3075 1602 3140 et
1623 3065 1768 3140 testibus
1784 3087 1912 3163 supru-

500 3187 646 3286 scriptis.
1514 3185 1527 3200 '

1608 3444 1696 3456 nna-tu·—

336 3727 353 3812 ξ
403 3727 452 3822 „f
555 3703 787 3810 Fridericus,
802 3701 1062 3786 Romanorum
1079 3703 1300 3813 imperatur,
1316 3703 1571 3788 Laniraucum
1590 3702 1766 3787 abbatem
1784 3701 1912 3786 Sanc-

503 3851 563 3925 tae
576 3837 715 3924 Mariae
728 3838 777 3920 de
789 3835 961 3919 Protulea
978 3835 1129 3918 investit
1145 3837 1193 3919 dc
1206 3835 1469 3946 jurisdictione
1485 3846 1523 3920 et
1539 3837 1720 3920 comitatu
1736 3835 1914 3920 villarum

502 3973 784 4085 Bursignanae,
805 3967 1052 4078 Tencarolae,
1071 3969 1265 4077 Nemoris,
1281 3969 1516 4078 Tramontis,
1536 3979 1574 4054 et
1591 3968 1641 4054 ab
1653 3995 1698 4054 eo
1712 3967 1915 4082 juramen-

503 4119 586 4192 tum
603 4105 794 4188 fidelitatis
811 4102 959 4213 recipit.

583 4295 684 4378 (Edtd.
699 4294 916 4370 dissonamus,
931 4289 1047 4356 Butler.
1061 4293 1185 4362 emas,
1201 4299 1226 4356 t.
1240 4293 1287 4370 11,
1300 4310 1329 4373 p.
1342 4303 1458 4372 sodex
1470 4293 1551 4358 mm.
1566 4293 1600 4358 S.
1614 4293 1727 4358 asmo
1738 4293 1777 4356 de
1788 4293 1913 4374 Protei,

623 4417 704 4480 caps.
720 4399 820 4478 V1,n·
834 4397 878 4480 v.)

554 4564 592 4636 In
606 4561 670 4635 Dei
687 4561 843 4655 nomine,
863 4581 955 4634 anno
973 4560 1131 4654 ejusdem
1153 4561 1344 4637 nativitatis
1359 4562 1542 4638 mitissimo
1555 4561 1792 4638 ducentesimo
1807 4561 1915 4657 trige-

503 4688 592 4764 simo
608 4686 782 4778 secundo,
803 4685 992 4762 indictione
1006 4687 1149 4782 quinta,
1170 4687 1339 4764 distortio
1360 4697 1514 4764 excunte
1528 4689 1668 4783 martio,
1692 4688 1727 4762 in
1742 4685 1915 4786 presentia
