4360 5908
486 585 548 650 280
987 585 1203 650 intuuntur
1228 585 1402 650 sttcttrtttt
1714 589 1796 669 [Aru.
1814 589 1904 654 tuat.

489 720 626 818 imperii
657 717 819 792 fidelibus
855 728 925 792 tam
957 721 1175 815 presentibus
1204 743 1310 818 mam
1339 722 1466 797 laturis
1488 721 1585 817 qnod
1613 721 1763 798 dilectus
1791 734 1906 800 noster

488 843 651 940 princeps
667 845 844 934 Nicolans,
864 843 1073 918 venerabilis
1091 846 1293 920 bisuntinos
1313 845 1611 942 archiepiscopus,
1629 845 1676 920 ad
1694 849 1903 943 presentiam

488 979 639 1044 nostram
664 969 834 1043 accedens
863 979 977 1044 nostre
1003 970 1200 1044 celsitudini
1226 971 1433 1068 supplicavit
1455 981 1627 1067 quatenns
1651 975 1903 1048 revocationem

488 1095 792 1185 communitatum,
807 1093 1101 1188 constitutionum,
1120 1095 1313 1169 novitatum
1330 1105 1365 1169 et
1381 1097 1648 1170 conventionum
1661 1098 1803 1170 vinculo
1820 1097 1903 1172 fidei

489 1221 718 1313 firmatarum,
740 1243 809 1316 que
825 1243 887 1316 per
904 1221 1102 1294 Bisontinos
1115 1222 1211 1294 cives
1228 1232 1323 1296 motu
1337 1231 1372 1294 et
1389 1223 1591 1295 auctoritate
1606 1223 1746 1320 propria
1763 1225 1903 1296 luerunt

486 1355 679 1442 acceptato,
700 1346 790 1418 sicut
807 1366 854 1418 ex
882 1344 1122 1420 constitutione
1145 1345 1261 1440 dilecti
1286 1344 1348 1420 filii
1371 1347 1478 1421 nostri
1503 1346 1642 1420 Henrici
1665 1347 1807 1420 illustris
1831 1347 1900 1420 llo·

485 1492 666 1544 manomm
681 1470 773 1564 regis
787 1479 821 1542 et
836 1491 899 1566 per
915 1471 1119 1543 sententiam
1129 1470 1323 1566 principum
1339 1471 1428 1544 iacta
1439 1471 1505 1543 luit
1518 1479 1552 1544 et
1562 1470 1734 1566 inscripto
1744 1471 1900 1564 ejusdem

485 1599 578 1692 regis
596 1595 658 1669 filii
675 1595 783 1668 nostri
801 1595 868 1668 sihi
886 1595 1022 1668 indulto
1035 1595 1171 1690 plenius
1185 1596 1399 1686 continetur,
1420 1605 1536 1668 nostro
1550 1595 1715 1691 prosequi
1724 1605 1759 1668 et
1776 1618 1900 1693 appro-

484 1723 569 1796 bare
585 1742 727 1794 amensa
746 1741 788 1793 ac
810 1720 855 1793 de
880 1727 995 1792 nostra
1013 1717 1215 1793 confirmare
1237 1719 1346 1813 gratia
1365 1719 1600 1813 dignaremur.
1622 1721 1692 1792 Nos
1716 1721 1822 1816 igitur
1844 1721 1900 1793 in·

485 1857 603 1945 specto
628 1855 746 1919 tenore
767 1843 960 1939 transcripti
981 1843 1139 1936 ejusdem
1162 1844 1253 1939 regis
1274 1851 1308 1916 et
1330 1843 1498 1916 sententie
1518 1844 1713 1940 principum
1736 1869 1807 1942 que
1833 1845 1900 1918 sub

486 1969 774 2046 testimonialibus
793 1968 913 2041 litteris
937 1967 982 2040 Α.
1009 1968 1124 2040 Sancti
1142 1968 1313 2042 vincentii
1337 1967 1508 2042 Bisuntini
1533 1977 1567 2041 et
1593 1969 1706 2042 fratris
1726 1969 1768 2042 Ο.
1788 1971 1902 2043 Belle-

485 2093 588 2168 vallis
609 2091 775 2164 abbatum
793 2098 908 2162 nostre
932 2089 1072 2162 inerunt
1094 2089 1188 2163 curie
1204 2098 1418 2186 presentata,
1443 2089 1659 2163 attendentes
1676 2111 1816 2187 quoque
1834 2090 1901 2166 tlo-

486 2217 662 2291 votionem
679 2222 713 2286 et
722 2211 827 2288 tidem
841 2211 997 2306 ejusdem
1012 2213 1178 2308 principis
1192 2213 1301 2288 nostri
1319 2213 1568 2312 archiepiscopi
1584 2214 1773 2309 Bisontini,
1794 2237 1900 2310 quam

488 2344 535 2420 ad
557 2351 708 2416 nostram
733 2339 973 2414 excellentiam
1001 2347 1036 2410 et
1060 2338 1242 2434 imperium
1267 2341 1376 2434 gerit,
1402 2341 1478 2433 ejus
1498 2340 1809 2436 supplicationibus
1828 2343 1900 2415 cle·

487 2477 620 2543 menter
652 2465 839 2540 annuimus
873 2472 909 2536 et
942 2462 1101 2536 eamdem
1123 2466 1375 2538 revocationem
1406 2465 1708 2556 communitatum,
1737 2465 1900 2540 videlicet

487 2591 787 2682 constitutionum,
807 2589 998 2662 novitatum
1013 2595 1047 2660 et
1058 2588 1325 2661 conventionum
1343 2587 1564 2662 abisnntinis
1576 2589 1716 2662 vinculo
1730 2587 1812 2663 lidei
1824 2593 1900 2662 lor-

486 2729 675 2808 matarum,
701 2715 789 2788 sicut
815 2735 877 2810 per
900 2711 1062 2786 eumdem
1086 2735 1204 2809 regem
1230 2713 1339 2786 lilium
1366 2722 1521 2786 nostrum
1552 2713 1748 2810 principum
1771 2735 1901 2810 appro-

487 2843 592 2918 bante
608 2839 776 2915 sententia
797 2839 885 2910 lacta
901 2846 955 2909 est
972 2845 1007 2910 et
1021 2832 1085 2935 [in]
1100 2836 1237 2910 indulto
1253 2838 1319 2911 sibi
1335 2837 1426 2932 regis
1441 2835 1598 2930 ejusdem
1618 2837 1744 2933 scripto
1764 2833 1916 2934 plenius

487 2969 692 3060 continetur,
706 2973 823 3038 nostro
836 2962 1075 3059 prosequimur
1087 2971 1122 3035 et
1137 2961 1371 3059 approbemus
1385 2981 1527 3036 assensu
1542 2981 1584 3034 ao
1600 2961 1645 3034 tle
1657 2969 1773 3037 nostra
1789 2962 1901 3058 gratia

487 3091 743 3168 confirmamus.
762 3087 819 3160 Ad
835 3087 941 3180 hujus
957 3086 1076 3182 itaque
1091 3095 1206 3160 nostre
1223 3086 1491 3160 confirmationis
1508 3085 1709 3158 memoriam
1728 3093 1762 3158 et
1775 3105 1900 3182 perpe·

486 3227 580 3291 tuam
605 3215 820 3304 firmitatem,
846 3211 1162 3308 presensscriptum
1175 3211 1242 3284 sibi
1266 3210 1340 3286 lieri
1358 3211 1503 3286 iacimus
1519 3219 1555 3283 et
1579 3209 1692 3304 sigillo
1713 3211 1901 3304 majestatis

486 3352 601 3416 nostro
611 3341 779 3435 jussimus
795 3336 1013 3410 communiri.

535 3467 646 3560 Hujus
663 3473 780 3538 autom
803 3462 854 3535 rei
876 3469 979 3534 testes
1000 3469 1109 3534 sunt:
1133 3461 1172 3532 tt.
1196 3459 1389 3556 patriarcha
1407 3458 1656 3555 Aquileiensis,
1682 3511 1748 3532 ...
1772 3459 1902 3533 blade-

486 3591 670 3686 burgensis
687 3587 981 3684 archiepiscopus,
995 3586 1036 3659 E.
1054 3586 1364 3682 Babimbergeosis,
1385 3588 1421 3658 S.
1438 3584 1696 3682 llatisponensis
1714 3584 1902 3680 imperialis

486 3719 566 3794 aule
585 3713 827 3803 cancellarius,
847 3713 889 3783 ll.
909 3711 1171 3804 Vormatiensis,
1195 3766 1257 3785 ...
1280 3709 1566 3806 Osembnrgensis
1581 3719 1616 3782 et
1633 3709 1676 3781 N.
1698 3708 1902 3804 Reginensis

486 3842 656 3939 episcopi,
677 3839 720 3912 Α.
738 3837 815 3910 dux
837 3837 1004 3929 Saxonis,
1026 3837 1068 3910 0.
1090 3836 1166 3910 dux
1180 3837 1352 3920 Menenio,
1370 3837 1409 3908 B.
1431 3833 1508 3908 dux
1524 3831 1722 3926 Karinthie,
1740 3835 1784 3906 H.
1800 3833 1901 3907 land-

485 3967 628 4062 gravius
644 3961 843 4057 lburiugie,
864 3981 980 4035 mmes
998 3961 1164 4033 ilenricus
1182 3961 1228 4034 de
1245 3955 1516 4059 0[rtembercb],
1536 3979 1652 4032 comes
1667 3957 1836 4033 Hannone
1854 3957 1901 4033 de

483 4093 651 4166 Nassowe
667 4087 730 4187 (a),
746 4089 945 4160 Wamerius
957 4087 1002 4160 de
1016 4085 1194 4177 bollando,
1209 4097 1244 4159 et
1255 4085 1315 4159 ulii
1333 4085 1569 4182 quamplures.

532 4219 660 4289 Datum
677 4215 852 4305 Ravenna,
869 4234 961 4286 anuo
976 4211 1151 4285 dominice
1165 4211 1411 4284 incarnationis
1428 4209 1622 4283 llCCXXX⁰
1634 4208 1761 4306 primo,
1782 4229 1901 4283 meme

487 4339 680 4428 decembri,
712 4339 833 4432 quinta
861 4337 1069 4429 indictione,
1101 4338 1292 4433 imperante
1323 4335 1464 4446 domino
1488 4343 1604 4410 nostro
1628 4331 1812 4408 Fredcrioo
1836 4333 1900 4408 Dei

485 4465 595 4562 gratia
621 4462 847 4536 invictissimo
875 4462 1105 4535 Romanorum
1130 4462 1336 4558 imperatore
1356 4481 1492 4558 semper
1516 4467 1683 4555 augusto,
1709 4457 1899 4534 Jerusalem

527 4735 569 4809 (a)
590 4733 627 4796 In
640 4731 742 4795 colles
753 4729 894 4807 Nonne,
909 4731 1010 4792 miuus
1022 4733 1111 4792 recte.
