4308 5910
773 569 899 632 IIIIGNI
925 569 1116 633 SICILIAE.
1591 567 1649 630 115

240 711 347 786 ubam
369 701 664 808 [quomodolibet]
689 705 911 800 potentiorem
937 706 1168 778 transtulerint
1190 727 1295 780 causa
1323 701 1479 777 mutandi
1498 701 1642 796 judicii,

240 835 459 910 decernimus
472 832 647 927 ipsosnon
664 837 703 900 ut
718 831 803 902 olim
819 841 952 904 tantum
969 831 1016 903 ad
1030 831 1208 921 interesse,
1224 830 1324 922 cujus
1342 828 1497 924 probatio
1511 839 1564 902 est
1576 829 1645 904 dii·

240 955 342 1032 licilis
354 958 547 1046 etincertu,
564 953 679 1028 sedin
697 955 797 1027 tertia
818 955 1041 1028 estimationis
1060 955 1110 1027 rei
1131 975 1234 1050 quam
1256 953 1464 1026 transtulerit
1484 953 1645 1027 condem·

242 1081 336 1173 nari,
356 1099 462 1174 mam
479 1099 577 1151 sumu
593 1087 710 1150 noeto
726 1077 836 1150 erario
853 1078 1061 1174 precipimus
1078 1078 1256 1175 applicari.
1280 1076 1381 1162 Qnod
1405 1077 1434 1150 si
1453 1087 1529 1172 post
1551 1078 1645 1153 litem

242 1215 370 1278 motam
391 1225 450 1278 res
467 1205 505 1275 in
524 1201 696 1296 judicium
719 1201 857 1296 litigiosi
875 1201 923 1297 (a)
941 1201 1103 1276 cadentes
1123 1201 1248 1298 aliquis
1271 1201 1418 1275 scienter
1439 1205 1649 1277 transtulerit

243 1337 283 1401 ut
300 1347 496 1424 praeessem
510 1323 636 1419 judicii
653 1327 767 1400 valeat
782 1326 962 1423 impedire,
974 1327 1134 1401 venditor
1149 1327 1259 1424 pretio
1274 1327 1324 1400 rei
1339 1326 1494 1420 vendite,
1514 1337 1648 1425 emptor

245 1453 347 1525 etiam
366 1451 480 1524 sciens
500 1449 569 1522 alio
585 1458 718 1522 mutum
736 1449 846 1544 pretio
864 1447 910 1545 (t)
930 1445 996 1547 [rei
1014 1449 1166 1541 vendite,
1185 1459 1331 1544 utroque
1350 1447 1433 1524 deco
1448 1460 1565 1525 nostro
1583 1474 1645 1546 ap-

247 1571 423 1672 plicando]
447 1573 642 1646 mulctatur.
668 1571 704 1644 Si
732 1581 848 1646 autem
871 1571 983 1646 sciens
1007 1583 1140 1670 emptor
1160 1572 1296 1668 probari
1323 1594 1391 1647 non
1421 1573 1544 1668 possit,
1568 1595 1648 1648 cum

245 1708 462 1794 presumatur
489 1697 652 1792 ignorans
677 1705 817 1792 propter
840 1696 965 1769 bouem
991 1695 1094 1770 fidem
1123 1718 1243 1787 suam,
1271 1697 1419 1792 pretium
1447 1718 1649 1792 recuperare

246 1823 406 1897 volumus
425 1819 523 1916 quod
535 1819 700 1912 exsolvit,
719 1829 754 1894 ot
769 1819 814 1893 da
835 1829 906 1893 toto
922 1821 964 1916 (a)
984 1821 1093 1916 pretio
1110 1821 1146 1892 in
1162 1842 1234 1916 quo
1256 1821 1416 1895 venditor
1434 1822 1495 1916 qui
1513 1843 1649 1918 sempor

246 1949 358 2022 sciens
379 1945 430 2044 (d)
451 1945 639 2033 invenitur,
662 1953 700 2017 ut
720 1945 949 2041 prediximus,
976 1954 1029 2017 est
1051 1944 1283 2035 damnandus,
1305 1953 1462 2040 quartam
1487 1945 1574 2017 lucri
1599 1946 1649 2017 la-

248 2093 325 2145 cero
351 2071 514 2144 adamus
538 2070 752 2165 ignorantem
780 2077 989 2164 emptorem,
1017 2067 1096 2141 aliie
1123 2069 1231 2142 tribus
1259 2067 1416 2164 partibus
1443 2067 1516 2142 fisci
1544 2071 1649 2142 nostri

243 2196 382 2288 juribus
404 2193 591 2268 sociandIs.
608 2193 684 2280 Que
700 2193 817 2266 omnia
839 2211 909 2264 non
934 2200 1066 2264 mutum
1090 2189 1126 2262 iu
1143 2191 1417 2284 venditionibus,
1437 2191 1549 2266 sedin
1568 2193 1647 2287 qui·

247 2320 396 2393 buslibet
418 2318 650 2392 contractibus
677 2319 790 2392 locum
813 2316 974 2390 babeant.
1004 2315 1204 2388 Contractus
1225 2326 1338 2390 tamen
1362 2317 1643 2406 transactionum,

247 2441 378 2516 dotium
392 2453 427 2515 et
441 2441 665 2515 donationum
685 2449 824 2537 propter
839 2441 995 2535 nuptias,
1012 2459 1146 2513 necnon
1169 2437 1378 2513 divisionum
1399 2435 1529 2537 [rerum
1551 2440 1649 2514 here·

248 2567 449 2642 ditariarum
466 2576 501 2640 ot
519 2561 797 2663 alienationum],
825 2565 928 2658 legati
951 2565 1006 2636 vel
1029 2562 1285 2637 fideicommissi
1302 2585 1406 2638 causa
1428 2563 1535 2638 laotos
1554 2566 1650 2637 exei-

249 2693 374 2788 pimus,
391 2700 510 2766 tenore
524 2691 626 2765 etiam
641 2688 768 2763 veteris
783 2688 869 2783 legis
882 2697 1057 2783 exceptos.

654 2980 853 3054 TITULUS
877 2980 1044 3054 XLVIII.
1071 2983 1135 3065 Μς
1158 2975 1246 3078 (to).

741 3145 789 3216 Ile
810 3145 1083 3240 appellationibus
1101 3142 1114 3238 (
1130 3140 1159 3238 ).

796 3333 886 3383 ton
911 3333 1109 3384 Incussus.

299 3483 575 3580 Appellationum
604 3494 756 3582 tempora
786 3509 847 3582 por
873 3509 961 3582 quas
992 3485 1170 3560 definitive
1201 3485 1367 3563 sententia
1396 3485 1655 3580 suspenduntur

250 3617 343 3680 certo
363 3607 499 3681 dierum
518 3608 629 3704 spatio
642 3609 810 3702 jussimus
832 3609 986 3702 limitari,
1009 3617 1197 3682 statuentes
1216 3617 1257 3682 ut
1276 3607 1312 3680 in
1331 3629 1541 3704 quacunque
1558 3619 1655 3705 parte

250 3731 349 3826 regni
371 3732 540 3806 sonantia
564 3732 715 3808 extiterit
739 3754 801 3830 por
823 3755 1049 3830 quoscunque
1073 3733 1236 3806 officiales
1257 3753 1319 3807 seu
1336 3729 1473 3826 judicos
1501 3733 1652 3828 prolata,

251 3853 477 3951 delegationis
499 3859 578 3950 jnre
596 3857 652 3930 vel
677 3877 724 3932 ex
748 3859 861 3931 officio
877 3858 1050 3934 ordinario
1073 3867 1332 3954 cognoscentes,
1351 3879 1373 3931 a
1397 3877 1469 3952 qua
1487 3856 1588 3930 luerit
1609 3857 1656 3932 ad

251 3978 462 4054 audientiam
492 3981 598 4054 nostri
626 3982 788 4056 culminis
813 3983 1038 4080 appellatum,
1062 3982 1313 4078 quinquaginta
1337 3979 1473 4055 diarum
1499 3982 1611 4078 spatia
1635 4005 1656 4058 a

295 4153 337 4236 (a)
358 4156 417 4234 ap.
435 4155 588 4218 amictum
606 4157 755 4220 mattam
771 4153 900 4240 tttpoe.
914 4158 1005 4220 Itum
1021 4158 1085 4221 aad
1102 4167 1195 4236 roas,
1210 4159 1268 4221 utut
1289 4158 1370 4239 quad
1386 4162 1455 4237 port
1468 4151 1586 4240 δίψει
1603 4157 1656 4221 ad·

252 4260 335 4324 ditur
348 4267 521 4326 cummim.

296 4365 337 4448 (I)
357 4368 467 4430 Graece
479 4365 538 4429 alio
551 4373 633 4429 Idolo
641 4371 767 4449 ptulit,
782 4371 856 4452 ἄλλῷ
868 4367 985 4450 τοσούτῳ
996 4365 1141 4449 τιμήματι.

295 4476 332 4548 (ι)
353 4473 427 4536 cod.
443 4483 522 4536 aare
536 4473 572 4535 da
584 4482 677 4538 aaa.

296 4579 338 4654 (a)
359 4583 418 4643 Pro
429 4599 541 4663 temper
552 4583 643 4644 calcar
656 4586 687 4645 ln
700 4585 766 4647 cod.
781 4593 858 4648 teto
868 4586 1010 4666 meiat.

298 4686 335 4766 (a
352 4688 483 4752 oram:
499 4691 542 4752 aa
555 4691 678 4752 oraro
692 4689 761 4754 ao
773 4689 992 4774 maranata.
