4360 5908
273 591 372 660 lucter.
390 597 435 676 5.]
728 591 926 656 HISTORIA
951 589 1245 656 olenottl'rlctl.
1630 589 1692 654 328

272 734 464 831 positurum
477 737 677 826 cognoscat,
706 727 926 804 medietatem
942 753 1078 805 camere
1096 737 1211 804 nostre
1230 733 1266 801 et
1281 724 1451 822 reliquam
1469 726 1688 802 medietatem

273 858 385 953 passis
398 857 559 950 injuriam
577 854 853 952 persolvendam.
871 853 928 929 Ad
940 855 1044 950 hujus
1062 864 1177 930 autem
1191 850 1448 950 approbationis
1458 859 1493 924 et
1508 852 1690 948 confirma·

274 983 378 1056 tionis
394 982 597 1056 memoriam
611 989 647 1056 el
659 979 814 1057 stabilem
828 980 1187 1078 firmitatem,presens
1202 977 1422 1076 privilegium
1438 975 1514 1051 fieri
1524 979 1691 1072 jussimus

274 1107 462 1198 majestatis
477 1115 593 1180 nostre
608 1106 722 1202 sigillo
739 1107 925 1181 munitum.
1435 1101 1438 1108 ’
1523 1099 1526 1104 ’

321 1233 433 1326 Hujus
447 1232 497 1306 rei
510 1241 613 1307 testae
624 1240 706 1306 sunt
717 1233 755 1304 S.
771 1233 992 1326 Magantinus
1005 1231 1303 1328 archiepiscopus,
1324 1230 1365 1301 B.
1381 1227 1573 1324 patriarcha
1583 1227 1691 1325 Aqui-

273 1356 454 1450 legiensis,
474 1358 514 1431 ll.
540 1357 820 1452 Snlzeburgensis
843 1356 1141 1454 archiepiscopus,
1167 1355 1208 1428 E.
1228 1351 1544 1450 Papimbergensis,
1568 1355 1603 1425 S.
1619 1355 1691 1426 lla-

274 1483 483 1578 tisponansis
500 1483 688 1579 imperialis
703 1483 784 1555 aule
803 1483 1043 1574 cancellarius,
1064 1481 1107 1552 H.
1127 1477 1381 1552 Wormacansis
1401 1485 1497 1550 et...
1517 1477 1690 1574 Herbipo·

275 1606 381 1680 lensis
393 1607 562 1703 episcopi,
579 1605 813 1681 abbasSancti
827 1605 928 1700 Galli,
950 1607 993 1679 A.
1011 1605 1175 1697 Saxonis,
1191 1605 1233 1677 0.
1249 1603 1402 1676 llleranie
1415 1611 1450 1676 et
1463 1603 1502 1674 B.
1519 1601 1691 1676 Corinthio

276 1731 401 1822 duces,
421 1753 538 1806 comes
550 1733 592 1805 H.
613 1731 659 1806 de
674 1733 939 1825 Hortemherch,
961 1753 1075 1806 comes
1093 1733 1198 1822 Sene,
1215 1728 1415 1802 Warnerius
1433 1728 1479 1802 de
1492 1727 1687 1819 *Bollandia

275 1855 505 1950 Gunzelinus,
524 1857 565 1930 G.
587 1867 622 1933 et
637 1857 673 1931 C.
700 1857 746 1933 de
765 1857 985 1948 Hohenloch,
1009 1855 1196 1930 lliccardus
1214 1854 1423 1928 camerarius
1436 1861 1470 1926 el
1485 1852 1544 1925 alii
1560 1875 1691 1948 quam-

274 1982 404 2078 plures.

323 2107 469 2203 Signum
488 2107 623 2183 domini
647 2106 811 2182 Friderici
836 2107 980 2182 secundi
1000 2108 1063 2182 Dei
1088 2107 1199 2201 gratia
1222 2104 1439 2180 invictissimi
1460 2104 1691 2178 Romanorum

276 2232 489 2328 imperatoris
506 2255 643 2330 semper
659 2233 812 2329 augusti,
829 2235 1017 2308 Jerusalem
1034 2243 1069 2307 et
1085 2232 1199 2306 Sicilie
1212 2231 1313 2327 regis.
1332 2227 1628 2330 [Monoptummcl

320 2357 396 2452 Ego
410 2357 571 2432 Siliridus
586 2359 843 2454 Ratisponensis
857 2359 1041 2455 episcopus
1055 2357 1242 2454 imperialis
1254 2357 1333 2430 aule
1351 2355 1592 2448 cancellarius,
1613 2357 1690 2430 vice

276 2483 407 2558 domini
433 2484 470 2556 S.
494 2485 687 2579 Magnnlini
709 2483 958 2582 archiepiscopi
985 2483 1146 2557 allatius
1174 2481 1355 2556 Germanic
1381 2481 1689 2568 archicancellarii,

276 2608 476 2703 recognovi.

325 2734 413 2808 Acta
426 2733 586 2810 sunthec
600 2756 692 2809 anno
705 2734 878 2810 dominica
890 2735 1137 2809 incarnationis
1149 2733 1330 2807 millesimo
1341 2731 1578 2806 ducentesimo
1591 2729 1693 2826 trige

276 2859 364 2934 simo
381 2860 550 2954 secundo,
564 2881 685 2934 mense
700 2861 831 2956 aprilis,
850 2861 973 2956 quinte
987 2860 1198 2951 indictionis,
1213 2860 1403 2955 imperante
1416 2858 1558 2932 domino
1575 2867 1692 2930 nostro

275 2983 458 3058 Frederico
477 2985 632 3060 secundo
650 2987 712 3061 Dei
725 2988 834 3082 gratia
850 2987 1076 3060 invictissimo
1089 2987 1319 3058 Romanorum
1335 2985 1541 3079 imperatore
1557 3005 1693 3078 semper

275 3119 437 3203 augusto,
453 3111 643 3186 Jerusalem
661 3121 696 3185 et
710 3113 826 3186 Sicilie
842 3133 937 3208 rege,
953 3133 1045 3186 anno
1061 3111 1205 3184 Romani
1223 3109 1356 3205 imperii
1374 3109 1450 3201 ejus
1468 3107 1689 3199 duodecimo,

275 3235 374 3328 regni
386 3234 690 3333 Hierosolymitani
708 3237 870 3334 septimo,
890 3237 990 3332 regni
1007 3257 1090 3310 vero
1107 3235 1222 3308 Sicilie
1238 3235 1413 3328 trigesimo
1425 3241 1564 3330 quarto,
1583 3233 1690 3306 felici-

276 3370 339 3434 ter.
360 3359 485 3434 Amen.

324 3487 450 3560 Datum
467 3484 563 3583 apud
582 3485 763 3562 Civitatem
784 3487 820 3560 in
840 3488 928 3562 Foro
950 3487 1050 3577 Jntii,
1071 3507 1180 3580 anno,
1206 3505 1326 3559 mense
1340 3493 1376 3559 et
1398 3482 1588 3558 indictione
1608 3505 1693 3580 pre-

275 3611 423 3708 scriptis.

330 4087 560 4192 Fridericus,
583 4085 843 4172 Romanorum
874 4087 1094 4197 imperator,
1119 4087 1169 4169 ad
1201 4085 1513 4196 supplicationem
1542 4085 1691 4169 abbatis

278 4221 326 4304 de
351 4221 642 4324 Bebenhausen,
662 4221 765 4304 bona
792 4247 891 4331 quae
916 4220 1190 4305 monasterium
1217 4221 1321 4334 apud
1342 4219 1565 4332 Ezzelingen
1588 4221 1691 4332 juste

277 4354 468 4463 possidet,
489 4355 537 4439 ab
551 4355 657 4440 omni
675 4355 765 4438 dala
782 4365 819 4438 et
837 4355 1030 4439 exactione
1047 4356 1191 4438 eximit.

361 4543 495 4622 (Etllder.
510 4545 613 4607 Maur.
629 4546 778 4619 croscus,
793 4542 901 4606 Ausul
918 4547 1041 4624 Saucia,
1057 4563 1125 4624 pars
1138 4547 1199 4621 111,
1216 4545 1268 4607 llb.
1282 4547 1313 4625 1,
1328 4563 1359 4624 p.
1379 4553 1472 4606 ott·
1483 4546 1614 4622 anonn,
1629 4547 1689 4607 Dc-

398 4669 472 4711 mtm.
484 4650 572 4713 redo.
588 4661 709 4716 mcoatt.
728 4653 888 4735 Wirlcmb,
902 4661 925 4716 t.
941 4656 971 4731 I,
989 4671 1020 4733 p.
1042 4663 1111 4717 281.
1124 4653 1280 4728 -Monn‚
1295 4651 1462 4733 Zeittcltrtfl
1472 4652 1532 4734 stit·
1544 4651 1599 4714 deo
1612 4651 1692 4716 oler-

399 4756 506 4836 thein,
522 4766 546 4821 t.
560 4759 620 4838 111,
636 4778 668 4840 p.
686 4759 769 4841 tto.)

1775 4109 1840 4166 Apud

1731 4163 1852 4210 ctvltutem
1860 4167 1884 4209 ln

1765 4219 1851 4270 Frloltt,

1772 4273 1845 4328 aprio.
