4360 5908
547 583 608 648 314
1050 581 1263 644 Fllllllllilcl
1287 581 1462 646 secuntur
1777 585 1857 666 [dra.
1876 587 1959 650 lata

548 718 770 816 imperiique
787 715 832 792 de
852 718 1127 815 possessionibus
1146 717 1292 815 predicti
1310 717 1447 794 cenobii
1465 717 1566 792 nobis
1589 729 1624 792 et
1640 719 1786 818 imperio
1810 733 1962 820 spectare

548 851 754 934 noscuntur,
778 842 886 918 abbas
900 851 935 918 et
950 844 1071 918 tratres
1087 842 1248 937 ejusdem
1265 844 1464 918 monasterii
1485 843 1532 918 ad
1555 865 1644 941 opus
1664 847 1759 920 curie
1776 857 1892 920 nostre
1908 869 1961 921 re·

548 968 711 1064 colligant
733 977 768 1040 et
792 975 1008 1040 conservent.
1035 968 1085 1040 Ita
1107 967 1204 1062 quod
1229 989 1295 1042 nec
1316 967 1526 1064 patriarcba,
1555 967 1854 1065 archiepiscopus,
1881 973 1961 1068 epi-

546 1113 686 1188 scopus,
700 1091 866 1180 marchio,
883 1113 1012 1186 comes,
1028 1111 1142 1186 neque
1157 1091 1408 1186 aliquamagua
1421 1093 1476 1165 vel
1486 1111 1595 1188 parva
1606 1113 1752 1187 persona
1763 1092 1808 1166 de
1823 1115 1960 1190 posses·

546 1217 703 1290 sionibus
719 1216 864 1315 predicti
879 1217 1076 1291 monasterii
1090 1225 1124 1290 et
1143 1215 1345 1292 nominatim
1361 1215 1406 1290 de
1422 1217 1490 1288 biis
1507 1237 1577 1312 que
1593 1216 1723 1290 habent
1737 1217 1773 1289 in
1792 1219 1960 1293 territorio

546 1342 642 1436 quod
661 1343 787 1414 Saccus
806 1341 950 1434 dicitur,
968 1343 1086 1439 aliqua
1101 1341 1146 1416 de
1161 1341 1204 1416 iis
1221 1365 1291 1438 que
1308 1341 1397 1435 juris
1414 1341 1522 1415 nostri
1540 1349 1575 1415 et
1593 1342 1729 1438 imperii
1749 1355 1832 1416 sunt
1851 1344 1897 1417 ab
1913 1345 1962 1418 eis

545 1466 664 1560 exigat
686 1467 740 1540 vel
758 1465 928 1562 requirat;
949 1446 1013 1542 sed
1028 1467 1131 1540 nobis
1152 1489 1232 1540 cum
1254 1467 1388 1540 ltaliam
1411 1465 1655 1540 intraverimus
1675 1467 1734 1540 vel
1756 1467 1960 1563 specialibus

546 1593 670 1666 nostris
695 1594 826 1666 nuntiis
849 1615 890 1668 ea
914 1585 1030 1668 dic'tua
1047 1593 1155 1668 abbas
1175 1605 1209 1666 et
1232 1595 1353 1667 iratres
1375 1615 1455 1666 cum
1474 1592 1670 1686 integritate
1686 1595 1894 1689 persolvant.
1913 1595 1960 1666 lle

545 1719 751 1792 allluentiori
775 1741 915 1816 quoque
941 1729 1056 1795 nostre
1082 1718 1193 1814 gratia
1214 1718 1408 1812 majestatis
1429 1716 1598 1790 cunnus
1622 1717 1846 1790 statuendum
1869 1729 1908 1790 nt
1931 1720 1958 1792 si

544 1843 686 1938 quaudo
704 1845 879 1938 contingat
904 1865 1063 1938 guerram
1086 1864 1263 1938 emergere
1281 1844 1370 1916 inter
1388 1841 1562 1916 civitatem
1577 1842 1800 1916 venetiarum
1817 1849 1852 1915 et
1871 1843 1960 1916 civi-

545 1978 631 2042 tates
649 1968 797 2064 imperii,
818 1969 1062 2044 nichilominus
1082 1968 1184 2040 liceat
1198 1968 1314 2041 abbati
1332 1977 1367 2040 et
1384 1966 1546 2040 frutribus
1560 1965 1759 2040 memoratis
1774 1975 1960 2062 proventus

544 2105 579 2168 et
595 2093 758 2166 victualia
773 2102 939 2166 terrarum
960 2103 995 2167 et
1011 2093 1268 2188 possessionum
1290 2113 1432 2164 suarum
1447 2113 1517 2188 que
1532 2091 1569 2162 in
1587 2089 1733 2186 imperio
1748 2090 1878 2164 habent
1896 2113 1957 2166 ex·

545 2218 678 2291 trahere
695 2226 728 2290 et
742 2217 789 2290 ad
810 2217 1055 2291 monasterium
1072 2217 1187 2314 ipsum
1202 2238 1265 2312 pro
1282 2237 1402 2290 eorum
1423 2215 1670 2288 sustentatione
1688 2215 1816 2288 deterri
1835 2217 1956 2306 iacere,

544 2343 844 2417 nonobstantibus
863 2341 988 2416 bannis
1008 2343 1063 2416 vel
1087 2343 1224 2415 statutis
1241 2341 1390 2434 alicujus
1413 2340 1575 2414 civitatis.
1596 2340 1633 2412 Si
1652 2340 1732 2435 quis
1751 2339 1857 2434 igitur
1872 2363 1959 2414 ausu

544 2468 724 2544 temerario
740 2477 858 2542 contra
882 2477 1075 2564 presentem
1101 2467 1252 2542 divalem
1273 2466 1438 2564 paginam
1462 2473 1616 2538 nostram
1641 2465 1679 2538 in
1696 2465 1816 2560 aliquo
1842 2466 1958 2539 venire

542 2593 806 2692 presumpserit,
830 2615 868 2666 se
893 2593 1027 2667 noverit
1051 2603 1188 2666 centum
1210 2613 1404 2666 marcarum
1426 2591 1561 2686 argenti
1588 2613 1680 2686 pena
1700 2589 1954 2679 mulctandum,

542 2742 690 2816 quarum
709 2719 877 2792 medietas
895 2720 989 2791 curie
1008 2727 1122 2790 nostre
1142 2739 1184 2790 ac
1201 2697 1337 2814 reliqua
1353 2717 1465 2814 passis
1483 2717 1646 2809 injuriam
1665 2715 1894 2812 persolvatur.
1916 2717 1958 2790 Ut

543 2855 658 2918 autem
678 2843 743 2916 bec
766 2853 881 2916 nostre
902 2842 1068 2938 protectio
1093 2851 1129 2913 et
1151 2843 1348 2916 constitutio
1375 2841 1564 2936 majestatis
1589 2841 1793 2914 inconvulsa
1821 2863 1958 2936 perma-

543 2977 622 3041 neat
639 2976 674 3041 et
692 2965 797 3040 robur
813 2966 970 3040 obtineat
989 2964 1177 3057 firmitatis,
1198 2987 1339 3062 presens
1359 2965 1581 3062 privilegium
1600 2964 1678 3041 lieri
1698 2973 1733 3038 et
1754 2965 1868 3060 sigillo
1885 2987 1957 3038 ma·

538 3093 672 3186 jestatis
687 3101 803 3164 nostre
811 3091 979 3184 jussimus
995 3090 1213 3164 communiri.

591 3219 702 3311 Hujus
717 3217 767 3289 rei
782 3226 885 3290 testes
903 3225 984 3289 aunt
1002 3241 1012 3289 r
1029 3217 1069 3289 B.
1091 3215 1288 3312 patriarcha
1304 3215 1579 3312 aquilegiensis,
1600 3215 1640 3288 ll.
1659 3214 1842 3311 episcopus
1857 3215 1957 3286 Bam·

542 3341 738 3438 bergensis,
762 3341 804 3412 Η.
825 3339 1008 3437 episcopus
1033 3341 1318 3433 Wormaciensis,
1342 3341 1382 3414 Ε.
1411 3341 1595 3438 episcopus
1623 3339 1794 3428 Polensis,
1818 3336 1863 3410 Α.
1884 3337 1958 3412 dux

542 3467 708 3560 Saxonie,
730 3467 772 3539 Ο.
791 3466 867 3540 dux
882 3466 1050 3556 Meranie,
1072 3466 1111 3538 B.
1136 3464 1211 3538 dux
1229 3465 1420 3560 Kerinthie,
1441 3487 1556 3540 comes
1578 3465 1746 3538 Henricus
1764 3463 1810 3537 de
1825 3463 1956 3536 Ortem·

542 3591 664 3686 berch,
684 3590 892 3664 Gauzolinus
912 3590 1059 3686 dapifer,
1082 3589 1240 3664 Albertus
1258 3590 1415 3684 Sudclle,
1439 3590 1630 3665 llanhidue
1655 3587 1807 3662 marchio
1832 3589 1954 3672 huza,

543 3693 657 3791 comes
670 3714 858 3808 Alduinns,
877 3736 993 3790 comes
1005 3715 1177 3790 Berardus
1191 3715 1237 3789 de
1250 3717 1384 3810 loreto,
1403 3714 1597 3790 bichardus
1612 3711 1837 3804 camerarius,
1853 3712 1956 3785 etalii

542 3841 776 3940 quamplures.

591 3967 736 4060 Signum
756 3963 889 4040 domini
909 3965 1073 4040 Fridcrici
1090 3965 1255 4054 secundi,
1276 3965 1339 4038 Dei
1357 3966 1467 4060 gratia
1490 3963 1708 4038 invictissimi
1726 3964 1954 4036 Romanorum

543 4091 759 4188 imperatoris
778 4113 913 4188 semper
931 4091 1089 4188 augusti,
1116 4089 1331 4162 Hierusalem
1352 4099 1387 4162 et
1404 4089 1519 4162 Sicilie
1538 4089 1644 4182 regis.
1667 4081 1954 4186 (llonoprommo.)

590 4215 664 4308 Ego
684 4215 832 4288 Silridus
848 4217 1105 4314 lletisponensis
1124 4215 1306 4310 episcopus
1327 4214 1513 4310 imperialis
1529 4215 1608 4288 aule
1626 4209 1863 4300 cancellarius,
1880 4207 1960 4288 vice,

544 4341 677 4414 domini
696 4337 931 4442 vencr[abilis]
951 4341 1162 4416 Coloniensis
1180 4339 1430 4438 archiepiscopi
1451 4339 1548 4414 ltalia
1569 4321 1878 4424 archicancellarii,
1900 4353 1954 4404 re·

543 4466 704 4560 cognovi.
832 4487 834 4492 ’
1614 4555 1619 4562 .
1948 4543 1957 4552 ἢ

559 4575 568 4584 ”
589 4575 674 4665 Acta
691 4602 772 4665 sunt
789 4593 854 4666 bec
873 4615 965 4666 anno
983 4593 1157 4666 dominice
1175 4590 1421 4664 incarnationis
1438 4589 1621 4664 millesimo
1643 4584 1881 4661 ducentesimo
1899 4581 1954 4652 tri-

542 4703 669 4792 cesimo
696 4718 869 4810 meando,
898 4738 1017 4791 meuse
1047 4717 1178 4810 martii,
1205 4716 1325 4812 quinte
1352 4715 1573 4808 indictionis,
1604 4713 1793 4810 imperante
1817 4707 1954 4784 domino
