4288 5912
203 591 301 654 lunam.
317 590 363 670 6.]
650 584 847 649 HISTORIA
870 583 1163 646 nlanouarlca
1551 583 1612 646 429

202 726 384 823 Presbyter
406 722 552 798 Alexius
576 725 713 816 juratus
739 733 774 797 ct
800 722 1029 817 interrogatus
1054 720 1144 793 dixit
1166 718 1259 793 idem
1288 741 1350 816 per
1373 719 1489 793 omnia
1513 719 1609 816 quod

203 849 356 924 notarius
368 851 501 924 Petrus.
518 850 667 922 Jaoonus
684 847 889 943 Peregrinus
898 849 1034 940 juratus
1048 855 1084 919 et
1098 846 1326 940 interrogatus
1335 844 1427 918 dixit
1440 843 1535 918 idem
1548 867 1610 942 per

201 975 319 1048 omnia
337 974 434 1070 qnod
457 973 650 1070 proximus.
676 971 848 1046 lohannes
865 969 1111 1060 Amalfitanns‚
1135 979 1201 1044 etc.
1220 971 1270 1065 [ut
1287 967 1422 1069 copro]‚
1443 970 1609 1044 Martinus

201 1098 400 1190 Barbellus,
425 1107 513 1190 eto,
534 1096 707 1170 lohannes
729 1095 951 1185 Musoardus‚
965 1105 1065 1186 ·stc.‚
1088 1096 1208 1168 Petrus
1232 1094 1277 1168 de
1298 1093 1495 1186 Actenasio,
1523 1104 1606 1187 etc,

201 1223 349 1296 lacobus
362 1222 621 1316 Neapolitanus,
632 1229 716 1313 etc,
729 1219 855 1295 Ciodus
866 1222 1038 1310 Serviens,
1055 1229 1138 1311 etc,
1153 1221 1272 1293 Petrus
1281 1219 1326 1293 de
1333 1221 1508 1304 Palomba,
1524 1228 1607 1313 etc,

201 1345 386 1442 Gregorius
401 1346 447 1421 de
462 1347 588 1419 Sancto
604 1346 723 1436 Pasco,
743 1354 827 1438 etc,
845 1347 1092 1435 Scornavacca,
1110 1355 1193 1436 ete,
1211 1345 1396 1436 Perfectus,
1417 1353 1501 1434 stc,
1519 1344 1608 1418 Gui-

201 1469 338 1542 lielmns
350 1469 560 1564 Cabalerius,
574 1479 658 1564 etc,
674 1470 869 1545 Bernardus
884 1469 930 1544 de
943 1471 1073 1560 Cicero,
1086 1481 1170 1562 etc,
1184 1467 1303 1544 lando
1316 1469 1522 1563 Calamarus,
1537 1481 1603 1544 etc.

200 1593 291 1668 lllud
310 1594 404 1670 idam
429 1594 547 1669 inveni
570 1617 633 1692 per
654 1595 865 1692 subscriptos
886 1595 1043 1668 homines
1060 1595 1169 1668 Rocce
1189 1594 1355 1669 Pimontis
1371 1597 1527 1692 sequenti
1551 1596 1608 1670 dio

201 1719 321 1793 martis
334 1741 449 1792 coram
464 1719 629 1815 magistro
648 1720 804 1794 lohanne
816 1718 938 1813 judice
955 1719 1000 1794 de
1013 1718 1135 1794 eadam
1151 1721 1263 1794 llocoa
1279 1728 1314 1794 et
1327 1720 1470 1794 testibus
1485 1743 1606 1817 supra·

201 1842 303 1916 dictis
314 1865 356 1918 ac
371 1847 474 1918 etiam
493 1844 599 1918 altem
614 1853 700 1918 teste
716 1844 899 1938 Peregrino
919 1852 1036 1916 sutore
1058 1842 1104 1916 de
1126 1843 1248 1917 eadem
1269 1846 1398 1937 llocca,
1416 1845 1606 1940 specialiter

198 1989 263 2063 per
280 1968 458 2042 dominum
480 1969 635 2064 Ugonem
653 1967 698 2042 do
718 1969 846 2058 Bocca,
869 1967 1099 2041 Guillielmnm
1124 1965 1169 2040 de
1189 1967 1389 2062 Thomasio,
1415 1967 1606 2064 dompnum

199 2093 391 2185 Nicolaum,
414 2094 551 2168 Petrum
572 2094 619 2167 de
636 2093 791 2186 Abanza,
809 2092 997 2166 iohannem
1012 2091 1058 2166 de
1075 2091 1206 2166 Baccho
1224 2090 1270 2165 de
1287 2093 1452 2185 Ferreae,
1468 2093 1608 2166 Palme-

198 2216 289 2289 rinm
307 2216 352 2291 de
375 2216 526 2314 Angelo,
553 2215 746 2314 dompnum
763 2215 1024 2304 Abundantem,
1045 2215 1222 2290 Nicolaum
1240 2217 1430 2309 villanum,
1453 2217 1606 2290 Marcum

198 2341 422 2435 Minutoram,
445 2343 667 2418 Thomasinm
697 2342 742 2417 de
769 2341 954 2416 Benedicta
980 2352 1015 2416 et
1035 2341 1251 2416 leonardum
1276 2339 1321 2415 de
1350 2341 1504 2416 Nicolao.
1531 2341 1607 2428 Qne

197 2467 315 2540 omnia
343 2488 409 2563 ego
434 2466 549 2541 dictus
577 2468 769 2542 llobbertus
796 2490 859 2564 pcr
884 2489 1009 2540 manns
1037 2467 1262 2564 prenominati
1285 2468 1447 2543 Bernardi
1477 2467 1606 2566 puplici

197 2591 347 2666 Avellini
369 2601 404 2666 et
426 2593 495 2668 mei
517 2593 641 2668 notarii
664 2604 699 2667 et
715 2593 892 2690 predictus
911 2591 986 2691 (ric)
1003 2593 1039 2666 in
1059 2595 1213 2691 predicto
1232 2593 1365 2686 judicio
1388 2594 1451 2667 ieci
1470 2594 1505 2665 in
1529 2615 1606 2690 pre·

197 2716 285 2790 senti
310 2717 437 2812 pagina
461 2717 497 2790 in
525 2718 664 2816 scriptis
694 2718 808 2814 redigi
836 2717 1155 2812 subsignationibns
1178 2717 1422 2812 jamdictorum
1444 2717 1603 2812 judicum

197 2851 232 2914 et
253 2842 390 2916 testium
414 2842 593 2934 roborata,
617 2865 728 2916 unum
749 2843 796 2918 ad
815 2865 936 2941 preces
952 2843 1035 2918 dicti
1057 2844 1187 2918 domini
1211 2843 1346 2916 abbatis
1367 2852 1402 2916 et
1424 2842 1603 2916 hominum

196 2987 339 3040 snorum
357 2968 479 3042 casalis
494 2967 608 3044 Cavee
623 2979 658 3044 et
671 2971 836 3044 cautelas.
860 2969 1064 3044 iamdictam
1083 2969 1337 3065 inquisitionem
1353 2970 1476 3044 iactam
1496 2979 1604 3066 perte

196 3091 372 3166 lintheum
394 3094 569 3190 puplicum
587 3095 758 3169 notarium
779 3095 923 3170 Nucerie
945 3095 980 3167 in
1004 3095 1070 3168 hac
1094 3095 1222 3190 pagina
1237 3095 1426 3192 exemplari
1443 3096 1527 3188 leci,
1554 3096 1601 3168 si-

196 3218 281 3312 gillo
298 3241 377 3294 meo
401 3220 585 3316 sigillatam
609 3231 644 3296 et
666 3221 713 3297 ad
735 3243 853 3319 preces
874 3232 909 3296 et
925 3244 1131 3296 consensum
1156 3243 1271 3294 meum
1295 3220 1603 3318 subscriptionibus

195 3343 429 3440 predictorum
448 3345 627 3440 judicum,
651 3345 961 3443 jamdicti'1llathei
988 3346 1111 3420 notarii
1140 3357 1176 3419 et
1207 3344 1439 3443 predictorum
1466 3346 1603 3420 testium

196 3468 407 3561 roboratam,
423 3470 520 3544 salvo
543 3472 706 3546 mandato
729 3471 910 3568 imperiali.
932 3469 1035 3558 Quod
1052 3471 1212 3569 superius
1233 3469 1461 3545 disturbatum
1478 3479 1530 3544 est
1547 3471 1602 3544 le-

197 3592 289 3688 gitur
305 3593 471 3668 Bernardi
487 3595 617 3691 puplici
632 3595 781 3669 Avellini
797 3597 932 3670 notarii.

245 3716 271 3807 's
288 3717 362 3812 Ego
376 3719 438 3812 qui
453 3739 558 3814 supra
571 3719 771 3793 Guilielmus
783 3719 910 3814 judex.

243 3841 358 3935 ,tago
375 3842 436 3937 qui
452 3863 556 3937 snpra
572 3843 744 3917 lohannes
755 3843 882 3938 judex.

244 3964 270 4056 †
288 3966 363 4060 Ego
376 3966 490 4060 judex
504 3968 656 4042 Barchns
670 3969 828 4064 Ungarus
845 3969 907 4064 qui
926 3969 1085 4061 interlui,
1103 3969 1198 4043 testis
1215 3990 1305 4042 snm.

243 4089 269 4181 †
287 4091 361 4186 Ego
376 4091 539 4186 magister
552 4093 754 4168 Gnilielmna
767 4095 827 4190 qui
845 4103 985 4190 rogatus
1002 4095 1152 4186 interlui,
1175 4096 1269 4169 testis
1286 4117 1375 4168 sum.

244 4563 478 4676 Friderious,
504 4567 765 4654 Romanorum
796 4571 1016 4681 imperator,
1046 4572 1096 4654 ad
1128 4572 1440 4683 supplicationem
1471 4575 1599 4658 fratris
1649 4595 1781 4696 Ἧι.

194 4696 451 4809 Symhoitonis
477 4703 526 4787 de
555 4705 672 4789 domo
698 4705 1017 4790 Theutonioorum
1045 4718 1083 4790 et
1106 4733 1153 4790 ex
1174 4707 1308 4792 litteris
1330 4709 1598 4819 archiepiscopi
