4360 5908
285 601 383 664 lrorcr.
398 596 443 683 5.]
731 596 928 659 HISTORIA
952 595 1248 664 olruomarlca.
1635 597 1696 660 353

284 735 357 809 lino
374 733 565 808 rectoribus
579 741 614 805 ot
626 729 776 804 dominis
793 731 967 808 Guidredo
984 733 1029 806 de
1042 734 1213 819 Postumo,
1242 732 1389 807 ilenrico
1404 731 1574 806 Gambaro
1583 731 1694 825 jndici

285 858 567 932 ambaxatoribus
585 855 920 940 Mediolanensibus,
943 879 1006 954 pro
1030 858 1148 930 Brixia
1170 857 1311 930 domino
1332 857 1519 952 Ognabenc
1544 855 1589 928 de
1613 859 1696 928 Pas·

284 983 382 1078 sagio
396 982 508 1078 judici
521 981 663 1072 rectori,
683 1001 745 1076 pro
759 981 910 1054 bononia
929 981 1079 1055 dominis
1094 982 1266 1053 Aimerico
1282 980 1463 1076 Arpinelli,
1479 980 1634 1052 Ursoliuo
1651 980 1697 1053 do

284 1109 380 1181 Ursis
396 1107 604 1198 rectoribus,
631 1126 693 1201 pro
718 1107 890 1178 Placentia
912 1089 1051 1180 domino
1074 1106 1287 1179 Lanlrancho
1305 1105 1349 1178 de
1376 1103 1540 1176 Landedo
1555 1105 1692 1194 rectori,

282 1253 345 1325 pro
365 1231 516 1304 Ferraria
542 1229 691 1303 dominis
715 1229 865 1304 Gnidoni
889 1232 934 1304 de
956 1233 1114 1304 Marzauo
1133 1221 1272 1320 rectori,
1301 1251 1364 1325 pro
1380 1229 1521 1301 Mantua
1545 1229 1695 1302 dominis

284 1353 461 1450 Uguitioni
477 1353 647 1428 advocato
665 1363 700 1426 et
717 1355 864 1427 Martino
878 1355 923 1427 de
944 1355 1128 1428 Bouacosie
1144 1353 1284 1440 rectori,
1310 1353 1438 1426 scilicet
1456 1352 1552 1448 quod
1569 1353 1614 1426 de
1630 1353 1696 1427 isto

284 1480 406 1552 ultimo
431 1477 576 1553 articulo
597 1477 648 1551 sio
671 1478 873 1574 incipienti:
894 1479 1022 1551 «Etsi
1044 1480 1133 1552 iuter
1155 1480 1394 1574 imperatorem
1418 1487 1452 1550 el
1473 1487 1695 1550 memoratam

283 1605 479 1676 sociotatem
494 1604 602 1698 aliqui
620 1601 679 1675 alii
693 1603 796 1676 etiam
810 1603 943 1676 articuli
964 1614 1167 1700 apparerent
1182 1625 1229 1676 ex
1244 1602 1372 1698 quibus
1390 1611 1506 1698 posset
1524 1601 1698 1676 discordia

285 1729 441 1822 generari
453 1729 509 1800 vel
526 1726 634 1799 foveri
649 1736 830 1822 concepta,
850 1727 983 1822 placeat
1000 1737 1035 1798 ul
1048 1726 1170 1799 eodem
1186 1726 1290 1799 modo
1301 1735 1336 1798 et
1346 1725 1468 1798 ordine
1478 1725 1667 1820 sopiantur,
1677 1751 1695 1795 n

284 1850 390 1922 nichil
408 1849 540 1946 possint
558 1849 664 1924 iidem
682 1851 786 1945 legati
801 1873 866 1924 nec
882 1852 1035 1924 Romana
1051 1850 1203 1923 Ecclesia
1217 1849 1377 1940 laudare,
1395 1849 1544 1922 diffinire
1557 1860 1617 1921 aul
1632 1859 1700 1921 ter·

285 1975 423 2047 minare·
433 1973 500 2046 niei
515 1973 749 2047 de‘voluntate
764 1985 800 2048 et
813 1994 984 2046 consensu
1004 1975 1183 2068 utriusque
1199 1975 1322 2070 partis,
1342 1973 1471 2046 scilicet
1486 1972 1618 2045 domiui
1636 1974 1701 2046 im·

284 2099 452 2194 paratoria
469 2105 504 2171 et
521 2098 695 2171 societatis
712 2099 843 2194 prelata
859 2097 1084 2185 Lombardie,
1110 2097 1261 2171 Marohie
1278 2107 1313 2170 et
1331 2097 1517 2189 Romania,
1540 2098 1701 2192 quamvis

286 2223 488 2318 generaliter
513 2221 574 2296 fiat
597 2224 881 2318 compromissum
905 2245 1010 2319 super
1032 2224 1108 2318 ipso
1129 2222 1285 2294 articulo.
1315 2223 1357 2294 [lt
1378 2222 1445 2294 hoc
1466 2233 1701 2294 convenerunt

285 2347 407 2443 prelati
419 2346 520 2440 legati
530 2356 701 2442 presente,
713 2347 850 2418 volente
860 2367 901 2418 ac
909 2347 1143 2420 consentiente
1152 2335 1310 2442 predicto
1318 2346 1480 2440 magistro
1490 2346 1700 2434 Hermanno,

286 2471 409 2543 nuntio
425 2479 460 2542 et
476 2478 696 2566 procuratore
710 2469 868 2564 prelibati
884 2468 1016 2542 domini
1033 2469 1259 2565 imperatoris.

260 2665 262 2670 Α
335 2594 410 2686 Ego
432 2595 619 2667 Jacobinus
645 2592 823 2688 quondam
849 2591 984 2664 Gratioli
1009 2591 1101 2664 lilius
1124 2591 1212 2666 civis
1234 2591 1475 2683 Bononiensis,
1501 2593 1701 2665 auctoritate

288 2718 455 2814 imperiali
485 2729 520 2792 et
548 2741 642 2791 nono
668 2719 877 2814 prelatorum
906 2727 1078 2790 rectorum
1103 2717 1275 2808 notarius,
1305 2715 1443 2788 interlui
1468 2714 1702 2810 mandataque

288 2842 444 2939 ipsorum
458 2841 687 2916 cardinalium
704 2840 893 2937 subscripsi
912 2849 946 2914 et
964 2839 1152 2936 publicavi.

342 3401 575 3512 FridericuS,
599 3399 861 3485 Romanorum
893 3400 1113 3510 imperator,
1137 3423 1226 3480 oum
1253 3396 1444 3484 Ludovico
1470 3397 1702 3484 Francorum
1730 3427 1913 3534 ,amm

290 3561 380 3646 rege
398 3533 765 3618 confoederationem
796 3543 953 3618 renovat
983 3545 1159 3616 mutuam
1192 3540 1230 3615 et
1257 3530 1378 3642 jurari
1409 3533 1449 3614 in
1477 3534 1606 3616 anima
1633 3561 1704 3618 sua

285 3668 414 3778 jubet,
434 3693 524 3752 oum
540 3669 613 3750 hac
631 3666 803 3748 clausula
820 3666 925 3776 quod
942 3665 1091 3750 nullam
1109 3666 1315 3748 amicitiam
1331 3692 1421 3748 oum
1438 3692 1527 3776 rege
1544 3668 1700 3778 lngio-

290 3827 377 3884 rum
395 3801 506 3885 iaoiel
524 3800 606 3884 sine
623 3800 817 3883 voluntate
835 3799 1015 3909 praedicti
1033 3799 1267 3883 Francorum
1285 3798 1400 3908 regis.

371 4016 470 4094 (Edit.
489 4035 539 4095 ap.
558 4017 728 4092 Mourena,
740 4013 874 4097 Amplior.
891 4013 1010 4092 oollab,
1024 4017 1052 4094 l,
1067 4025 1156 4078 1257.
1168 4016 1380 4092 -Lrnrrrz,
1401 4014 1465 4076 coe.
1473 4016 1540 4098 jae.
1557 4023 1634 4098 pent.
1652 4015 1701 4077 di·

404 4121 509 4203 plom„
525 4142 555 4202 p.
568 4133 616 4186 15.
627 4157 668 4168 —
681 4125 798 4198 Lumo,
818 4121 970 4188 God.1taL
986 4121 1133 4205 diplomat
1137 4169 1147 4200 ,
1162 4130 1186 4184 t.
1201 4124 1247 4196 II,
1262 4141 1292 4200 p.
1307 4133 1378 4186 885.
1388 4126 1556 4204 -Pmrz,
1570 4125 1699 4185 Mutuus

410 4231 485 4293 Hira
497 4230 640 4311 cerrima
654 4231 708 4306 lv,
718 4248 750 4310 p.
765 4241 840 4306 29³3
855 4233 921 4295 coll.
937 4249 1007 4294 cnm
1019 4234 1119 4294 codice
1130 4231 1216 4292 MSS.
1224 4229 1365 4292 Btbllotlr.
1377 4231 1473 4294 Parls.
1488 4232 1553 4292 elne
1566 4247 1699 4307 numero,

412 4345 516 4400 vocam
531 4335 716 4401 Clrcrtuluire
728 4336 763 4399 de
776 4336 1059 4420 Philippo-Aequore,
1071 4339 1123 4400 iol.
1141 4347 1197 4400 1³8
1211 4343 1291 4400 recto
1303 4344 1333 4399 ot
1346 4345 1401 4399 770
1415 4355 1501 4401 verso
1514 4340 1567 4414 (l).
1581 4338 1592 4418 )

329 4625 365 4701 (l)
382 4627 425 4686 lo
444 4629 591 4704 marginem
613 4631 693 4704 hujus
712 4630 767 4689 lolii
782 4633 832 4688 l'lo
854 4638 882 4688 ot
900 4636 1042 4689 coaetanea
1060 4645 1157 4702 manu,
1177 4631 1273 4705 legitur
1293 4632 1425 4706 eamagni
1444 4649 1553 4707 prorsus
1574 4635 1701 4692 momenti
1803 4623 1805 4629 ’

292 4739 362 4798 quae
382 4727 503 4802 sequitur
523 4733 603 4788 nota:
617 4749 630 4783 r
642 4727 832 4804 confederatio
844 4745 915 4787 novo
928 4730 1000 4786 inter
1013 4728 1185 4787 Frederioum
1200 4731 1392 4804 imperatorem
1403 4731 1561 4789 nomano
1574 4738 1600 4789 et
1613 4731 1703 4790 Ludo-

370 4826 424 4890 lv.
1503 4840 1540 4894 45
