4360 5908
211 583 314 644 bure.
329 580 374 659 ἃ]
664 577 863 640 HISTORIA
886 577 1178 640 blunounulcn
1568 579 1630 642 293

261 715 458 792 Friderieus
471 713 534 788 Dei
546 713 658 810 palia
666 714 898 788 Romanorum
911 714 1094 811 imperator
1104 735 1241 810 semper
1250 715 1628 807 augustus,lerusalem

213 848 248 914 et
265 840 381 914 Sicilie
394 861 472 914 rex.
492 839 559 914 Per
573 860 717 936 presens
730 838 897 936 seriptum
908 847 1028 914 notum
1044 838 1120 912 fieri
1133 839 1294 916 volumus
1310 838 1482 913 universis
1495 839 1630 936 imperii

212 963 375 1040 fidelibus
388 973 458 1039 tarn
468 965 686 1061 presentibus
699 987 804 1061 quam
820 965 945 1038 futuris
960 964 1056 1060 quod
1072 963 1269 1038 Waltherns
1281 963 1390 1038 abbas
1397 964 1630 1041 Medilicensis

213 1087 436 1179 monasterii,
466 1086 580 1162 lidelis
598 1095 729 1176 noster,
751 1088 947 1163 celsitudini
971 1097 1086 1162 nostre
1105 1087 1280 1162 humiliter
1304 1089 1513 1186 supplicavit
1534 1111 1631 1186 qua-

212 1224 314 1286 tenns
331 1213 446 1310 ipsum
469 1211 716 1286 monasterium
734 1233 851 1306 snum,
868 1214 1009 1302 iratres,
1028 1213 1186 1286 homines
1198 1221 1233 1286 et
1246 1213 1361 1305 omnia
1378 1214 1472 1288 bona
1484 1236 1549 1288 sua
1561 1213 1629 1290 sub

213 1346 381 1411 nostrast
395 1337 532 1434 imperii
549 1336 763 1434 protectione
778 1337 929 1434 recipere
948 1345 983 1410 ot
997 1347 1070 1412 tam
1077 1338 1157 1429 jura
1167 1358 1273 1434 quem
1288 1337 1464 1412 libertates
1479 1361 1521 1414 ao
1538 1340 1631 1416 bona

212 1483 283 1558 quo
297 1462 334 1534 in
348 1462 601 1560 presentiarum
615 1461 866 1536 rationabiliter
882 1460 1036 1558 possidet
1054 1462 1110 1536 vel
1123 1461 1160 1534 in
1174 1471 1274 1536 antea
1286 1463 1381 1556 justo
1395 1463 1494 1537 titulo
1505 1466 1630 1560 poterit

213 1585 379 1684 adipisci,
400 1586 447 1662 de
463 1597 581 1662 nostra
595 1586 821 1682 dignaremur
837 1587 947 1681 gratia
969 1585 1185 1660 confirmare.
1208 1587 1278 1660 Nos
1295 1597 1412 1661 autem
1434 1589 1508 1661 suis
1525 1589 1631 1682 justis

100 1725 104 1730 '
212 1712 525 1808 supplicationibus
542 1713 728 1810 benignius
745 1711 910 1806 inclinati,
926 1712 1121 1809 predictum
1133 1713 1296 1786 abbatem
1313 1735 1393 1786 cum
1410 1713 1534 1788 eodem
1552 1737 1632 1790 mo-

212 1838 363 1912 nasterio
378 1837 610 1930 ldsdilioensi,
630 1837 805 1930 iratribus,
822 1837 1022 1912 hominibus
1036 1847 1070 1912 et
1082 1837 1243 1912 omnibus
1259 1837 1360 1910 bonis
1373 1839 1531 1932 ejusdem
1554 1862 1630 1916 mo-

212 1962 354 2036 nasterii
370 1963 438 2036 sub
454 1971 572 2036 nostra
589 1971 624 2036 et
640 1962 776 2060 imperii
792 1963 1002 2058 protectione
1018 1961 1204 2060 recipimus
1218 1962 1371 2059 speciali.
1385 1962 1631 2040 Confirmantes

212 2086 281 2159 sibi
300 2086 346 2160 de
359 2087 480 2162 innata
493 2085 730 2161 munificentie
747 2095 862 2162 nostre
875 2088 985 2182 gratia
1002 2097 1071 2161 tam
1082 2087 1163 2180 jura
1177 2109 1285 2183 quam
1297 2087 1472 2162 libertates
1486 2098 1522 2162 et
1538 2089 1630 2164 bona

212 2233 284 2306 que
296 2211 333 2283 in
344 2212 596 2308 presentiarum
607 2211 740 2286 dietum
751 2212 997 2287 monasterium
1009 2210 1231 2287 Medilioeuse
1246 2213 1492 2288 rationabiliter
1502 2213 1631 2288 babere

212 2335 448 2432 dignoscitur,
478 2337 536 2410 vel
561 2336 598 2408 in
622 2345 721 2410 antea
741 2338 838 2431 justo
861 2338 987 2434 polerit
1010 2337 1110 2411 titulo
1132 2337 1296 2434 adipisci,
1323 2340 1491 2434 presentis
1512 2339 1630 2436 scripti

212 2460 416 2534 auctoritate
442 2458 646 2534 mandantes
669 2469 842 2556 quatenus
862 2462 959 2536 nulla
976 2481 1126 2558 persona
1144 2462 1209 2554 sil,
1228 2461 1387 2535 sublimis
1400 2464 1458 2536 vel
1473 2462 1626 2556 humilis,

212 2584 447 2659 ecclesiastica
461 2607 524 2658 seu
539 2583 730 2676 mundane,
740 2585 1023 2681 qusjamdiotum
1037 2587 1284 2660 monasterium
1301 2597 1419 2661 eontra
1431 2588 1536 2683 hujus
1550 2609 1630 2684 pro-

213 2710 374 2784 tectionis
389 2717 425 2784 et
442 2708 710 2784 nondinationis
724 2719 839 2785 nostre
855 2711 1020 2808 paginam
1036 2713 1217 2786 molestare
1238 2720 1430 2807 presumat,
1450 2721 1515 2786 eto.
1534 2710 1623 2810 (sic).

260 2837 375 2930 Hujus
386 2856 528 2932 quoque
544 2833 594 2908 rei
607 2843 711 2910 testes
728 2844 834 2910 sunt:
853 2837 892 2910 B.
910 2836 1104 2932 patriarcha
1116 2836 1423 2932 Aquilegensis,...
1442 2835 1627 2912 bledebur·

212 2962 393 3056 gensis,...
410 2962 594 3036 Ravennae
605 2971 640 3036 el
650 2962 690 3036 B.
707 2963 970 3036 Panormitanns
981 2962 1245 3059 archiepisoopi,
1262 2962 1304 3034 Ε.
1322 2961 1625 3058 Babinbergsnsis,

213 3089 248 3160 S.
270 3087 529 3162 Ralisbonensis
547 3087 737 3185 imperialis
756 3087 835 3162 aule
852 3087 1143 3182 cancellarius,...
1163 3086 1428 3162 wormaciensis
1450 3095 1486 3162 et
1502 3087 1544 3160 N.
1561 3088 1627 3162 lle-

214 3213 321 3307 glum
342 3213 513 3312 episcopi,
535 3211 580 3286 Α.
612 3213 690 3288 dux
711 3212 880 3307 Saxonis,
907 3213 951 3286 O.
981 3212 1058 3287 dux
1081 3211 1251 3304 bleranie,
1274 3212 1315 3284 B.
1336 3209 1413 3284 dux
1430 3211 1625 3302 Karinthie,

214 3359 332 3412 nomes
348 3339 392 3412 ll.
411 3337 457 3413 de
472 3337 766 3425 Hortenberob,...
785 3359 900 3413 eomes
918 3337 964 3413 de
977 3339 1161 3430 Nassowe,
1177 3335 1364 3412 Warnerns
1378 3335 1424 3409 ds
1442 3334 1626 3429 Bolaudia,

214 3484 332 3538 eomes
348 3461 553 3538 Cbonradus
567 3463 612 3539 de
626 3462 817 3558 Hohenloe,
831 3471 867 3537 et
882 3463 941 3536 alii
955 3463 1190 3560 quamplures.

261 3589 392 3662 Datum
406 3587 443 3660 in
458 3587 597 3663 oivimle
615 3589 797 3680 Ravenne,
820 3609 912 3663 anno
928 3587 1100 3664 dominius
1117 3586 1362 3662 incarnationis
1379 3584 1627 3678 ltcuxxxl,

215 3733 336 3788 mense
346 3713 517 3808 januarii,
536 3713 567 3787 V
583 3711 783 3790 indictione.

471 4013 1382 4032 n-—u--u--a--n———n-——r—u--ua—--u-n—-n-

269 4297 504 4409 Fridericus,
524 4298 785 4385 Romanorum
812 4299 1032 4410 imperator,
1062 4296 1113 4380 ad
1139 4293 1452 4406 supplicationem
1482 4291 1632 4377 obbatis

217 4431 470 4543 Medlieensis,
490 4433 716 4518 sententiam
734 4433 783 4519 ab
800 4434 962 4520 Henriuo
978 4435 1026 4518 de
1045 4431 1246 4544 Cbunring
1271 4431 1320 4515 de
1345 4429 1457 4514 bonis
1478 4429 1518 4510 in
1546 4427 1632 4511 Re-

219 4565 366 4780 sengeld
389 4567 488 4652 inter
513 4568 692 4654 eumdem
719 4567 895 4654 abbatem
914 4576 952 4652 et
969 4566 1187 4680 Seyiridum
1208 4566 1257 4649 de
1279 4562 1482 4651 Chalchaw
1512 4559 1631 4643 latam

218 4721 288 4780 oon
318 4709 433 4784 umet.
