4320 5918
487 540 548 602 512
986 539 1203 602 barbarici
1230 539 1410 603 sectant
1710 541 1790 622 [ilus.
1809 541 1897 604 teat

537 673 682 769 Signum
703 672 834 748 domini
851 673 1000 772 Philippi
1016 675 1160 750 secundi
1172 677 1405 750 Romanorum
1421 675 1514 772 regis
1526 675 1757 752 invictissimi.
1774 676 1902 774 (lintw-

487 797 668 894 promoto.)

538 925 613 1018 Ego
623 921 829 996 Cbnnradns
842 924 1140 1022 Wircebnrgensis
1151 926 1346 1023 episcopos,
1361 926 1549 1024 imperialis
1564 928 1645 1000 aule
1659 926 1898 1018 macellarius,

491 1047 714 1121 vicedomini
729 1049 920 1145 Magnntini
937 1050 1047 1123 tocius
1057 1049 1237 1124 Germanic
1248 1049 1557 1141 archicancellarii,
1576 1049 1773 1145 recognovi.

539 1173 625 1245 Acta
643 1182 725 1245 sunt
740 1173 805 1246 beo
821 1195 913 1246 anno
930 1173 976 1246 ab
998 1175 1233 1248 incarnatione
1251 1172 1382 1248 domini
1397 1175 1619 1266 MCXCVllll,
1643 1173 1831 1249 indictione
1845 1175 1896 1265 ll,

491 1307 658 1392 regnante
673 1297 813 1372 domino
829 1297 986 1394 Philippo
996 1298 1150 1372 secundo
1164 1299 1396 1372 Romanorum
1415 1319 1499 1394 rege
1516 1297 1778 1394 gloriosissimo,
1805 1317 1899 1369 anno

490 1423 588 1516 regui
607 1423 682 1515 ejus
699 1423 821 1520 primo.

538 1549 662 1620 Datum
676 1523 771 1644 apud
786 1547 1020 1642 Magonoiam,
1032 1570 1095 1646 per
1105 1545 1623 1643 mannannradiregalisaulo
1636 1548 1896 1645 prothonotarii,

490 1671 596 1745 XVlll
611 1670 776 1744 kalendas
789 1672 951 1744 octobris.

536 1797 606 1869 Nos
617 1795 723 1890 igitur
733 1795 990 1870 considerantes
1000 1795 1104 1871 fidem
1120 1807 1156 1872 et
1166 1797 1386 1872 devotionem
1399 1794 1608 1872 laudabilem
1617 1795 1900 1892 predecessorum

490 1919 613 2017 prelati
626 1919 776 1992 Heinrici
790 1919 999 2015 Eystotensie
1015 1921 1167 2017 episcopi
1182 1922 1297 1996 dilecti
1312 1921 1479 2019 principis
1495 1920 1615 2013 nostri,
1628 1941 1735 2016 quam
1749 1920 1796 1993 ad
1811 1941 1900 1993 nos-

493 2058 578 2118 tram
593 2053 629 2117 et
644 2045 778 2141 imperii
799 2045 1036 2119 celsitudinem
1059 2046 1273 2137 babuerunt,
1298 2047 1404 2143 gratis
1425 2067 1566 2142 qnoque
1582 2044 1730 2118 servitiis
1743 2043 1899 2138 ejusdem

493 2169 647 2266 episcopi
671 2189 742 2264 qne
764 2169 886 2261 nobis,
915 2169 1094 2244 karissimo
1118 2169 1190 2245 fibo
1217 2181 1334 2246 nostro
1355 2173 1587 2246 Romanorum
1611 2169 1686 2264 regi
1702 2179 1739 2242 et
1755 2169 1901 2265 imperio

491 2294 653 2370 exhibuit
668 2293 851 2390 diligenter
865 2305 900 2370 et
916 2295 1059 2370 exbibet
1078 2296 1289 2372 incoesanter
1306 2297 1487 2394 inspectis,
1507 2295 1670 2370 eumdem
1682 2293 1897 2390 episcopum,

491 2420 671 2495 ecclesiam
693 2440 792 2491 snam
807 2419 1044 2516 Eystetensem
1067 2431 1103 2496 et
1124 2423 1241 2496 omnia
1259 2423 1352 2496 bona
1375 2421 1571 2518 ipsiusque
1590 2421 1683 2512 juste
1694 2419 1847 2516 possidet
1863 2420 1900 2490 in

490 2545 640 2642 presenti
659 2552 695 2616 et
708 2543 744 2614 in
759 2545 912 2616 loturum
927 2546 1022 2637 josto
1044 2545 1144 2620 titulo
1164 2548 1289 2643 poterit
1306 2545 1470 2643 adipisci,
1484 2545 1551 2618 sub
1570 2553 1686 2619 nostra
1707 2553 1742 2616 ct
1765 2544 1900 2640 imperii

491 2669 633 2767 speciali
652 2668 862 2765 protectione
878 2670 1092 2766 recipientes,
1108 2669 1303 2768 predictum
1323 2671 1438 2768 patrui
1450 2671 1555 2744 nostri
1570 2669 1792 2766 privilegium
1806 2679 1842 2742 ot
1860 2691 1901 2742 ea

491 2817 562 2892 que
579 2794 616 2866 in
629 2794 705 2890 ipso
714 2793 912 2888 expressius
925 2794 1144 2869 continentur
1160 2797 1372 2870 auctoritatis
1385 2805 1501 2868 nostre
1513 2793 1705 2868 munimine
1716 2792 1900 2868 confirma·

492 2943 587 3010 mus;
621 2927 809 2992 statuentes
840 2917 981 2992 firmiter
1003 2929 1037 2992 et
1061 2920 1230 3016 imperiali
1249 2919 1365 2994 edicto
1390 2919 1593 2994 mandantes
1612 2919 1902 3015 quatenns‘nulla

491 3065 650 3142 persona,
662 3044 731 3116 altu
744 3043 799 3114 vel
817 3043 970 3132 humilis,
990 3045 1279 3118 ecclesiasticave!
1293 3045 1482 3136 mundana,
1499 3043 1794 3140 contrapresentis
1812 3063 1903 3116 ecn-

491 3169 688 3243 firmationis
697 3177 811 3242 nostre
818 3168 981 3262 paginam
991 3169 1526 3265 aliquidattemptarepresomat.
1537 3169 1706 3263 Quodqui
1715 3189 1903 3264 praeump-

491 3295 574 3369 serit
586 3315 710 3390 penam
729 3293 982 3388 quinquaginta
998 3293 1163 3366 librarum
1176 3295 1252 3366 nori
1268 3295 1347 3390 puri
1363 3315 1401 3368 se
1414 3294 1549 3368 noverit
1569 3294 1808 3384 incursurum,
1829 3313 1904 3364 me·

493 3419 656 3494 dietatem
669 3438 805 3492 camere
817 3427 976 3490 nostrast
990 3416 1094 3490 aliam
1102 3417 1319 3492 medietatem
1331 3419 1441 3514 passis
1452 3417 1615 3513 injuriam
1624 3415 1900 3513 persolvendam.

492 3543 549 3620 Ad
563 3546 662 3640 cujus
675 3543 725 3616 rei
739 3541 948 3618 evidentiam
960 3551 996 3615 et
1006 3541 1113 3616 robur
1129 3553 1296 3640 perpetuo
1313 3543 1513 3637 valiturum,
1524 3563 1668 3640 presens
1685 3541 1904 3639 privilegium

493 3670 610 3745 fieriet
623 3668 832 3742 bullannrea
842 3668 975 3764 typario
986 3679 1102 3741 nostre
1118 3667 1306 3761 majestatis
1320 3669 1485 3765 impressa
1497 3667 1667 3762 iussimus
1684 3667 1902 3740 communiri.

542 3795 652 3888 Hujus
670 3793 720 3866 rei
737 3799 954 3866 testessnnt:
972 3793 1008 3866 S.
1027 3792 1235 3866 venerabilis
1256 3793 1480 3888 moguntinus
1502 3791 1782 3888 archiepiscopus
1800 3791 1907 3864 totius

493 3919 673 3994 Germanic
699 3917 1039 4006 archicancellarius,
1072 3917 1113 3990 li.
1151 3917 1358 3990 venmabilis
1388 3916 1677 4012 babinbergensis
1698 3915 1902 4011 episcopus,

493 4046 537 4116 Η.
559 4041 712 4116 marchio
728 4041 774 4116 de
790 4041 926 4129 Badeo,
953 4063 1070 4115 comes
1091 4042 1307 4116 Hermannns
1330 4041 1376 4116 de
1396 4042 1618 4137 Ortemberg,
1648 4043 1703 4114 ΑΙ.
1728 4041 1775 4116 de
1796 4041 1903 4130 Ense,

493 4167 709 4242 Reinhardus
723 4164 768 4240 de
785 4167 1004 4259 Hageuawe,
1022 4165 1256 4261 Engilbardos
1267 4165 1312 4241 de
1328 4166 1480 4256 Nidelre‚
1497 4175 1533 4240 ot
1544 4167 1603 4240 alii
1615 4165 1853 4261 quamplures.

542 4291 688 4386 Signum
709 4289 840 4364 domini
860 4289 1026 4366 iriderici
1047 4288 1193 4364 secundi
1213 4290 1275 4364 Dei
1302 4291 1413 4386 patin
1433 4290 1651 4367 invictissimi
1673 4291 1905 4364 Romanorum

492 4415 705 4513 imperatoris
719 4435 854 4510 semper
867 4415 1019 4511 augusti,
1037 4414 1225 4487 Jerusalem
1238 4425 1273 4488 et
1282 4415 1397 4490 Sicilie
1409 4416 1514 4510 regis.

542 4541 627 4614 Actu
638 4547 720 4612 sont
732 4537 798 4612 bec
810 4559 903 4611 anno
919 4537 1092 4613 dominice
1104 4538 1348 4613 incarnationis
1359 4539 1541 4614 millesimo
1557 4538 1794 4613 ducentesimo
1804 4537 1905 4610 trice·

493 4667 582 4742 simo
599 4673 737 4760 quarto,
756 4683 875 4738 mense
892 4663 1107 4757 novembris,
1127 4663 1204 4736 Vlll
1217 4661 1434 4756 indictionis,
1454 4665 1647 4762 imperante
1662 4661 1805 4740 domiuo
1821 4682 1907 4735 nos-
