4360 5908
205 601 368 686 isbaab]
658 589 856 654 dlstottta
883 583 1177 646 ntrtottttthtt.
1561 579 1622 644 357

227 743 232 750 '
258 737 371 828 Hujus
393 731 443 806 rei
469 737 573 804 testes
598 735 681 800 sunt
707 751 716 796 ι
740 726 781 798 Β.
813 717 1004 817 patriarcba
1030 713 1290 810 Aquilegcnsis,
1315 713 1622 809 magdeburgensis

210 873 246 936 et
267 863 452 934 Ravennae
478 848 747 946 archiepiscopi,
766 851 807 922 E.
829 841 1144 936 Babimbergcnsie,
1169 842 1206 912 S.
1232 837 1487 934 Retispononsis
1511 839 1620 934 impe·

209 985 305 1058 rialis
325 981 406 1054 aule
422 976 665 1071 cancellarius,
690 969 966 1060 wormatiensis,
987 965 1200 1040 brixinensis
1221 973 1256 1038 et
1275 963 1428 1056 Reginus
1447 965 1617 1060 episcopi,

211 1109 288 1184 dux
305 1103 476 1187 Saxonis,
499 1101 586 1174 dox'
601 1098 770 1188 Maenio,
798 1096 874 1170 dux
892 1091 1086 1182 Karintbie,
1105 1111 1219 1164 comes
1237 1089 1280 1160 H.
1304 1088 1349 1160 de
1369 1087 1619 1181 Waldoburcb,

210 1253 325 1306 comes
340 1231 384 1302 tt.
405 1226 450 1301 de
468 1224 672 1315 Ortenberc,
690 1242 805 1296 comcs
825 1217 1006 1314 Adolpbus
1022 1216 1068 1290 de
1087 1213 1255 1304 Holsatia,
1273 1213 1484 1287 Gonnolinus
1505 1224 1540 1287 ct
1563 1215 1621 1288 alii

210 1354 449 1553 qufflffi
460 1475 526 1550 hec
541 1493 633 1548 anno
654 1468 829 1543 dominice
846 1463 1090 1540 incarnationis
1107 1464 1156 1538 Μ.
1169 1463 1232 1536 CC.
1244 1463 1384 1555 XXXII,
1405 1485 1524 1538 mense
1541 1485 1622 1536 ma-

211 1604 275 1697 dii,
294 1603 325 1676 V
343 1599 549 1688 indictione,
573 1597 764 1692 imperante
782 1592 923 1668 domino
949 1601 1065 1662 nostro
1089 1587 1282 1678 Friderico,
1302 1588 1363 1660 Dei
1382 1588 1491 1682 gratia
1510 1588 1621 1662 invic-

211 1729 345 1802 tissimo
359 1727 589 1800 Romanorum
604 1722 810 1817 imperatore
821 1737 957 1812 semper
971 1723 1132 1809 augusto,
1148 1715 1336 1786 Jerusalem
1352 1725 1386 1786 et
1397 1711 1511 1786 Sicilie
1523 1735 1620 1808 rege,
1652 1763 1656 1770 -

210 1839 304 1926 anno
321 1837 464 1926 bomani
480 1847 578 1942 regni
597 1847 673 1939 ejus
691 1841 911 1931 duodecimo,
928 1839 1026 1934 regni
1044 1840 1230 1912 Imuselom
1246 1839 1405 1934 septimo,
1423 1839 1520 1933 regni
1541 1861 1623 1912 vero

210 1975 327 2050 Sicilie
344 1973 517 2048 tricesimo
531 1979 668 2066 quarto,
688 1967 842 2042 feliciter.
863 1964 987 2038 Amen.

259 2103 347 2174 Data
363 2097 460 2196 apud
476 2087 616 2170 Portum
634 2091 778 2185 Neonis,
800 2110 906 2182 anno,
925 2107 1043 2162 mense
1057 2096 1093 2162 et
1109 2085 1297 2160 indictione
1312 2087 1523 2183 prescriptis.

1244 2419 1409 2434 *ss

265 2738 501 2845 Fridcricus‚
525 2737 785 2821 Romanorum
812 2734 1031 2842 imperator,
1055 2741 1186 2816 notam
1212 2732 1304 2816 farsit
1335 2735 1559 2817 sententiam
1585 2736 1625 2819 in
1652 2761 1829 2866 ppppffl

212 2873 319 2956 curia
347 2898 417 2955 sue
442 2871 582 2979 latam,
609 2869 783 2953 videlicet
816 2869 920 2979 quod
946 2868 1163 2952 bernardus
1195 2867 1275 2950 dux
1308 2867 1520 2952 Corinthiae
1546 2895 1624 2953 non

213 3005 353 3090 babeat
383 3013 608 3114 potestatem
639 3002 861 3088 instituendi
892 3002 1021 3088 sorum
1056 3001 1096 3082 in
1131 2999 1213 3086 solo
1248 3002 1467 3086 monosterii
1498 3003 1624 3086 Sancti

213 3139 322 3224 Pauli
339 3139 388 3222 de
405 3139 562 3224 Levant.

295 3383 415 3458 (lncdtt.
426 3400 464 3444 ex
475 3383 612 3464 orlglnall
623 3384 656 3444 ln
669 3381 789 3444 archivo
798 3379 970 3444 Vlndobon.
981 3386 1141 3454 mscrrato,
1155 3381 1240 3457 culus
1252 3378 1337 3442 noble
1345 3380 1432 3442 sollte
1444 3380 1627 3446 bomonltato

336 3505 391 3551 soa
405 3491 522 3586 coplem
536 3489 607 3551 lecit
622 3489 660 3550 cl.
673 3485 879 3566 Boebmerns.)

263 3701 471 3792 Fridericns‚
491 3703 553 3776 Dei
568 3703 685 3797 gracia
699 3703 930 3776 Romanorum
948 3701 1146 3796 imperator,
1164 3722 1299 3796 semper
1319 3711 1501 3798 augustae,
1521 3705 1626 3778 Jeru-

213 3826 322 3900 salem
339 3835 374 3899 et
390 3827 507 3900 Sicilie
525 3849 602 3900 rex.
623 3827 687 3900 Per
707 3847 848 3922 presens
866 3825 1029 3921 scriptum
1052 3835 1171 3898 notum
1189 3827 1335 3899 lecimus
1354 3829 1524 3902 universis
1540 3828 1626 3902 tide-

213 3949 308 4022 libus
324 3949 449 4022 nostris
466 3946 527 4048 [et]
546 3950 694 4046 imperii,
712 3957 781 4022 tam
798 3949 1017 4045 presentibus
1032 3971 1136 4043 quam
1154 3951 1289 4042 laturis,
1309 3952 1405 4045 quod
1420 3951 1518 4024 nobis
1531 3953 1627 4048 apud

213 4075 354 4147 Portum
376 4075 505 4148 Naonis
528 4075 661 4148 curiam
684 4075 883 4169 regentibus
908 4073 1118 4169 generalem,
1148 4075 1379 4150 assidentibus
1405 4077 1505 4150 nobis
1532 4078 1628 4174 prin-

215 4199 354 4294 cipibus
371 4199 495 4272 nostris
508 4199 569 4294 qni
588 4198 717 4272 ibidem
734 4207 910 4296 presentes
928 4197 1087 4290 aderant,
1110 4199 1157 4272 ad
1174 4201 1422 4292 querimoniam
1520 4223 1627 4274 vene·

216 4321 335 4394 rabilis
359 4321 493 4394 abbatis
518 4323 634 4396 Sancti
662 4321 757 4395 Pauli
783 4321 819 4394 in
839 4323 988 4414 lavent,
1011 4323 1269 4416 Salzburgensis
1294 4321 1462 4414 diocesis,
1488 4336 1626 4398 senten·

217 4445 339 4518 tiatnm
360 4445 474 4518 extitit
498 4467 560 4542 per
588 4445 728 4520 eosdem
753 4471 763 4516 ε
784 4446 880 4542 qnod
904 4447 942 4517 B.
973 4445 1049 4518 dux
1072 4446 1268 4538 Kerintbie,
1298 4447 1444 4522 dilectus
1469 4449 1628 4546 princeps

217 4578 354 4658 noster,
387 4592 457 4643 non
485 4569 627 4644 baberet
659 4579 859 4667 potestatem
890 4569 1093 4644 instituendi
1122 4573 1234 4644 lorum
1265 4571 1301 4644 in
1331 4574 1405 4646 solo
1431 4575 1629 4648 monasterii

217 4692 420 4790 supradicti,
439 4701 473 4766 et
490 4694 585 4790 quod
600 4691 712 4768 eidem
729 4695 846 4770 abbati
861 4695 979 4768 liceret
995 4695 1108 4770 locare
1122 4706 1157 4770 et
1171 4698 1353 4772 transferre
1370 4699 1483 4772 lorum
1500 4698 1537 4770 in
1555 4700 1629 4772 solo
