4320 5918
491 579 552 643 48ss
580 566 590 580 ·
988 568 1202 632 rnrnnurur
1223 571 1399 636 sacnunr
1713 577 1794 658 [aaa
1813 581 1900 646 rasa

492 711 563 786 lide
576 710 728 785 fidolium
744 709 800 783 vel
818 705 919 782 novis
935 715 1179 782 exhaneomm
1195 708 1373 806 ohsequiis
1390 711 1573 808 imperinm
1591 713 1811 811 ampliarunt.
1831 717 1903 792 linc

491 836 598 932 igitur
615 832 887 910 consideratione
902 831 1114 924 commoniti,
1140 832 1284 908 illustris
1304 835 1548 910 nichilominus
1563 837 1629 909 viri
1651 837 1768 912 dilecti
1789 840 1903 915 affinis

490 971 525 1032 et
538 958 651 1034 tidelis
668 957 776 1032 nostri
794 955 990 1053 ilapmnndi
1006 955 1140 1030 comitis
1147 957 1311 1032 'dolosani
1328 956 1400 1034 lide
1417 969 1454 1034 et
1467 951 1653 1035 devotione
1664 963 1848 1061 pensatis(
1871 963 1898 1060 )‚

491 1093 629 1179 recepto
643 1082 689 1156 ab
706 1102 749 1155 eo
769 1102 831 1177 pro
848 1089 946 1176 parta
965 1079 1099 1176 imperii
1123 1079 1298 1156 fidelitatis
1313 1093 1349 1157 et
1366 1083 1517 1178 homagii
1533 1085 1741 1178 iuramento,
1763 1085 1810 1160 de
1825 1109 1903 1159 mu·

490 1205 663 1280 nilicentla
694 1205 803 1300 gratie
832 1213 965 1296 nostre,
987 1225 1058 1298 qna
1082 1204 1176 1279 hans
1201 1207 1342 1281 meritos
1365 1215 1401 1281 et
1425 1205 1570 1282 devotos
1593 1218 1728 1283 nostros
1751 1208 1903 1304 henigne

491 1330 735 1406 consuevimus
759 1328 958 1426 provenire,
987 1325 1177 1422 donamus,
1202 1329 1427 1407 concedimus
1453 1341 1488 1405 et
1511 1329 1755 1406 confirmamus
1778 1333 1846 1406 sihi
1868 1344 1904 1410 et

491 1455 680 1530 herodibus
702 1454 776 1528 suis
797 1461 924 1528 terram
941 1441 1105 1528 Venesini
1121 1463 1157 1527 et
1180 1462 1286 1529 totam
1307 1456 1410 1530 aliam
1434 1465 1559 1530 mnam
1575 1479 1681 1554 quam
1697 1458 1734 1530 in
1759 1459 1904 1555 imperio

490 1581 566 1654 aive
591 1580 627 1652 in
649 1599 758 1675 regno
777 1576 967 1652 Arelatensi
990 1585 1026 1650 et
1040 1577 1174 1652 Vienna
1194 1578 1270 1674 ipso
1287 1580 1345 1654 vel
1373 1589 1605 1656 antecessores
1630 1583 1686 1656 sni
1713 1582 1843 1658 hahere
1869 1593 1904 1658 et

492 1715 609 1779 tenue
635 1712 890 1778 consueverunt
916 1729 925 1774 z
948 1701 1110 1776 videlicet
1133 1703 1306 1798 civitates,
1329 1714 1458 1797 matra,
1482 1706 1601 1794 villas,
1625 1729 1705 1779 cum
1726 1709 1829 1802 plena
1844 1710 1903 1801 ju-

492 1829 709 1918 risdictione,
728 1849 809 1902 cnm
825 1827 986 1900 omnihus
1002 1827 1116 1902 iendis
1134 1837 1170 1902 et
1185 1829 1293 1902 solitis
1313 1827 1490 1926 pedagiis,
1509 1831 1649 1904 usaticis
1673 1840 1709 1903 et
1733 1833 1903 1905 sannariis

493 1956 529 2028 in
553 1953 717 2028 idiomate
738 1953 826 2048 ipso,
845 1972 915 2047 qne
929 1951 1033 2024 latine
1053 1953 1161 2026 saline
1177 1951 1353 2045 dicuntur,
1371 1965 1408 2028 et
1426 1975 1505 2026 cnm
1527 1955 1690 2028 omnihus
1709 1955 1785 2028 aliis
1800 1957 1903 2048 justi·

495 2079 568 2172 tiis,
586 2078 725 2172 juribus
742 2087 777 2149 et
794 2075 1010 2173 pertinentiis
1025 2075 1181 2169 ejusdcm
1203 2087 1309 2172 terre3
1330 2079 1549 2154 restituentes
1565 2079 1726 2153 eumdem
1744 2081 1902 2153 comitem

495 2204 530 2276 in
556 2203 734 2300 pristinam
761 2200 962 2295 dignitatem
989 2201 1243 2276 marchionatus
1261 2202 1442 2278 Provincia
1462 2225 1568 2299 quam
1591 2212 1826 2278 anmoessores
1848 2203 1903 2277 sui

495 2327 650 2400 similiter
667 2325 882 2416 hahuerunt3
903 2333 1090 2400 statuentes
1103 2337 1139 2400 et
1155 2327 1323 2426 imperiali
1338 2329 1453 2404 edicto
1473 2329 1613 2403 tirmiter
1628 2329 1849 2424 injungentes
1866 2341 1905 2402 ut

495 2452 591 2525 nulla
605 2451 747 2524 omnino
762 2471 921 2547 persona,
941 2451 1011 2524 alta
1025 2451 1080 2525 vel
1096 2451 1249 2546 humilis,
1262 2454 1493 2528 ecclesiastica
1504 2453 1561 2527 vei
1578 2454 1756 2546 secularis,
1772 2454 1903 2529 dictum

497 2576 654 2649 comitem
670 2575 726 2648 vel
750 2573 896 2648 heredes
917 2595 1000 2648 snos
1019 2573 1064 2650 de
1081 2575 1244 2672 predictis
1261 2577 1424 2652 omnibus
1440 2577 1506 2652 snb
1522 2600 1613 2676 pena
1630 2577 1723 2652 mille
1739 2570 1903 2652 libiarum

496 2699 571 2772 auri
594 2699 691 2796 puri,
718 2697 885 2795 impedire
901 2720 964 2772 seu
989 2699 1169 2774 molestare
1190 2712 1384 2798 presumat;
1406 2702 1627 2776 medietatem
1645 2703 1747 2795 cujus
1769 2723 1904 2776 eamme

497 2833 612 2898 nostre
626 2835 661 2898 et
677 2823 780 2897 aliam
798 2821 1014 2898 medietatem
1033 2826 1142 2920 passis
1162 2825 1324 2920 injuriam
1344 2825 1610 2924 persolvendam
1626 2825 1845 2902 decrevimus
1859 2827 1905 2899 ab

497 2969 539 3022 eo
557 2949 612 3022 vel
637 2949 682 3022 nh
704 2947 772 3020 hiis
794 2948 856 3043 qui
876 2959 994 3022 contra
1017 2947 1122 3042 hujus
1144 2959 1259 3024 nostre
1282 2951 1468 3044 majestatis
1490 2949 1643 3024 edictum
1666 2951 1792 3024 inerint
1815 2973 1904 3024 ausu

499 3074 678 3148 temerario
699 3083 965 3169 presumpturos.
992 3074 1035 3148 Ut
1058 3083 1173 3146 anoem
1196 3074 1261 3148 hec
1282 3085 1397 3149 nostra
1422 3075 1582 3167 donatio,
1604 3075 1798 3166 concessio,
1822 3097 1904 3149 non·

499 3197 645 3272 firmatio
666 3198 772 3270 robur
792 3197 945 3270 obtineat
967 3207 1132 3294 perpetue
1153 3196 1343 3292 firmitatis,
1364 3199 1410 3274 ad
1433 3199 1584 3274 iutnram
1608 3199 1807 3274 memoriam
1827 3221 1905 3296 pre-

497 3345 577 3397 sens
595 3322 813 3419 privilegium
833 3319 907 3394 lieri
928 3331 963 3396 et
982 3322 1076 3396 bulla
1093 3344 1198 3398 aurea
1216 3325 1351 3422 typario
1373 3334 1487 3400 nostre
1511 3325 1699 3419 maiestatis
1722 3325 1902 3421 impressa,

493 3447 661 3540 jussimus
677 3446 894 3520 communiri.

532 3727 568 3802 (t)
585 3727 760 3804 Raymundus
775 3735 806 3785 ut
823 3741 899 3785 suam
912 3725 982 3803 apud
996 3743 1132 3786 summum
1145 3727 1298 3802 pontificum
1311 3743 1421 3786 causam
1435 3735 1537 3803 ageret,
1549 3735 1614 3786 tuno
1626 3728 1654 3786 in
1667 3728 1770 3788 ltaliam
1782 3729 1906 3787 advene-

493 3833 555 3898 rat,
570 3827 687 3884 adducta
701 3839 792 3885 mcum
807 3831 971 3883 armatorum
988 3825 1073 3901 topia.
1089 3827 1162 3883 llaec
1182 3831 1272 3884 autam
1295 3827 1367 3900 apud
1388 3825 1552 3884 ltachacum
1574 3826 1751 3885 Pafidsmem
1771 3825 1903 3900 legimus:

498 3926 597 3984 ritmo
607 3925 742 3984 exercitus
755 3923 854 3982 summi
865 3922 998 3999 pontificis
1010 3923 1054 3982 cui
1068 3929 1193 3999 praeerat
1203 3940 1287 3982 manaa
1299 3923 1460 3983 minamur
1472 3939 1605 3998 quaerens
1615 3923 1743 3998 gratiam,
1756 3931 1785 3981 ut
1797 3923 1907 3999 episco-

496 4039 547 4097 pus
566 4021 761 4082 wintoniensis
775 4023 870 4096 (quem
891 4021 1015 4080 dominus
1027 4037 1097 4096 papa
1110 4021 1204 4079 mhida
1223 4021 1329 4079 vocavit
1344 4023 1379 4079 ad
1397 4023 1545 4082 exercitam
1566 4037 1647 4080 suum
1667 4020 1831 4096 regendum,
1846 4027 1906 4077 tum

497 4127 606 4195 propter
619 4120 738 4180 thesauri
751 4118 953 4192 abundantiam,
962 4125 1020 4176 tuuu
1033 4125 1141 4195 propter
1154 4117 1284 4176 militandi
1296 4119 1441 4194 peritiam)
1456 4125 1483 4177 at
1496 4119 1631 4178 exercitus
1644 4117 1813 4194 imperatoris
1824 4115 1906 4175 simul

496 4217 684 4276 convenientes
696 4217 796 4276 casalia
808 4219 988 4276 Romanorum
1002 4231 1052 4291 per
1062 4231 1158 4290 gyurm
1171 4215 1247 4274 urhis
1258 4217 1346 4291 posita
1359 4233 1471 4276 numero
1483 4217 1570 4276 xvul
1587 4221 1792 4292 prostraverunt
1805 4260 1813 4274 .
1835 4255 1844 4271 .
1864 4256 1873 4272 .
1895 4255 1904 4270 .

496 4315 575 4373 Cives
587 4316 710 4373 exierunt
723 4314 758 4372 ah
771 4315 839 4374 urhe
851 4315 912 4374 liiii
924 4315 984 4372 idus
994 4314 1113 4373 octobris
1125 4313 1303 4373 uicinitatem
1316 4314 1467 4374 viterbium
1480 4313 1635 4389 spoliarent,
1646 4319 1700 4372 etc.
1711 4313 1789 4371 Acies
1800 4312 1908 4370 mihn-

498 4427 544 4470 res
558 4413 640 4486 ipsius
653 4427 740 4486 papae
754 4449 763 4466 .
780 4455 787 4468 .
804 4453 812 4469 .
827 4419 856 4469 et
868 4410 948 4469 simul
965 4411 1132 4484 imperatoris
1145 4411 1180 4469 ab
1191 4409 1296 4469 insidiis
1307 4417 1513 4488 prorumpentes
1526 4411 1631 4468 irruunt
1644 4410 1672 4468 in
1682 4410 1816 4468 liomanos
1828 4415 1858 4467 et
1870 4424 1907 4478 ex

498 4511 538 4567 eis
552 4523 677 4581 magnam
688 4513 804 4581 shagem
815 4523 866 4565 non
882 4514 973 4565 tamen
987 4507 1046 4565 sino
1055 4521 1166 4565 suorum
1174 4507 1292 4566 laesione
1303 4507 1452 4567 ieoenmta
1461 4508 1565 4566 Πίσων.
1571 4507 1669 4580 major,
1681 4506 1716 4563 ad
1725 4522 1787 4563 ann.
1799 4522 1827 4580 p.
1838 4507 1904 4562 28⁰.

497 4606 556 4664 linc
576 4604 701 4667 convenit
719 4603 865 4662 hisnardus
885 4603 920 4662 do
933 4603 1032 4662 Sancto
1048 4603 1195 4678 damano,
1207 4605 1273 4662 dum
1284 4603 1388 4664 Mam
1401 4605 1579 4666 homanorum
1593 4604 1639 4679 qui
1658 4609 1721 4680 post
1737 4603 1907 4677 imperatoris

497 4703 645 4764 discessum
658 4717 745 4782 traque
759 4701 908 4763 viterbium
923 4707 1146 4777 properaverant,
1158 4707 1275 4760 enarret
