4298 5906
767 585 893 648 nuent
917 581 1106 650 SICILIAE.
1581 585 1643 650 22¹1

227 723 324 796 curie
348 723 482 796 solvere
504 728 704 811 teuenutur;
726 741 791 794 nec
808 722 899 796 boun
917 723 994 818 ipsu
1010 721 1144 816 possint
1161 719 1300 794 devolvi
1316 717 1361 794 nd
1377 719 1462 794 ulios
1480 722 1535 796 vel
1554 723 1639 798 alios

230 848 370 922 elieusri
390 848 428 919 iu
444 846 676 944 prejudicium
698 843 846 920 liliorum
868 867 929 942 per
948 856 1108 943 parentes
1125 865 1262 937 eorum,
1284 845 1350 918 nisi
1371 855 1542 940 qncteum
1562 869 1641 923 noc·

230 973 291 1045 tris
308 973 444 1068 legibus
458 979 512 1046 est
526 971 746 1068 permissum.

529 1186 728 1279 LIBERI,
756 1188 961 1264 TITULUS
985 1189 1118 1276 LXIX,
1147 1185 1267 1260 PARS
1293 1187 1340 1258 II.

765 1337 875 1438 [Nouo
893 1338 1105 1439 consituto]
1143 1393 1146 1402 ·

278 1493 329 1564 Do
351 1489 601 1586 burgeuscticis
624 1489 782 1586 petitorio
803 1492 859 1565 vel
878 1493 1032 1588 quolibet
1050 1491 1260 1589 possessorio
1280 1489 1519 1586 adipiscendo,
1539 1513 1640 1566 reon·

230 1613 383 1712 percndo
408 1617 464 1690 vel
490 1613 594 1689 elium
618 1615 799 1690 retinendo
830 1617 1055 1712 possessionis
1078 1615 1240 1690 clericum
1265 1637 1327 1687 seu
1350 1613 1454 1687 etiem
1480 1617 1640 1710 quemvis

228 1741 428 1836 religiosum
457 1741 656 1838 pecuniaria
685 1741 819 1814 notione
845 1752 1073 1834 conventum,
1102 1741 1139 1813 iu
1168 1738 1261 1813 civili
1293 1738 1453 1812 volumus
1478 1741 1639 1816 examine

231 1864 457 1961 respondere,
479 1867 529 1940 rei
555 1866 720 1961 quelitnte
736 1867 852 1962 potius
872 1865 909 1940 in
934 1866 999 1940 bec
1023 1876 1120 1962 porte
1136 1887 1206 1960 que
1225 1863 1350 1960 petitur
1369 1885 1474 1959 quom
1496 1888 1641 1962 persone

231 1989 428 2066 conditione
444 2011 506 2065 seu
521 1991 647 2086 judicii
662 1991 828 2087 qualitate
845 2001 986 2088 pensato
1006 1990 1021 2086 (
1044 1990 1072 2088 ).

579 2209 719 2284 LIBER
742 2209 813 2302 III,
841 2209 1044 2284 TITULUS
1068 2207 1195 2281 xxix
1219 2207 1285 2305 (2).

521 2363 569 2434 De
588 2363 686 2436 relos
705 2362 882 2436 stabiliisse
899 2385 964 2436 ooo
982 2361 1168 2436 alienandis
1188 2361 1347 2434 ecclesiis.

281 2511 565 2588 Predecessomm
590 2523 784 2589 uostmrum
808 2523 966 2590 veterum
987 2515 1184 2612 principum
1213 2513 1511 2606 musitationem,
1534 2535 1640 2612 quem

234 2637 373 2733 antiquo
397 2639 547 2714 turbatio
560 2641 714 2736 preteriti
729 2640 893 2738 temporis
911 2639 1123 2736 antiquaret,
1143 2660 1235 2714 nova
1248 2637 1445 2736 pmvisioue
1458 2650 1638 2734 norontes,

233 2758 400 2834 edicimus
422 2759 518 2856 qood
537 2763 624 2834 nulli
644 2763 876 2856 subjectorum
900 2772 1093 2836 nostrorum
1117 2763 1239 2836 clerico
1263 2763 1320 2835 vel
1344 2762 1433 2834 laico
1457 2762 1558 2835 licent
1578 2762 1641 2837 do·

233 2883 348 2956 mibus
369 2885 499 2982 Templi
516 2887 573 2960 rel
593 2887 777 2986 Hospitalis
792 2885 845 2985 (3)
866 2909 927 2961 seu
946 2889 1089 2962 cuilibet
1110 2887 1213 2961 elicui
1233 2888 1307 2960 loco
1328 2885 1489 2981 religioso
1508 2887 1641 2984 dequo

269 3167 307 3240 (l)
325 3167 397 3226 Enoc
408 3167 453 3226 lex
463 3167 500 3228 nb
511 3169 684 3244 antiqnorim
696 3169 844 3243 obtinebat,
856 3171 880 3228 el
890 3171 1111 3246 coulerus,supre
1122 3189 1151 3246 p.
1165 3173 1210 3242 to,
1219 3171 1435 3230 constitutionem
1449 3173 1475 3229 ri
1487 3175 1549 3247 pots
1561 3172 1643 3232 cleri·

235 3280 279 3322 cur
291 3281 308 3323 e
321 3263 462 3325 Guillelmo
475 3267 501 3324 11
513 3273 692 3326 munem.
705 3269 806 3328 ocimu
825 3275 915 3328 temen
929 3269 1041 3328 summis
1052 3267 1225 3343 pontificibus
1240 3283 1348 3342 sempor
1360 3269 1419 3327 visu
1433 3269 1492 3326 luit.
1505 3271 1559 3330 Sed
1570 3272 1640 3330 cre·

232 3363 306 3436 guin
325 3364 365 3422 IX
379 3365 442 3424 iude
455 3366 644 3439 conquerenti,
661 3381 711 3440 per
728 3367 829 3424 litteren
840 3369 875 3426 2⁰
890 3367 1023 3441 septemb.
1033 3369 1103 3424 4236
1113 3367 1151 3426 ito
1163 3367 1314 3425 Eridericos
1329 3367 1527 3442 respondebat:
1540 3370 1641 3440 «Quod

237 3479 251 3514 e
264 3463 334 3520 enim
345 3462 381 3522 nd
391 3463 512 3524 seculcm
518 3463 648 3538 judicium
659 3469 686 3522 et
697 3463 731 3522 nd
744 3463 878 3522 talliarum
889 3463 1048 3523 solutionem
1061 3464 1194 3522 interdum
1205 3463 1296 3524 cledci
1309 3465 1504 3540 compelluntur
1514 3467 1542 3523 in
1553 3468 1641 3540 putri-

238 3580 252 3614 r
264 3561 474 3620 conduceret
487 3561 628 3634 intendis,
641 3561 719 3620 reelis
731 3562 936 3637 relpsmonulis
948 3562 1061 3620 actionis
1074 3561 1178 3620 delectu
1193 3579 1246 3621 unu
1260 3562 1351 3622 habito
1362 3579 1444 3638 super
1454 3565 1508 3636 ets,
1523 3565 1575 3622 boc
1586 3581 1640 3623 nou

238 3659 296 3716 »ud
306 3673 404 3718 nomen
414 3659 523 3734 injurie,
538 3659 583 3718 red
593 3659 630 3716 od
637 3661 714 3734 jorio
726 3662 910 3718 emtionem
922 3660 1012 3735 potins
1022 3660 1155 3719 credimus
1168 3659 1394 3720 reducendumlu
1403 3659 1540 3718 beueliolIs
1552 3667 1641 3721 cutem

239 3775 252 3808 r
265 3758 497 3816 ecclesiasticisrel
508 3758 711 3834 obligationibus
724 3759 869 3817 contructis
880 3757 915 3817 ab
928 3759 967 3816 eis
975 3757 1048 3815 nullu
1056 3759 1234 3832 permittimus
1243 3758 1355 3817 clericos
1365 3773 1455 3816 corum
1464 3758 1534 3816 civili
1541 3759 1640 3832 iudicio

239 3872 253 3905 ι
264 3857 435 3915 conventione
446 3859 550 3930 vexari,
563 3859 630 3918 odeo
643 3857 715 3934 quod
727 3863 822 3916 contro
833 3873 880 3916 eos
892 3857 921 3914 in
935 3857 1057 3914 civilibus
1069 3857 1226 3916 criminibus
1241 3855 1334 3928 etiem,
1348 3873 1401 3931 que
1412 3856 1540 3915 lesionem
1550 3863 1642 3916 nostre

239 3967 253 4000 ι
265 3953 398 4012 oonb‘ueut
406 3955 569 4029 mejestatis,
581 3971 662 4030 super
672 3957 771 4030 quibus
781 3954 926 4013 mudum
939 3962 1060 4012 osteum
1074 3953 1165 4028 lecum
1176 3957 1246 4012 scito
1257 3953 1342 4013 civille
1349 3953 1448 4030 judicis
1457 3953 1569 4012 deberet
1580 3969 1642 4013 osse

240 4067 253 4100 ι
266 4051 389 4125 cognitio,
402 4053 557 4127 pucinatus
565 4055 612 4127 jus
623 4054 756 4113 dicem.»
766 4053 807 4113 ΙΙ.
819 4053 961 4112 constitut.
971 4052 1103 4111 Guillelmi
1117 4052 1188 4126 regin
1201 4053 1239 4110 Ile
1250 4053 1374 4128 personis
1384 4051 1639 4129 clericorum‚p.l8.

272 4147 304 4221 (2)
322 4149 353 4208 Iu
367 4149 484 4208 editiore
499 4151 563 4207 nuni
577 4152 658 4223 ⁴77³,
673 4151 741 4212 boec
753 4151 906 4211 mmtitubo
928 4151 963 4209 ed
975 4167 1074 4208 sunum
1090 4153 1160 4208 ⁴238
1174 4149 1296 4208 retertur.
1309 4149 1393 4209 blulto
1405 4157 1494 4208 temen
1508 4151 1643 4226 auoquior

239 4249 289 4314 cet,
302 4253 332 4304 ut
344 4247 415 4306 inim
425 4247 517 4306 videre
528 4248 588 4307 erit.

272 4341 305 4415 (t)
322 4344 424 4402 Eodem
439 4345 585 4419 probibitio
601 4361 685 4422 sopor
697 4347 847 4406 leodelibns
858 4353 886 4405 et
901 4347 1095 4422 burgeusatiois
1112 4347 1282 4422 acquirendis
1297 4347 1388 4406 domni
1402 4363 1510 4422 quoque
1524 4348 1641 4406 Tbeuto·

239 4439 366 4512 ninomm
388 4459 541 4518 qumquem
563 4445 717 4520 imperatori
730 4446 900 4518 mimae,
915 4463 969 4505 uon
987 4447 1084 4504 minori
1098 4447 1168 4521 juris
1183 4448 1270 4522 rigore
1284 4446 1482 4522 imponebatur.
1495 4447 1572 4517 Quod
1592 4463 1642 4522 pro

239 4543 307 4596 certo
323 4541 503 4614 comperimus
522 4557 557 4600 ex
577 4543 706 4601 mandute
722 4544 795 4618 quod
812 4543 953 4602 odldemut
964 4547 1102 4603 Iltnusrcn
1114 4552 1142 4604 et
1157 4548 1285 4620 Dumnn,
1298 4547 1425 4622 Ampliee.
1439 4546 1552 4616 collect„
1567 4551 1587 4601 t.
1600 4543 1643 4618 ΙΙ,

239 4631 285 4694 eol.
297 4639 456 4710 llll-llll,
466 4649 498 4696 u⁰
511 4643 561 4713 683
576 4641 635 4700 coll.
646 4656 708 4700 oum
721 4641 812 4700 codice
826 4641 949 4700 IlibIIotb.
963 4643 1060 4714 Poris,
1071 4643 1161 4701 Foodc
1171 4643 1409 4714 Solet-Germane,
1422 4655 1454 4704 u⁰
1466 4647 1528 4715 lto,
1537 4657 1601 4717 pers
1608 4643 1643 4715 V,

240 4748 265 4804 p.
280 4735 323 4808 23,
336 4740 365 4794 et
381 4741 424 4794 est
433 4737 472 4796 itu
486 4755 493 4795 t
508 4758 522 4795 c
538 4739 701 4812 Eridencus,
716 4746 782 4813 etc,
795 4741 952 4815 judiciario,
965 4749 1016 4801 etc.
1027 4743 1214 4818 Exposueumt
1227 4751 1254 4802 et
1265 4744 1403 4818 conquesti
1414 4749 1480 4802 suut
1490 4741 1645 4801 excellentie
