4298 5906
714 586 927 649 araneola
951 588 1322 668 collsllrullolluls,
1663 585 1725 650 249

311 729 410 805 derat
421 726 587 817 clarioris,
601 725 770 818 majorne
784 725 879 817 regie
890 726 944 820 (l)
960 724 1136 800 humiliter
1148 728 1306 824 supplioo
1314 733 1550 800 nonsternarns
1561 722 1723 820 adpedes

311 861 482 947 quatenns
510 849 686 946 diligentis
711 849 944 944 inquisitionis
972 849 1124 923 officinm
1150 851 1286 944 objecta
1312 849 1490 942 discutiat,
1528 869 1590 945 per
1616 870 1722 943 qnam

312 985 431 1050 eontra
438 997 495 1050 me
506 975 536 1048 si
551 973 764 1072 probationis
777 983 980 1070 argumenta
994 976 1204 1071 prevaleant,
1225 975 1413 1050 vindictam
1428 995 1518 1072 peno
1530 995 1599 1048 non
1613 971 1722 1066 fugio,

313 1099 370 1172 oui
384 1101 562 1174 voluntale
579 1107 767 1194 spontanea
775 1119 832 1171 me
847 1097 1023 1172 submitto.
1039 1099 1155 1173 Preslo
1168 1121 1246 1172 sum
1263 1099 1410 1191 etenim,
1431 1097 1562 1193 siquid
1577 1096 1724 1193 impium

312 1223 469 1297 indebite
491 1222 674 1318 gesserim,
700 1221 935 1318 corporalibus
963 1222 1106 1320 expiare
1131 1223 1295 1319 piaculis,
1325 1235 1359 1298 et
1386 1221 1633 1319 quodcumque
1662 1243 1727 1318 per

315 1347 616 1443 inprovidentiam
638 1346 844 1420 sensualitas
866 1347 998 1438 anull,
1018 1348 1159 1422 rationis
1187 1347 1332 1444 imperio
1355 1349 1552 1422 reformare.
1569 1347 1673 1435 Quod
1695 1346 1725 1420 si

317 1472 622 1564 delatornmlabio,
638 1493 709 1568 que
721 1471 875 1546 ardentis
886 1472 1019 1549 invidie
1034 1474 1124 1549 livor
1137 1473 1289 1566 exacuit,
1308 1475 1456 1548 falsitate
1467 1476 1585 1548 laroita
1596 1475 1726 1548 veritas

316 1597 392 1692 ipse
407 1597 630 1689 monstrabit,
650 1618 729 1669 curn
741 1617 779 1670 so
796 1596 883 1670 lrisli
895 1597 1065 1695 supplicio
1080 1598 1205 1696 dignos
1216 1599 1406 1693 effecerint,
1426 1600 1553 1696 regalis
1568 1599 1728 1692 indigna·

316 1720 420 1796 tionis
431 1721 574 1797 fulmine
588 1721 771 1811 feriamur,
790 1729 875 1816 ele,
893 1731 959 1796 ote.

1433 1919 1699 1932 un-—n—-nnun
1704 1919 1722 1931 υ

356 2027 392 2103 (l)
408 2029 436 2090 Si
448 2029 511 2103 quis
522 2029 584 2088 indo
597 2029 708 2090 ionitae
721 2030 755 2090 erl
767 2029 920 2090 comedam
932 2037 994 2106 post
1006 2036 1121 2090 mortem
1133 2031 1260 2092 Fridoriol
1272 2033 1411 2108 epistolam
1427 2033 1510 2094 lirisse
1520 2033 1649 2094 dirorum
1661 2048 1729 2092 oon-

316 2126 429 2202 imerii,
444 2126 473 2186 id
490 2127 525 2186 ad
538 2143 597 2188 rore
610 2144 692 2204 mnam
704 2144 776 2186 nanc
788 2128 816 2186 in
830 2129 969 2206 proposito
979 2127 1113 2187 hebernus
1125 2130 1201 2205 parri
1213 2130 1308 2190 roien.
