4320 5918
339 1705 422 1760 Beate,

333 1761 359 1805 1³
369 1762 430 1818 julil.

501 556 562 618 476
1001 559 1217 623 rainbaldi
1243 559 1418 622 sectator
1732 559 1817 640 [Ass.
1837 557 1927 622 1234.

502 692 867 768 excommunicationis
890 695 1031 770 viuculo
1048 717 1110 793 per
1126 697 1314 770 Ecclesiam
1333 696 1517 790 ligaretur,
1534 715 1616 769 eum
1635 717 1697 792 per
1710 705 1816 770 totam
1835 697 1928 769 Teu·

502 815 631 889 toniam
646 819 985 894 excommunicatum
997 817 1087 920 [pro]
1099 821 1250 918 periurio
1263 821 1404 918 publice
1417 821 1558 896 nunties
1575 831 1611 896 ct
1627 821 1733 895 facias
1752 821 1924 911 nuntiari,

502 942 767 1018 contradictores
784 967 845 1042 per
858 969 1021 1021 censuras
1039 961 1075 1020 et
1091 947 1320 1044 appellatione
1335 947 1524 1044 prescripta
1541 946 1592 1046 (o)
1609 946 1879 1044 compescendo.

498 1107 501 1114 ·
549 1069 674 1140 Datum
691 1068 812 1160 Reate,
840 1071 886 1144 lll
903 1093 1012 1146 nouas
1023 1072 1119 1165 julii,
1141 1071 1362 1168 pontificatus
1376 1073 1484 1148 nostri
1499 1095 1593 1147 anno
1605 1083 1744 1148 octavo.

1638 1406 1675 1418 ..-

554 1709 760 1822 Gregorius
789 1735 906 1820 pepe,
931 1709 981 1792 ad
1002 1735 1132 1819 preces
1149 1707 1329 1793 Friderici
1359 1707 1623 1793 Romanorum
1655 1709 1920 1820 imperatoris,

498 1843 617 1929 electo
637 1844 809 1928 Curicnsi
827 1843 999 1927 concedit
1016 1853 1060 1926 ut
1077 1842 1224 1927 fructus
1246 1841 1519 1926 beneficiorum
1538 1869 1638 1954 quae
1659 1843 1769 1954 prius
1795 1871 1922 1928 cauo-

498 1979 581 2064 nice
597 1977 809 2088 obtinebat,
830 2005 953 2090 usque
970 1977 1020 2062 od
1039 2004 1154 2062 suum
1171 1977 1453 2088 beneplacitum
1470 1977 1632 2061 retinere
1647 1977 1783 2087 possit.

579 2223 715 2300 (Edlder.
726 2223 951 2296 Wnnnrwmn,
961 2221 1034 2285 Non.
1044 2219 1152 2284 mbrid.
1167 2219 1301 2302 diplom„
1318 2229 1342 2284 t.
1358 2221 1417 2296 VI,
1434 2239 1465 2301 p.
1484 2230 1579 2283 tc·
1586 2222 1694 2296 blena,
1711 2219 1783 2284 Cod.
1798 2219 1919 2302 diplom.

619 2328 738 2403 dhoet..
753 2347 783 2408 p.
801 2339 872 2406 82²,
886 2339 920 2390 n⁰
941 2329 1025 2408 tlt.)

547 2545 750 2640 Gregorius,
768 2553 852 2636 etc,
874 2543 999 2618 dilecto
1012 2543 1082 2618 lilio
1095 2545 1204 2618 electo
1220 2543 1377 2618 Curiensi
1395 2543 1447 2641 (t)
1462 2547 1627 2638 salutem,
1647 2554 1716 2618 etc.
1728 2545 1795 2620 Pru
1808 2555 1843 2619 te
1855 2547 1920 2618 luit

498 2670 597 2743 nobis
611 2670 786 2744 humiliter
803 2671 1034 2768 supplicatum
1049 2679 1088 2742 ut
1101 2692 1181 2744 cnm
1197 2669 1319 2745 electio
1332 2670 1378 2744 de
1390 2681 1424 2746 te
1440 2673 1476 2744 in
1495 2671 1697 2769 episcopum
1714 2671 1919 2744 Curieusem

498 2796 668 2870 celebrata
685 2797 850 2870 cononice
861 2819 923 2892 per
939 2795 1175 2870 venerabilem
1196 2791 1335 2870 fratrem
1352 2805 1509 2870 nostrum
1522 2797 1767 2892 Maguutiuum
1782 2795 1917 2868 archie-

496 2921 677 3017 piscopum
685 2921 1094 3018 metropolitaunmtuum
1111 2921 1175 2994 rite
1187 2921 1290 2996 luerit
1305 2919 1523 3014 confirmata,
1541 2931 1576 2995 et
1587 2921 1733 2996 ecclesia
1745 2920 1918 2994 Coriensis

496 3047 596 3140 gravi
614 3056 788 3142 prematur
802 3067 907 3120 onere
922 3045 1136 3139 debitorum,
1156 3045 1329 3121 retinendi
1341 3047 1463 3120 saltem
1480 3069 1592 3143 usque
1609 3047 1657 3120 ad
1674 3055 1807 3120 certum
1827 3057 1919 3119 tem·

495 3192 562 3266 pus
580 3169 829 3266 beneficiaque
847 3170 944 3267 prins
962 3171 1126 3246 canonice
1145 3170 1345 3260 obtinebas,
1365 3171 1539 3244 licentiam
1560 3171 1625 3244 tibi
1649 3169 1841 3244 concedere
1860 3169 1918 3242 di-

496 3297 772 3388 gnaremur.Nos
785 3297 891 3392 igitur
904 3296 1071 3370 carissimi
1085 3297 1121 3368 iu
1136 3296 1271 3370 Christo
1290 3295 1353 3370 filii
1368 3297 1476 3370 nostri
1492 3296 1584 3392 regis
1598 3294 1673 3393 (sic)
1684 3296 1917 3368 Romanorum

495 3421 709 3517 imperatoris
727 3443 862 3518 semper
875 3422 1014 3516 augusti
1034 3444 1095 3519 pro
1110 3431 1144 3494 te
1159 3422 1388 3518 supplicantis
1404 3422 1540 3496 devotis
1560 3421 1721 3518 precibus
1740 3419 1914 3510 inclinati,

496 3546 587 3619 veris
605 3547 835 3620 existentibus
853 3545 1076 3643 supradictis,
1102 3543 1319 3643 percipiendi
1340 3547 1473 3620 lructns
1495 3543 1742 3620 beneficiorum
1760 3545 1916 3640 ipsorum

496 3691 607 3765 usque
623 3670 670 3744 ad
693 3681 848 3746 nostrum
871 3671 1125 3768 beneplacitum
1141 3671 1346 3746 auctoritate
1369 3671 1432 3744 tibi
1456 3671 1671 3768 presentium
1688 3669 1916 3744 concedimus

497 3795 705 3868 facultatem.
724 3795 817 3869 Nulli
831 3817 914 3890 ergo
930 3796 1072 3870 omnino
1093 3795 1274 3870 homiuum
1288 3796 1390 3872 liceat
1404 3797 1496 3870 benc
1509 3797 1674 3894 paginam
1692 3806 1809 3870 nostre
1823 3815 1915 3867 cou-

495 3919 660 3992 ccssionis
677 3921 879 4016 intringere,
898 3931 965 3996 otc.
984 3921 1020 3994 Si
1037 3921 1117 4016 quis
1134 3931 1272 4010 autem,
1292 3931 1361 3996 etc.

545 4045 670 4116 Datum
685 4045 805 4139 Reate,
825 4046 925 4120 tertio
940 4044 1020 4120 idus
1035 4046 1134 4140 julii,
1156 4045 1378 4142 pontificatus
1392 4046 1499 4120 nostri
1517 4067 1609 4120 anno
1627 4053 1763 4118 octavo.

540 4243 581 4325 (a)
603 4245 666 4322 Sic,
682 4249 735 4309 sed
748 4248 871 4312 lorslten
884 4251 1041 4331 legandum
1049 4249 1221 4331 postprortta.

534 4539 570 4615 (t)
588 4537 694 4597 Scilicet
709 4538 797 4596 Ulrtco
810 4539 841 4598 de
861 4541 987 4618 Kyberp,
1004 4548 1066 4618 post
1084 4541 1223 4602 decessum
1244 4539 1379 4601 bertholdi
1402 4539 1522 4616 episcopi
1543 4538 1696 4609 curiensis,
1712 4533 1857 4596 eliudollo
1879 4533 1913 4591 de

497 4635 676 4696 Greilensteiu
690 4637 830 4697 crudeliter
844 4640 933 4699 occisi.
