4372 5918
779 599 906 662 REGNI
928 595 1121 658 sicinium.

857 899 918 970 un
951 893 1041 992 (er).

820 1073 871 1145 ne
889 1073 999 1145 asem
1020 1067 1084 1166 (a).

683 1274 917 1326 ΙΙΡΒΜΤΟΙΙ
948 1269 1212 1326 inconcione.

290 1438 326 1511 Si
354 1436 436 1532 quis
458 1435 719 1510 castellanorum
744 1434 802 1508 vel
825 1430 1052 1506 servientium
1078 1428 1166 1500 ultra
1191 1425 1230 1500 id
1253 1423 1350 1520 quod
1375 1423 1421 1496 ab
1440 1424 1657 1498 incarceratis

243 1561 327 1657 ipsis
345 1559 500 1657 recipere
515 1559 613 1654 regia
629 1557 869 1632 constitutione
886 1554 1093 1652 permissum
1116 1561 1187 1642 est,
1204 1548 1388 1645 receperit,
1410 1549 1445 1622 in
1464 1550 1656 1644 nonupium

246 1685 302 1780 [id
319 1685 416 1780 quod
439 1685 565 1778 injuste
578 1681 788 1780 perceperit]
807 1680 891 1754 fisco
908 1689 1025 1754 nostro
1041 1685 1243 1773 componat;
1266 1681 1322 1766 [et
1340 1675 1502 1770 simplum
1517 1673 1612 1770 quod
1634 1695 1657 1747 a

245 1809 408 1906 predictis
421 1809 473 1883 sio
490 1809 619 1901 injuste
632 1817 808 1904 receptum
824 1816 877 1880 est
892 1805 979 1902 ipsis
991 1801 1193 1879 omnimodo
1206 1799 1386 1876 reddendo
1402 1801 1483 1894 (b)].

818 2121 879 2190 un
903 2115 993 2214 (sa).
1021 2114 1079 2212 ().

792 2321 884 2370 ωσι
909 2319 1108 2372 incussus.

292 2475 458 2550 Custodes
476 2473 522 2550 de
540 2497 689 2570 quorum
711 2475 869 2549 custodia
886 2473 1016 2571 captivi
1037 2493 1101 2570 per
1125 2471 1368 2567 negligentiam
1393 2471 1547 2569 ipsorum
1571 2495 1655 2550 eva·

242 2601 363 2694 serint,
383 2601 484 2675 bonis
502 2601 576 2675 suis
598 2600 762 2674 omnibus
783 2599 986 2696 publicatis,
1009 2618 1219 2695 perannum
1244 2597 1403 2693 squalore
1427 2599 1574 2673 carceris
1595 2599 1657 2674 de-

243 2726 416 2800 cernimus
428 2725 607 2818 macerari,
619 2735 658 2798 ut
674 2746 845 2800 carcerem
863 2723 1065 2798 incarcerati
1082 2722 1220 2820 ipsimet
1232 2743 1303 2796 nou
1314 2721 1474 2797 deserant
1482 2722 1533 2821 (d)
1541 2725 1602 2820 qui
1619 2725 1655 2798 in

242 2851 425 2924 carceratis
441 2849 681 2924 custodiendis
694 2851 772 2924 aliis
785 2849 1029 2946 negligentiam
1048 2847 1306 2922 commiserunt.
1326 2847 1368 2920 Hi
1385 2858 1499 2922 autem
1516 2851 1576 2944 qui
1594 2871 1657 2947 per

243 2973 399 3048 fraudem
422 2975 648 3048 incarceratos
665 2973 763 3047 abire
779 2973 1008 3070 permiserint,
1028 2973 1146 3066 [juxta
1160 2972 1301 3068 antiqua
1311 2972 1410 3066 jura]
1426 2971 1566 3068 capitaii
1578 2993 1656 3046 sen·

243 3100 349 3175 tentia
364 3100 529 3174 feriantur
547 3099 612 3197 (i).

285 3277 328 3361 (a)
349 3279 386 3340 In
412 3295 519 3360 macco
544 3295 642 3342 novus
669 3277 774 3342 titulus
796 3276 924 3340 efficitur
945 3293 1013 3340 cum
1032 3277 1089 3338 bac
1107 3275 1227 3338 rubrica
1240 3293 1249 3336 2
1264 3275 1307 3337 Dc
1320 3291 1417 3356 porea
1435 3270 1656 3336 cmtrllcsomm

242 3383 324 3446 ultro
332 3386 545 3466 praecriptum
557 3385 742 3468 erigentium

286 3491 327 3574 (b)
348 3496 384 3555 ln
397 3493 464 3556 cod.
480 3502 560 3555 teat
575 3493 621 3569 Α,
635 3494 744 3574 iegitur
759 3509 768 3552 ε
783 3491 862 3575 qood
881 3492 922 3554 ric
943 3491 1051 3574 injicis
1073 3485 1229 3576 [rerepit],
1248 3496 1292 3552 ort
1313 3489 1383 3570 ipris
1406 3487 1567 3551 muimodo
1588 3487 1657 3552 red-

244 3595 393 3677 dandum
408 3601 525 3663 mrbus.

288 3705 325 3788 (c)
350 3707 439 3770 Deest
450 3708 568 3771 rubrica
581 3723 629 3786 up.
645 3709 775 3771 corcani.
787 3709 821 3770 lu
839 3707 1017 3785 quibusdam
1039 3705 1219 3769 editionibus
1235 3707 1344 3786 iegitur
1358 3725 1366 3767 ε
1380 3705 1423 3769 Do
1442 3703 1571 3768 moewdrb
1587 3721 1656 3786 oup-

246 3816 377 3876 tr'corcm.
390 3817 427 3877 ln
441 3829 547 3894 graeco
559 3831 654 3876 norm
674 3816 780 3876 titulus
799 3815 927 3878 efficitur
946 3831 1016 3878 cum
1034 3813 1092 3877 bae
1109 3813 1248 3877 rubrica:
1262 3813 1306 3876 Dr
1319 3831 1416 3894 poeto
1427 3811 1576 3876 meudun
1587 3831 1655 3877 car·

245 3928 354 3984 mutor
366 3919 601 4004 rdinpoeutiuur.

289 4027 331 4108 (d)
353 4030 465 4092 emeca
476 4029 561 4092 allier
576 4049 585 4090 ε
599 4025 644 4088 ἵνα
659 4028 733 4089 αὐτοὶ
747 4027 968 4112 πιφυλακωμίνοι
981 4025 1065 4112 φυγὴν
1079 4025 1169 4098 ἄλλοις
1182 4029 1213 4089 οὐ
1227 4025 1445 4113 συγχωρήσωσιν.

284 4323 319 4396 (4)
338 4324 406 4383 Vide
417 4323 530 4400 exempli
540 4337 623 4386 causa
635 4325 701 4400 quid
710 4331 802 4385 narret
814 4327 913 4384 bratteo
923 4325 957 4383 de
969 4319 1138 4384 Giovenarzo
1153 4324 1307 4400 (vismoli,
1319 4325 1352 4400 Q
1364 4326 1381 4384 i
1394 4330 1423 4386 et
1435 4327 1467 4398 b)
1482 4324 1515 4384 de
1528 4323 1661 4398 supplicio

248 4422 525 4493 sermocinatores
537 4424 584 4498 qui
597 4424 713 4500 captivis
725 4424 777 4483 sibi
791 4423 942 4483 commissis
955 4422 1046 4497 iugum
1060 4439 1155 4498 parare
1164 4423 1324 4481 intenderat.
