4360 5908
227 579 387 658 laurona]
677 570 875 632 ttls'toltla
900 571 1199 640 elaboraturos.
1580 574 1635 638 361

228 714 389 788 fidelibus
417 723 486 786 tam
512 710 729 808 presentibus
756 731 860 804 quam
884 709 1015 784 ¹futuris
1043 713 1138 806 qood
1163 711 1309 786 dilectus
1333 711 1493 807 princeps
1524 721 1640 784 noster

227 841 270 912 H.
299 838 508 913 venerabilis
531 835 797 909 Wormaoiensis
821 835 1003 933 episcopus
1028 837 1064 908 in
1084 845 1199 910 nostra
1217 839 1388 932 presentia
1408 837 1635 925 constitutus,

228 964 459 1038 existentibus
484 962 520 1034 in
546 960 726 1056 sollempni
749 960 843 1032 euna
869 981 983 1032 coram
1008 961 1108 1034 nobis
1131 963 1305 1057 plerisque
1324 961 1517 1056 principum
1542 960 1638 1056 apud

227 1089 366 1161 Portum
380 1087 526 1179 Naonis,
546 1087 726 1184 proposuit
741 1086 985 1181 conquerendo
1001 1087 1096 1182 quod
1115 1087 1192 1161 dux
1211 1088 1358 1160 Bararie
1381 1107 1497 1159 comes
1513 1087 1639 1182 palati-

227 1237 295 1286 nus
312 1215 397 1288 Rani
420 1212 468 1310 (l)
491 1235 574 1288 eum
593 1222 628 1285 et
644 1213 823 1285 ecclesiam
842 1233 941 1284 suam
959 1213 1152 1286 destituerit
1173 1215 1300 1306 injuste
1323 1213 1539 1308 possessione
1556 1211 1639 1284 villo

228 1340 421 1414 Nelrerowe
434 1361 476 1412 ac
490 1336 774 1434 pertinentiarum
792 1339 886 1430 ejus,
904 1359 1009 1432 quam
1026 1337 1071 1412 de
1087 1347 1203 1412 nostra
1219 1349 1253 1410 et
1269 1338 1404 1434 imperii
1418 1335 1638 1410 concessione

228 1464 376 1536 asseruit
392 1463 537 1538 ecclesie
551 1485 615 1536 sue
633 1462 741 1535 luisse
761 1462 932 1534 collatam.
957 1462 1085 1534 Verum
1103 1463 1187 1558 quia
1204 1462 1357 1556 legitime
1375 1484 1416 1534 ac
1433 1461 1641 1534 sufficienter

229 1588 265 1660 iu
284 1589 406 1662 eadem
431 1589 527 1662 curia
544 1587 704 1683 probavit
725 1585 822 1681 quod
838 1586 964 1678 injuste
987 1587 1053 1659 sibi
1078 1589 1167 1660 iacta
1192 1588 1302 1659 luerat
1330 1607 1390 1682 per
1412 1586 1537 1658 ducem
1556 1607 1641 1681 pre·

230 1713 362 1786 dictum
382 1713 558 1786 destitutio
573 1711 729 1804 ejusdem
743 1711 827 1784 ville
841 1719 876 1783 et
895 1711 991 1805 quod
1009 1711 1130 1784 eadem
1145 1711 1227 1784 villa
1243 1711 1335 1784 dicte
1353 1712 1495 1784 ecclesie
1513 1733 1576 1785 sue
1594 1711 1639 1785 de

229 1849 346 1912 nostra
364 1838 585 1912 concessione
606 1847 639 1910 et
656 1837 790 1933 imperii
808 1837 852 1909 sit
870 1839 1011 1926 collata,
1040 1859 1105 1910 nos
1123 1837 1339 1911 attendentes
1355 1836 1450 1932 quod
1470 1837 1640 1910 destitutis

230 1964 357 2058 injuste
368 1963 661 2060 perrestitutionis
670 1961 931 2036 ostbensficium
940 1961 1435 2052 succurrendum,eorumdem
1444 1961 1639 2058 principum

231 2097 264 2160 et
285 2098 485 2183 magnatum
508 2089 570 2183 qui
591 2097 766 2184 presentes
791 2087 934 2160 aderant
958 2089 1151 2184 appellante
1174 2087 1361 2178 sententia,
1386 2088 1503 2161 villam
1528 2088 1639 2183 ipsam

230 2213 423 2290 Nekerowe
441 2237 518 2288 cum
537 2215 699 2287 omnibus
718 2213 929 2310 pertinentiis
948 2214 1042 2305 suis,
1063 2213 1152 2286 sicut
1171 2213 1216 2287 de
1235 2213 1454 2286 concessione
1472 2222 1587 2286 nostra
1607 2222 1642 2286 st

231 2338 367 2434 imperii
385 2361 463 2412 eam
481 2340 633 2414 constitit
651 2340 756 2412 luisse
774 2360 988 2428 concessam,
1009 2337 1178 2434 imperiali
1196 2339 1397 2410 auctoritate
1414 2347 1530 2411 nostra
1545 2337 1643 2410 resti-

231 2464 362 2538 tuimus
385 2477 420 2538 et
435 2487 497 2560 per
519 2465 704 2538 scultetum
728 2463 772 2536 de
789 2465 893 2536 Lutra
911 2462 1073 2536 eumdem
1092 2463 1283 2560 principem
1305 2471 1459 2535 nostrum
1480 2464 1643 2536 Worma·

232 2589 382 2662 ciensem
401 2591 600 2686 episcopum
618 2609 681 2685 pro
701 2609 740 2662 so
758 2597 793 2662 et
812 2587 934 2662 eadem
958 2589 1104 2662 ecclesia
1122 2611 1186 2662 sua
1202 2589 1236 2660 in
1253 2587 1502 2684 possessionem
1522 2587 1642 2660 induci

232 2722 266 2784 et
278 2712 418 2787 delendi
436 2713 702 2804 mandavimns;
727 2722 914 2786 statuentes
933 2723 971 2785 ut
988 2715 1082 2786 nulla
1096 2713 1236 2787 omnino
1250 2735 1396 2808 persona
1413 2712 1570 2785 sublimis
1586 2715 1642 2785 vel

232 2837 393 2926 humilis,
416 2838 647 2912 ecclesiastica
663 2838 719 2910 vol
736 2837 930 2930 mundana,
950 2838 1081 2911 dictum
1094 2839 1293 2934 episcopum
1306 2847 1341 2910 et
1354 2837 1532 2910 eeclesiam
1543 2859 1642 2910 suern

233 2969 351 3034 eontra
375 2962 544 3057 presentis
567 2961 792 3034 restitutionis
817 2972 932 3052 nostre
954 2963 1115 3058 pagiuam
1132 2962 1313 3035 molestare
1334 2971 1518 3058 presumat.
1542 2959 1643 3048 Quod

232 3085 293 3177 qui
308 3086 572 3182 presumpserit,
589 3095 728 3159 centum
744 3109 877 3160 mareas
898 3088 1030 3182 argenti
1048 3109 1086 3160 se
1102 3087 1138 3157 iu
1155 3085 1345 3159 vindictam
1365 3087 1564 3160 temeritatis
1581 3109 1644 3160 sue

233 3209 502 3303 compositurum
517 3221 698 3305 agnoscat,
718 3210 937 3286 medietatem
953 3211 1114 3286 videlicet
1127 3231 1262 3284 camere
1285 3220 1399 3284 nostro
1420 3221 1454 3285 et
1474 3212 1643 3308 reliquam

232 3333 321 3428 parti
336 3334 497 3427 iujuriam
512 3335 668 3431 patienti.
691 3334 747 3408 Ad
764 3337 870 3428 hujus
885 3337 1002 3432 itaque
1020 3337 1067 3410 rei
1088 3336 1284 3410 memoriam
1304 3345 1338 3409 et
1358 3337 1514 3410 stabilem
1532 3337 1644 3410 firmi·-

233 3468 355 3550 tatem,
381 3481 523 3554 presens
538 3461 704 3556 scriptum
725 3459 799 3532 lieri
809 3462 976 3554 jussimus
992 3461 1178 3556 majestatis
1195 3473 1309 3536 nostre
1326 3463 1439 3558 sigillo
1454 3465 1639 3536 munitum.

243 3625 245 3630 ·
281 3584 392 3676 Hujus
406 3584 455 3656 rei
472 3595 574 3656 testes
592 3595 673 3656 sunt
693 3612 701 3656 ε
723 3589 763 3657 Β.
782 3585 973 3680 patriarcha
988 3585 1248 3680 aquilegensis,
1273 3589 1312 3658 E.
1329 3589 1639 3684 Papimbergensis,

232 3709 267 3780 S.
285 3708 542 3804 Ratisponensis
568 3709 754 3806 imperialis
777 3711 855 3783 aule
879 3710 1166 3801 cancellarius,...
1191 3711 1446 3806 Herbipoleosis
1469 3714 1639 3810 episcopi,

269 4043 304 4117 (t)
317 4043 393 4100 Tunc
406 4044 461 4101 dux
473 4045 565 4102 aderat
576 4045 638 4104 Otto
652 4047 774 4119 nomine,
790 4049 867 4122 cujus
877 4052 953 4122 pater
965 4048 1115 4105 Ludevicus
1129 4063 1198 4106 anno
1210 4047 1401 4122 praecedente,
1418 4053 1451 4108 lt
1465 4054 1641 4129 septembris,

232 4142 306 4215 apud
320 4141 457 4198 Chelbeim
469 4157 485 4199 a
497 4144 612 4216 quodam
627 4143 716 4218 ignoto
728 4151 869 4218 praesente
883 4145 984 4202 familia
997 4161 1045 4202 sua
1059 4146 1144 4202 cultro
1156 4143 1295 4220 perfossus
1311 4145 1422 4204 obierat.
1437 4149 1497 4206 Nou
1519 4157 1608 4209 tamen
1628 4171 1644 4212 a

232 4239 329 4298 sicario
342 4239 481 4298 monentis
492 4241 631 4314 exquisitis
644 4243 764 4316 exposito
778 4244 864 4316 potuit
879 4243 1029 4316 extorqueri
1043 4245 1119 4314 cujus
1135 4243 1261 4300 instinctu
1275 4243 1316 4300 vol
1333 4245 1409 4318 jussu
1423 4251 1528 4304 tantum
1543 4249 1645 4310 lacinus

232 4343 364 4394 attentare
376 4339 613 4412 praesumpsisset.
626 4340 679 4398 Sed
698 4339 770 4396 tama
791 4341 944 4414 percrebuit
959 4343 1115 4397 associatum
1129 4356 1146 4396 a
1159 4341 1247 4398 Veteri
1263 4341 1298 4398 de
1311 4343 1437 4400 Montana
1451 4344 1535 4403 luisse
1555 4353 1644 4406 traus-

232 4436 361 4505 missum,
376 4436 517 4510 scelusque
532 4453 565 4494 ex
578 4437 740 4496 conscientia
752 4438 920 4512 imperatoris
932 4444 1132 4513 perpetratum,
1144 4438 1191 4512 qui
1203 4439 1299 4496 ducem
1312 4438 1392 4512 paulo
1407 4447 1470 4499 anta
1484 4443 1536 4500 sibi
1551 4451 1579 4502 et
1592 4445 1646 4505 tilio

233 4549 284 4591 suo
297 4533 426 4591 infestum
439 4535 467 4591 in
480 4551 594 4610 persona
607 4542 636 4594 et
646 4537 728 4594 rebus
740 4537 915 4595 diffidaverat.
927 4539 965 4594 De
979 4553 1032 4610 quo
1046 4537 1122 4609 quasi
1137 4537 1258 4594 inunum
1272 4537 1434 4594 conveniunt
1447 4556 1543 4613 graves
1555 4544 1647 4618 utique

233 4639 262 4689 et
272 4633 363 4690 coaevi
377 4634 624 4704 testessConradus
635 4635 670 4692 tle
685 4635 809 4702 Fabaria,
825 4635 986 4694 Gadeiridus
997 4635 1171 4707 Coloniensis,
1188 4635 1356 4695 llermannus
1370 4635 1523 4698 llltabonsis
1533 4649 1560 4699 et
1572 4643 1646 4700 multi

233 4728 287 4786 alii.
300 4728 341 4786 Ct.
352 4730 503 4800 Menneu,
519 4731 725 4805 lteicbuacben,
740 4749 769 4806 p.
781 4737 842 4791 38t.

333 4829 387 4892 1v.
1454 4846 1491 4899 46
