4372 5918
787 603 913 666 nodo!
937 602 1127 666 SICILIAE.
1622 605 1665 667 23

246 741 337 814 verit
351 740 545 832 nominato,
561 759 701 835 panum,
722 761 829 834 qnam
862 739 1003 814 defense
1027 737 1194 812 obediens
1217 739 1335 814 subire
1356 739 1496 816 deberet
1520 741 1551 814 si
1570 763 1661 816 con-

247 865 450 958 traveniret,
473 863 597 938 subeat
619 861 682 958 qni
703 861 815 959 ipsam
835 863 994 960 imponit.
1015 863 1174 938 Ceterum
1197 864 1227 937 si
1249 865 1472 940 nibilominus
1494 876 1572 964 post
1592 867 1662 942 de-

248 994 393 1085 fensam,
411 991 443 1064 Is
459 990 517 1064 cui
534 989 695 1086 imposita
714 997 780 1080 est,
797 988 877 1082 jure
893 1010 956 1064 suo
974 998 1009 1062 et
1026 989 1228 1062 auctoritate
1246 989 1331 1084 Iegis
1348 991 1405 1064 vei
1423 991 1662 1066 conventionis

174 1167 178 1178 ·
248 1125 381 1210 utatur,
401 1117 609 1212 impunitum
630 1123 819 1208 utrumque
836 1134 913 1188 esse
937 1135 1136 1202 censemus;
1163 1115 1321 1202 alterum,
1346 1115 1430 1210 quia
1451 1137 1498 1189 ex
1518 1115 1660 1190 defensa

246 1243 350 1314 etiam
369 1241 420 1314 sic
438 1241 582 1334 injusta,
600 1239 735 1312 nulfum
751 1239 892 1313 omnino
906 1238 1126 1312 commodum
1142 1239 1341 1334 reportavit,
1356 1261 1420 1312 nec
1437 1261 1521 1335 ergo
1535 1263 1660 1338 penam

245 1367 365 1441 subire
389 1365 547 1457 debebit;
567 1365 727 1458 alterum,
746 1363 831 1460 quia
855 1371 973 1437 contra
995 1363 1170 1438 defensam
1187 1363 1266 1456 jure
1284 1363 1376 1436 licito
1400 1365 1565 1456 veniens,
1583 1366 1661 1459 jure

247 1514 312 1566 suo
331 1491 439 1564 utitur
457 1490 696 1588 potiusquam
713 1486 912 1562 contemnit.

690 1761 892 1837 TITULUS
915 1761 998 1835 xx.
1028 1766 1091 1833 ΚΓ
1117 1759 1211 1858 (23).

580 1931 632 2004 ns
647 1939 765 2025 raptu,
786 1939 817 2000 et
834 1927 986 2000 obbatis
1002 1925 1197 1998 monrbiibus
1214 1924 1322 1998 iliata.

784 2117 863 2166 nox
891 2114 1115 2166 noonnros.

294 2261 329 2334 Si
346 2259 427 2357 quis
448 2282 572 2358 rapere
593 2269 744 2335 samaias
761 2261 833 2334 Deo
856 2257 1031 2354 virgime,
1055 2265 1116 2330 ant
1133 2255 1289 2330 nondum
1312 2257 1460 2348 velatas,
1480 2257 1660 2332 occasione

247 2389 347 2462 etiam
367 2385 578 2461 matrimonii
589 2385 775 2482 J'ungendi,
796 2383 1061 2482 presumpserit3
1082 2382 1220 2480 capitali
1236 2404 1325 2480 pena
1341 2383 1492 2457 feriatur.

680 2661 883 2737 arnonus
907 2661 1007 2735 xxr.
1035 2666 1100 2732 un
1124 2658 1219 2758 (st).

652 2827 702 2900 ne
719 2827 876 2900 maara
893 2825 1115 2899 mascarum
1134 2826 1243 2898 azau.

759 3013 836 3065 anx
865 3013 1138 3064 durannum.

289 3159 418 3230 Omnes
440 3157 546 3230 nostri
564 3155 742 3252 regiminis
759 3165 895 3252 sceptro
910 3156 1085 3249 subjectos
1108 3154 1209 3228 decet
1227 3129 1550 3248 majestatisnosue
1572 3177 1652 3252 gra·

243 3282 288 3354 tia
306 3279 358 3380 (o)
377 3281 582 3377 gobemari3
603 3290 638 3356 et
655 3282 801 3355 alterum
818 3281 865 3354 ab
887 3281 1011 3370 altero,
1034 3289 1104 3354 tam
1132 3301 1243 3352 mares
1268 3303 1373 3375 quam
1404 3280 1569 3372 feminas,
1588 3304 1654 3357 nec

242 3429 263 3479 a
281 3407 487 3500 majoribus,
506 3429 571 3480 nec
587 3429 609 3481 a
624 3405 832 3494 minoribus,
853 3427 919 3478 nec
935 3405 1120 3501 equalibus
1144 3404 1364 3479 defendendo
1381 3403 1446 3503 (d),
1467 3407 1564 3503 pacis
1580 3408 1654 3504 gio·

243 3531 325 3603 riam
345 3531 548 3621 confovers;
567 3551 632 3604 nec
649 3530 720 3627 pati
738 3529 856 3624 atiquo
875 3529 979 3604 modo
995 3529 1067 3603 viro
1084 3529 1212 3604 inferri.

288 3656 501 3730 MiserabiIes
528 3655 646 3750 itaque
670 3655 850 3746 mulieres,
878 3677 948 3750 que
969 3655 1061 3749 turpi
1091 3665 1215 3749 questu
1241 3655 1421 3752 prostituis
1450 3664 1649 3748 comuntur,

243 3791 355 3854 nostro
380 3781 557 3874 gaudeant
581 3779 750 3853 beneficio
777 3783 1008 3874 gratulantes,
1032 3790 1071 3850 ut
1092 3779 1208 3852 nuilus
1231 3801 1291 3852 eas
1314 3781 1493 3874 compellat
1526 3781 1654 3854 invitas

243 3925 302 3977 sne
315 3903 512 3977 satisfacere
533 3905 716 3978 voluntati.
736 3903 857 3976 Contra
873 3903 939 3977 boo
952 3905 1114 3998 generale
1129 3903 1280 3977 edietum
1297 3905 1545 3998 satagentibus,
1563 3927 1653 3980 oon-

244 4029 338 4102 fessis
352 4042 457 4124 atque
473 4029 657 4120 convictis,
676 4027 798 4100 ultimo
816 4027 988 4124 supplicio
1007 4029 1191 4123 puniendis
1209 4029 1273 4123 (c);
1296 4027 1414 4102 habito
1430 4039 1544 4102 tamen
1562 4051 1653 4104 con-

280 4206 322 4287 (o)
343 4207 403 4285 Ap.
418 4207 542 4268 comni
551 4203 656 4289 plorio.
670 4205 774 4270 Gratia
787 4222 857 4266 vero
871 4223 908 4266 ax
928 4206 1044 4279 codice,
1064 4213 1093 4266 ct
1106 4207 1211 4267 melius
1224 4223 1329 4285 muco
1341 4205 1433 4288 χάριτι
1446 4213 1597 4269 consonat.

281 4312 322 4394 (b)
343 4315 390 4374 Ex
404 4315 468 4375 fstfs
481 4331 534 4374 aas
546 4317 691 4376 mutantia
703 4315 856 4392 paululum
870 4313 1008 4374 obscura.
1023 4316 1058 4375 ln
1081 4331 1187 4392 graeco
1209 4313 1321 4374 diverse
1338 4317 1502 4392 concipitur
1518 4334 1526 4375 :
1542 4321 1654 4394 oportet

302 4417 429 4482 niteram
441 4417 479 4480 ab
491 4418 594 4497 altem,
611 4427 671 4482 tom
684 4438 778 4481 mures
791 4419 1044 4502 quamsecurium,
1055 4421 1138 4501 pacta
1150 4417 1273 4502 plurium
1286 4421 1439 4502 confovere,
1449 4439 1501 4482 nec
1513 4440 1543 4482 sc
1555 4420 1652 4502 desco-

246 4523 305 4586 dere
317 4545 337 4586 a
349 4526 507 4609 majoribus
519 4525 565 4588 oei
574 4525 742 4610 equalibus
754 4525 800 4588 oei
812 4525 980 4598 minoribus,
994 4545 1085 4609 acquic
1097 4535 1208 4607 oportet
1222 4545 1273 4588 sor
1287 4529 1354 4608 pati
1365 4529 1424 4588 nim
1433 4526 1523 4590 olims·
1535 4529 1650 4610 inferri.

282 4633 318 4716 (r)
344 4635 379 4696 ln
393 4651 499 4714 graeco
513 4642 612 4698 autom
625 4638 793 4714 expressius
807 4654 815 4696 ε
830 4633 1138 4716 Satopcutr'barsocerc
1150 4643 1251 4696 contro
1263 4633 1315 4696 froc
1326 4634 1459 4719 paoercia
1472 4635 1595 4699 eddium
1610 4633 1655 4698 uel

248 4737 301 4801 itta
312 4743 364 4823 pur·
373 4740 532 4824 bneficirra
545 4739 664 4824 consati
675 4740 721 4804 oet
727 4741 970 4823 cmuictfsucriot
976 4787 986 4818 ,
997 4739 1133 4804 ultimum
1145 4740 1317 4824 supplicium
1330 4743 1511 4806 misitomur.
