4360 5908
518 523 579 588 388
1018 521 1233 586 sarnunto!
1257 521 1432 586 stcnltot

517 669 553 734 et
577 659 692 734 Sicilie
713 681 789 734 rex.
815 662 879 734 Per
900 681 1044 758 presens
1063 661 1229 756 scriptum
1259 669 1381 733 notum
1401 658 1549 732 iacimus
1572 659 1744 736 universis
1767 663 1923 743 fidelihus

518 784 644 858 nostris
667 783 802 880 imperii
823 785 1131 881 tampresentibns
1155 805 1260 878 qnam
1279 782 1405 856 lntnris
1417 780 1513 876 quod
1530 783 1575 854 ll.
1597 803 1715 860 onmes
1733 787 1781 861 de
1793 788 1921 864 Orlem·

517 907 638 995 berch,
662 907 810 982 dilectus
824 908 937 984 fidelis
951 919 1080 1001 noster,
1101 906 1299 982 celsitudini
1317 917 1433 980 nostre
1448 907 1625 988 humiliter
1644 911 1870 1006 supplicavit,
1887 926 1923 990 nt

516 1033 779 1111 conventionem
805 1033 894 1106 inter
924 1033 1157 1117 venerubilem
1179 1031 1518 1127 Salzernburgsnsem
1540 1033 1854 1131 archiepiscopum,
1872 1037 1922 1112 di·

514 1157 642 1232 lectum
665 1158 856 1254 prinoipem
874 1169 1048 1249 nostrum,
1069 1167 1104 1232 et
1120 1158 1254 1254 ipsum,
1275 1157 1321 1232 de
1342 1157 1561 1232 conniventia
1577 1169 1695 1232 nostra
1717 1161 1841 1234 iactam
1857 1161 1886 1257 (l
1894 1161 1919 1258 >‚

515 1281 676 1357 videlicet
689 1293 728 1354 ut
743 1283 854 1379 pueri,
865 1283 894 1358 si
907 1305 998 1380 qnos
1014 1283 1085 1358 filia
1102 1283 1295 1378 Thuringni
1309 1281 1356 1356 de
1371 1283 1606 1378 Steueningen
1622 1285 1851 1358 ministerialis
1868 1308 1921 1362 ec·

515 1408 617 1480 clesie
632 1407 786 1504 predicta
809 1430 871 1504 per
893 1406 1082 1492 Corradnm
1107 1407 1153 1482 ds
1178 1407 1471 1505 Steynenlrirchen
1489 1409 1745 1484 ministerialem
1769 1409 1921 1502 ejusdem

513 1531 664 1626 comitis,
685 1533 741 1606 cni
758 1541 811 1606 est
824 1533 860 1606 in
879 1533 1095 1608 matrimonio
1109 1533 1281 1629 copulata,
1295 1533 1469 1628 genuerit,
1486 1533 1577 1606 inter
1587 1531 1735 1608 eandem
1745 1533 1920 1610 ecclesiam

513 1666 548 1729 et
574 1657 688 1753 ipsum
711 1659 880 1754 equaliter
906 1658 1125 1760 dividantur,
1153 1666 1264 1731 ratam
1288 1633 1417 1732 habero
1440 1666 1479 1730 et
1500 1656 1703 1732 oonlirmare
1735 1657 1782 1732 de
1810 1669 1921 1734 nostra

511 1783 621 1880 grutia
650 1783 885 1874 dignaremur.
912 1785 982 1858 Nos
1006 1785 1110 1879 igitur
1132 1783 1350 1858 attendentes
1370 1781 1477 1858 fldem
1499 1805 1623 1880 puram
1648 1793 1683 1858 et
1703 1783 1921 1867 devotionem

511 1907 682 1980 sinceram
708 1907 791 1982 dicti
816 1908 950 1985 comitis
971 1909 1014 1982 Η.
1039 1907 1152 1984 fidelis
1175 1908 1300 1996 nostri,
1326 1907 1520 2002 predictam
1540 1909 1809 1986 conventionem
1836 1911 1921 1984 inter

510 2031 786 2126 prenominatum
803 2031 1098 2128 archiepisooputn
1116 2031 1278 2134 etipsum
1298 2032 1441 2118 ladam,
1459 2041 1500 2104 nt
1515 2030 1711 2126 predictum
1727 2041 1792 2124 est,
1813 2042 1917 2106 ratam

510 2153 678 2228 habemns
698 2167 732 2228 et
752 2155 797 2230 de
812 2166 926 2230 nostru
946 2158 1056 2252 gratia
1076 2165 1245 2254 perpetuo
1258 2155 1515 2230 confirmaturus.
1537 2154 1595 2230 Ad
1617 2155 1722 2250 hujus
1736 2167 1852 2232 antem
1870 2161 1921 2232 rei

509 2279 709 2354 memorium
730 2289 767 2358 et¹
783 2289 982 2376 perpetuam
1000 2280 1212 2373 firmitatem,
1227 2301 1370 2375 presens
1384 2279 1550 2374 sumptum
1565 2279 1650 2354 inde
1663 2278 1737 2354 lieri
1753 2291 1789 2354 et
1808 2291 1921 2355 nostro

508 2404 695 2496 majestatis
713 2405 826 2499 sigillo
840 2405 1007 2499 jussimus
1023 2403 1246 2496 communiri,
1276 2425 1385 2497 anno,
1410 2426 1546 2495 menso,
1570 2413 1606 2478 et
1626 2403 1814 2480 indictione
1836 2408 1920 2480 snb·

508 2529 656 2624 seriptis.

555 2655 679 2726 Datum
694 2661 778 2750 aput
787 2653 942 2748 Utinum,
952 2676 1045 2728 anuo
1057 2654 1231 2729 dominice
1239 2653 1484 2727 incarnationis
1494 2653 1676 2727 millesimo
1684 2652 1920 2730 ducentesimo

506 2778 678 2851 tricesimo
694 2778 861 2872 secundo,
883 2802 1001 2854 mense
1019 2779 1141 2866 madii,
1159 2779 1278 2875 quinte
1292 2777 1503 2852 indictionis.

740 3069 1078 3100 ffeun-g--nm-—n--w—-on-
1084 3073 1479 3090 --n-a--n-o—-n--n--n--nn—
1498 3073 1687 3094 mr-

519 3351 522 3362 ’
557 3363 788 3471 Friderions,
809 3363 1069 3450 Romanorum
1092 3364 1314 3474 imperator,
1335 3362 1385 3446 ad
1412 3361 1725 3474 supplicationem
1753 3361 1918 3474 Adolphi

345 3518 367 3552 ⁰
391 3519 413 3554 ⁰·
504 3501 653 3588 comitis
683 3500 895 3607 Holsatiae,
924 3500 1206 3584 concessionem
1241 3523 1360 3610 quam
1392 3496 1493 3580 idem
1529 3522 1656 3582 comes
1687 3497 1917 3582 monasterio

504 3635 730 3722 monialium
747 3635 787 3716 in
801 3635 932 3719 Poreln
945 3633 1034 3716 fecit
1044 3685 1060 3738 ‚v
1073 3633 1287 3716 oonlirmet.

584 3835 690 3918 (Edld.
707 3781 853 3909 Momm,
867 3837 998 3918 Innocua
1015 3831 1057 3896 ad
1072 3831 1174 3896 lotor.
1192 3832 1358 3896 tlemus·
1376 3829 1551 3910 ctutum,
1568 3849 1638 3912 part
1652 3838 1776 3912 marta,
1797 3847 1828 3911 p.
1843 3838 1914 3913 aar,

623 3962 662 4007 ex
675 3947 798 4024 registro
808 3941 1031 4022 Bocholdlnno.)

551 4117 764 4212 Fridericus,
787 4118 851 4190 Dei
871 4116 982 4212 gratia
1006 4116 1235 4204 Romanorum
1252 4115 1437 4212 imperator
1456 4137 1592 4212 semper
1610 4123 1796 4210 augustos,
1818 4113 1915 4186 leru-

539 4375 577 4452 (t)
595 4374 806 4432 lustramentum
819 4380 907 4432 autem
918 4379 1082 4432 memoratur
1093 4389 1138 4448 ap.
1150 4373 1242 4446 huc,
1252 4372 1355 4446 depost.
1368 4373 1455 4444 Boio,
1464 4377 1529 4430 tom.
1540 4371 1578 4442 ll,
1591 4389 1618 4446 p.
1629 4372 1693 4440 tlt,
1703 4373 1732 4427 st
1744 4367 1873 4444 reperitur
1883 4366 1911 4423 in

503 4475 593 4536 codiee
605 4473 711 4532 laudato
721 4472 756 4530 ab
769 4472 1049 4545 numeniacum.
1061 4471 1107 4530 des
1118 4471 1363 4545 cenomannicum
1376 4470 1539 4544 Ortenbnrp,
1548 4487 1578 4544 p.
1588 4473 1633 4541 tto,
1644 4468 1691 4543 qui
1704 4468 1778 4528 hunc
1789 4463 1912 4525 Gnllrsdu

503 4581 590 4634 vocat.
600 4574 685 4632 Nolae
698 4579 789 4633 autern
800 4571 1000 4645 chronologicae
1014 4571 1158 4630 suntita2«
1169 4571 1235 4628 dcta
1247 4577 1311 4630 sont
1321 4569 1373 4630 heo
1385 4570 1457 4644 apud
1469 4565 1712 4645 Gldutcmdannd
1725 4569 1796 4625 ⁴2³³
1808 4563 1909 4640 [ἤδη

502 4673 644 4734 indictione
656 4674 689 4733 V.
702 4673 798 4730 Datum
808 4671 924 4742 ibidem,
938 4672 962 4730 V
974 4669 1103 4729 kalendas
1115 4669 1178 4728 mai
1190 4669 1235 4743 (tt
1249 4669 1386 4744 april'ul.»
1487 4731 1490 4738 .
1591 4685 1594 4690 ·
1793 4682 1795 4690 ·
