4320 5918
264 590 362 652 irtnttm
380 585 425 672 8.]
711 584 907 649 HISTORIA
931 587 1226 656 olatolttlllcll.
1613 583 1674 650 50¹1

260 721 545 822 [sequitertia
568 720 664 798 certo
684 720 732 792 od
750 723 894 802 waima.
901 724 1116 820 peecare
1143 724 1263 800 datum
1286 724 1381 819 apud
1404 721 1667 810 Frankeniurte,
1701 747 1706 758 ·

262 857 364 922 sexto
386 844 559 936 kalendas
577 843 659 936 maii
688 845 804 932 tuat,
826 846 912 939 quod
936 848 1082 941 incipit:
1106 847 1218 942 Digna
1237 847 1425 924 recolentes
1443 845 1670 922 animadver

264 973 379 1062 sione,
399 979 467 1072 etc.
493 969 575 1066 Vade
593 991 715 1068 como,
741 977 766 1042 t.
787 971 802 1042 1
808 993 873 1066 ‚.p
897 968 968 1044 765
989 982 1020 1044 et
1037 994 1123 1069 seqq.
1127 969 1141 1070 ]
1155 973 1225 1048 Nos
1246 971 1377 1066 igitur
1367 970 1477 1068 ipsius
1496 971 1670 1068 arehiepi-

263 1117 359 1195 scopr
348 1063 537 1191 precibus
552 1103 763 1188 annuentes,
782 1095 1006 1170 consideratis
1022 1098 1159 1203 gratis
1149 1099 1259 1195 rpsius
1273 1097 1533 1194 obsequiisque
1549 1099 1667 1190 nobis,

264 1219 443 1294 karissimo
468 1218 542 1292 filio
563 1228 680 1293 nostro
703 1220 776 1314 regi
801 1221 1031 1295 Romanorum
1052 1223 1176 1296 illustri
1201 1232 1236 1296 et
1253 1221 1400 1326 imperio
1418 1244 1554 1324 semper
1570 1224 1672 1326 exhi·
1768 1299 1769 1302 t

264 1344 340 1418 buit
356 1351 391 1417 et
408 1341 575 1417 exhibere
591 1343 714 1439 poterit
729 1344 765 1416 in
784 1347 955 1440 futurum,
973 1347 1008 1419 in
1026 1347 1178 1421 savorem
1195 1346 1304 1444 ipsius
1321 1347 1514 1443 predictum
1531 1349 1671 1444 privile·

264 1469 360 1563 &um
393 1465 552 1542 innovari
578 1463 803 1564 precipimus,
832 1491 874 1544 ea
905 1493 974 1568 que
999 1472 1035 1544 in
1060 1471 1136 1568 ipso
1163 1472 1380 1545 eontinentur
1405 1471 1440 1544 in
1467 1483 1671 1569 perpetuum

265 1589 516 1694 confirmantes.
532 1591 721 1666 statuimus
736 1594 843 1688 igitur
856 1604 892 1670 et
908 1599 1075 1693 presentis
1090 1597 1261 1694 privilegii
1275 1596 1476 1671 auctoritate
1494 1598 1671 1672 sancimus

265 1719 426 1814 quatinus
440 1717 565 1792 amodo
581 1719 675 1792 nulla
693 1741 840 1816 persona
852 1721 1081 1796 ecelesiastica
1094 1724 1150 1795 vel
1167 1723 1342 1815 secularis,
1361 1724 1429 1796 alta
1441 1723 1498 1796 vel
1512 1724 1667 1818 humilis,

264 1843 347 1916 huic
363 1849 478 1918 nostre
495 1841 745 1918 confirmationi
761 1845 979 1940 aliquatenus
1000 1847 1168 1921 contraire
1185 1855 1372 1944 presumat.
1391 1847 1492 1932 Quod
1511 1849 1572 1944 qui
1588 1871 1672 1946 pre-

265 1968 447 2064 sumpserit
469 1968 721 2065 quinquaginta
748 1970 911 2045 librarum
943 1973 1020 2045 anri
1045 1993 1134 2067 pena
1163 1972 1348 2069 plectatur,
1373 1971 1556 2047 medietate
1582 1975 1670 2070 parti

265 2091 375 2188 ipsius
399 2092 648 2189 archiepiscopi
670 2103 705 2166 et
728 2094 833 2168 altera
851 2095 1034 2170 medietate
1057 2095 1140 2170 fisco
1163 2105 1279 2170 nostro
1302 2095 1480 2172 solvenda.
1496 2095 1553 2171 Ad
1569 2097 1673 2192 hujus

266 2228 381 2292 autem
409 2218 459 2292 rei
478 2218 677 2293 memoriam
696 2229 732 2292 et
747 2220 853 2293 robur
875 2229 1043 2318 perpetuo
1059 2221 1265 2312 valiturum,
1288 2243 1430 2318 presens
1455 2222 1673 2319 privilegium

266 2340 384 2416 lieriet
396 2342 491 2416 bulla
504 2365 610 2417 aurea
622 2345 757 2440 typario
768 2353 883 2420 nostre
897 2346 1083 2438 maiestatis
1097 2346 1262 2443 impressa
1274 2347 1442 2440 jussimus
1454 2348 1671 2422 communiri.

313 2469 424 2561 liujus
447 2469 497 2542 rei
519 2477 623 2543 testes
648 2479 730 2542 sunt
749 2495 758 2542 ι
780 2471 821 2544 Ε.
842 2471 1138 2567 Babenbergensis
1155 2481 1191 2546 et
1212 2473 1255 2544 Η.
1277 2472 1486 2569 Epstetensis
1505 2473 1671 2570 episcopi,

266 2591 416 2666 marchio
430 2591 476 2667 de
488 2593 621 2688 Baden,
642 2616 758 2670 comes
774 2597 817 2670 ll.
839 2597 884 2670 de
901 2597 1128 2686 Ortanburch,
1147 2606 1182 2671 et
1195 2597 1253 2670 alii
1268 2598 1500 2693 quamplures.

312 2719 457 2814 Signum
474 2719 604 2794 domini
631 2719 794 2796 Friderioi
817 2721 982 2814 mundi,
1003 2722 1065 2795 llei
1085 2722 1194 2818 gratia
1210 2721 1427 2796 invictissimi
1442 2723 1672 2798 Romanorum

266 2843 478 2941 imperatoris
496 2865 632 2942 semper
647 2846 800 2942 augusti,
815 2846 1024 2921 iherusalem
1045 2855 1078 2920 et
1089 2846 1210 2921 'Sicilie
1224 2847 1317 2942 regis
1330 2846 1517 2942 magnifici.

313 2968 400 3044 Acta
416 2979 498 3044 sunt
515 2969 581 3044 hec
593 2993 686 3046 anno
706 2971 879 3046 dominice
898 2972 1142 3046 incarnationis
1159 2971 1341 3046 millesimo
1359 2972 1594 3047 ducentesimo
1615 2973 1673 3046 tri-

265 3093 394 3168 cesimo
414 3101 549 3190 quarto,
568 3117 687 3170 mense
710 3096 926 3188 novembris,
948 3096 1135 3170 indictione
1161 3105 1301 3190 octava,
1320 3097 1510 3194 imperante
1533 3098 1674 3174 domino

266 3227 381 3292 nosoo
402 3217 592 3313 Friderioo,
612 3221 674 3294 Dei
691 3222 800 3317 gratia
817 3221 1044 3295 invictissimo
1061 3202 1293 3296 Romanorum
1311 3222 1517 3319 imperatore
1540 3245 1676 3322 semper

265 3353 433 3438 augusto,
465 3344 677 3418 iherusalem
700 3353 736 3419 ct
756 3346 872 3422 Sicilie
896 3367 994 3441 rege,
1017 3367 1108 3420 anno
1135 3348 1270 3444 imperii
1297 3349 1372 3442 ejus
1398 3350 1673 3446 quartodecimo,

265 3470 361 3564 regni
387 3471 601 3545 iherusalem
626 3492 736 3566 nono,
759 3472 856 3568 regni
883 3493 967 3546 vero
992 3471 1105 3546 Sicilie
1127 3471 1299 3547 tricesimo
1317 3483 1417 3548 sexto
1433 3471 1498 3572 (o),
1518 3475 1671 3550 lelicitar.

265 3595 389 3670 Amen.

314 3721 437 3793 Datum
454 3720 571 3816 Fogie,
591 3742 698 3814 anno,
716 3741 835 3797 mense
852 3729 887 3797 ot
903 3720 1091 3796 indictione
1108 3723 1317 3820 prescriptis.

481 4024 1426 4040 --fl-——u--n--n-——a--n-n-n-——n———n———u-

317 4281 549 4390 isidorique,
569 4286 830 4374 Romanorum
857 4289 1078 4402 imperator,
1103 4304 1250 4378 sentent
1234 4293 1306 4378 tias
1333 4294 1548 4406 principum
1575 4320 1674 4404 pro·
1728 4321 1848 4418 ⁹02⁸qu

268 4415 441 4528 madgat.
457 4419 600 4530 scilcet
626 4434 669 4506 ut
698 4425 830 4510 nullus
857 4425 1055 4537 episeopus
1073 4427 1305 4513 Theutoniae
1326 4428 1494 4578 aliquem
1512 4427 1678 4514 infeodet

267 4559 414 4655 praeter
433 4577 631 4638 assensum
648 4556 912 4666 imperatoris,
934 4569 977 4642 ut
993 4557 1125 4642 nullus
1144 4560 1381 4647 advocatus
1370 4587 1409 4644 m
1427 4562 1527 4648 cives
1545 4562 1679 4644 catire-

308 4721 350 4804 (α)
371 4724 461 4788 Baete
473 4734 572 4790 tamen
587 4730 746 4811 legendnm
764 4733 904 4795 tricesimo
917 4733 1047 4814 septimo.
