4308 5910
984 595 1338 666 cousrtrurrouss

1035 875 1100 944 ua
1125 870 1201 968 (55)
1226 871 1240 967 t
1261 871 1311 970 )..

1006 1062 1098 1110 lun!
1123 1061 1320 1111 AUGUSTU&

507 1199 675 1270 Personas
705 1198 809 1270 rebus
838 1197 915 1270 aliis
946 1199 1173 1294 preferentes,
1197 1209 1328 1295 quanto
1354 1216 1414 1273 cas
1437 1198 1655 1294 pretiosiores
1680 1197 1867 1286 babemuS,

461 1330 555 1394 tanto
578 1323 730 1417 ipsarum
750 1322 989 1396 detentoribus
1012 1347 1083 1419 que
1106 1324 1153 1400 ad
1178 1323 1377 1398 demanium
1399 1333 1554 1398 nostrum
1581 1319 1806 1421 [immediate]
1822 1324 1868 1417 (b)

458 1455 613 1542 spectare
637 1456 839 1538 noscuntur,
860 1469 986 1544 penam
1011 1449 1220 1546 imponimus
1238 1449 1427 1524 duriorem.
1449 1445 1501 1546 [ln
1518 1447 1585 1520 boc
1602 1447 1692 1520 enim
1712 1467 1781 1522 non
1798 1457 1866 1520 tam

457 1569 559 1642 nobis
586 1571 814 1666 prospicimus
840 1593 947 1666 quarn
975 1571 1142 1647 libertatis
1166 1573 1274 1648 lavori
1304 1573 1476 1659 lavemus,
1498 1594 1579 1645 cum
1602 1593 1722 1644 omnes
1747 1571 1867 1644 merito

459 1693 557 1766 liberi
576 1704 782 1767 censeantur
799 1695 859 1789 qui
879 1696 976 1770 nullo
996 1696 1112 1771 medio
1130 1697 1176 1772 ad
1205 1697 1416 1794 imperialem
1434 1693 1673 1770 celsitudinem
1689 1703 1724 1768 et
1740 1695 1868 1788 regiam

459 1817 632 1912 pertinent
658 1817 892 1919 potestatem]
916 1822 990 1894 Hoc
1013 1821 1118 1917 igitur
1146 1820 1387 1918 prohibitionis
1411 1829 1526 1894 nostre
1548 1819 1686 1894 decreto
1708 1820 1868 1892 omnibus

459 1941 556 2035 regni
579 1943 685 2016 nostri
703 1943 878 2016 nobilibus
898 1945 1090 2038 expressim
1108 1945 1333 2042 probibemus
1350 1953 1391 2017 ut
1413 1945 1530 2018 nullos
1551 1925 1715 2016 comitum
1733 1943 1789 2016 vel
1807 1942 1868 2016 ba·

457 2087 581 2139 tonum
608 2065 654 2138 ad
683 2077 838 2138 nostrum
868 2066 1068 2141 demanium
1095 2070 1305 2164 pertinentes
1330 2069 1386 2142 vel
1415 2067 1593 2142 baroniam
1620 2065 1774 2159 aliquam
1801 2089 1869 2161 que

459 2191 565 2263 nostri
585 2188 736 2264 demanii
754 2192 811 2280 sit,
829 2193 974 2268 ulterius
990 2193 1144 2268 detinere
1158 2203 1344 2291 presumat.
1361 2191 1537 2289 Alioquin,
1553 2193 1584 2264 si
1600 2192 1680 2287 quis
1696 2192 1742 2266 de
1759 2201 1869 2265 ceteru

457 2315 524 2387 sub
545 2313 817 2389 dissimulatione
835 2317 1002 2389 transiens
1024 2318 1091 2390 hoc
1109 2325 1225 2391 nostre
1242 2317 1337 2390 curie
1357 2337 1425 2390 non
1445 2323 1614 2411 exponat,
1634 2313 1869 2410 publicatione

459 2441 626 2513 bonorum
644 2440 799 2513 omnium
815 2439 1055 2514 mulctandum
1073 2463 1150 2515 csse
1164 2461 1361 2534 censemns;
1380 2439 1594 2514 detentorem
1608 2455 1691 2511 vcro
1706 2437 1869 2512 scientem

458 2565 526 2636 alio
545 2565 754 2660 equivalenti
773 2564 819 2663 (c)
837 2566 954 2662 puniri
972 2587 1165 2642 censemus.

914 2857 1136 2932 intrusus
1159 2857 1203 2933 v.
1229 2859 1286 2945 u<
1310 2857 1402 2956 (55).

695 3024 743 3093 lic
763 3023 967 3096 revocatione
986 3021 1164 3116 scudomor
1184 3034 1216 3094 et
1236 3045 1350 3096 renim
1367 3021 1559 3117 feudalium
1572 3021 1635 3120 (d).

1002 3212 1096 3261 tos!
1120 3213 1322 3266 AUGUSTU&

511 3357 793 3430 constitutionem
812 3355 896 3431 dive
921 3360 1085 3433 memorie
1109 3361 1202 3455 regis
1219 3361 1354 3456 Rogerii
1372 3361 1428 3434 avi
1447 3359 1553 3433 nostri
1575 3379 1680 3456 super
1700 3357 1870 3454 prohibita

462 3480 690 3555 diminutione
704 3481 887 3555 feudorum
902 3491 936 3554 et
953 3505 1068 3556 rerum
1087 3486 1276 3560 feudalium
1290 3485 1505 3583 ampliantes,
1522 3483 1740 3558 decernimus
1753 3503 1871 3556 omncs

462 3605 684 3679 alienationes
699 3629 763 3681 seu
781 3629 1008 3702 quoscunque
1027 3618 1220 3682 contractus
1242 3632 1346 3706 super
1360 3609 1473 3683 leudis
1493 3618 1528 3681 et
1548 3609 1654 3682 rebus
1674 3604 1871 3680 tentatibus

462 3732 661 3806 minuendis
685 3744 746 3805 aut
770 3733 1024 3807 commutandis
1040 3735 1170 3806 nullam
1194 3736 1333 3809 omnino
1355 3733 1549 3812 firmitatem
1572 3733 1717 3825 habere,
1743 3733 1808 3806 nisi
1826 3731 1871 3805 de

461 3855 601 3953 speciali
624 3868 739 3932 nostre
763 3857 978 3932 celsitudinis
1000 3858 1137 3931 licentia
1161 3857 1415 3932 confirmentur.
1428 3857 1819 3941 Transactiouesetiam‚
1840 3855 1869 3927 si

462 4002 531 4074 que
553 4002 657 4076 super
681 3981 732 4054 eis
758 3983 833 4055 sine
856 3981 1019 4055 mandato
1038 3991 1152 4054 nostre
1171 3983 1265 4056 curie
1284 3983 1373 4058 lacte
1392 3983 1534 4072 luerint,
1552 3980 1794 4078 Jnsjurandum
1813 3979 1871 4052 in-

462 4105 663 4200 terpositum
693 4127 755 4178 seu
784 4107 886 4179 etiam
910 4105 1163 4202 stipulationem
1190 4108 1369 4202 penalem,
1397 4093 1526 4182 nullius
1556 4105 1773 4182 decernimus
1796 4125 1871 4179 esse

506 4277 547 4358 (o)
569 4279 679 4341 Graece
695 4297 773 4342 nova
786 4283 891 4360 lnclplt
903 4279 1005 4366 κεφαλὴ
1019 4300 1087 4344 cum
1099 4283 1157 4342 hec
1169 4283 1285 4347 rubrica
1300 4304 1308 4346 5
1321 4285 1364 4349 De
1371 4303 1468 4368 poena
1480 4301 1578 4366 eonem
1590 4283 1642 4367 qui
1657 4279 1785 4345 homiues
1800 4283 1872 4342 reti-

463 4391 535 4448 aeut
549 4383 591 4445 ad
606 4383 774 4448 donanim
785 4391 972 4467 pertinentes.

505 4491 546 4573 (b)
567 4493 712 4555 Addimus
725 4495 888 4557 imundiotc
902 4515 937 4560 ex
953 4497 1020 4559 cod.
1037 4509 1127 4563 4625.

505 4597 544 4679 (c)
570 4599 682 4662 655555
694 4609 793 4662 autem
806 4603 920 4664 diverse
935 4621 943 4662 :
959 4603 986 4662 tv
1001 4605 1087 4687 διπλῷ
1101 4605 1146 4666 καὶ
1160 4605 1280 4689 ἰσοτίμῳ.

506 4704 549 4786 (d)
572 4709 682 4770 Graece
697 4727 705 4769 5
720 4707 918 4789 Deprnlibito
933 4709 1295 4795 diminutiomseudonrm.
