4298 5906
599 589 808 653 annuncia
835 585 1205 652 cousurrualouuu.

887 817 916 888 1.

245 987 290 1060 Ut
303 988 475 1080 justornm
491 999 525 1059 et
538 983 814 1080 delinquentium
827 982 947 1054 merita
960 981 1058 1074 digni
1072 1002 1221 1053 censura
1229 979 1353 1072 judicii
1365 989 1603 1072 tractarentur,

197 1112 349 1206 providit
360 1133 407 1185 ex
419 1113 489 1185 alto
503 1113 517 1204 j
523 1111 642 1182 usticia
660 1131 759 1208 reges
771 1119 806 1182 et
823 1105 978 1203 presides
994 1107 1088 1178 orbis
1104 1116 1190 1178 terre
1203 1105 1338 1177 actibus
1351 1105 1510 1178 humanis
1525 1129 1607 1202 pre-

199 1234 319 1326 ficere,
342 1247 379 1308 ut
393 1237 496 1328 justis
518 1257 578 1331 per
600 1233 834 1308 retributionis
855 1232 1023 1304 tramitem
1043 1229 1308 1326 responderetur
1330 1230 1376 1302 ad
1394 1231 1557 1323 gloriam,
1574 1243 1608 1304 et

199 1361 498 1456 delinquentibus,
529 1360 589 1454 qui
615 1359 705 1452 juris
731 1357 869 1451 regulas
895 1356 1072 1444 abdicant,
1105 1354 1369 1450 responderetur
1394 1355 1439 1426 ad
1466 1377 1606 1450 penam.

200 1485 307 1578 igitur
323 1485 443 1558 divine
459 1482 805 1556 bonitatisarbitrium
819 1480 1024 1553 dissolutum
1038 1479 1205 1552 hactenns
1222 1479 1319 1573 regni
1334 1481 1487 1573 regimen
1502 1479 1608 1572 digne

199 1609 383 1696 comitans,
410 1609 519 1703 ipsius
537 1610 728 1703 prelccture
745 1605 918 1700 fastigium
941 1606 977 1676 in
997 1605 1113 1696 nobis,
1139 1604 1288 1677 velutin
1308 1625 1504 1678 successore
1516 1607 1609 1701 legi-

200 1736 304 1823 timo,
337 1733 520 1805 collocavit
547 1743 587 1803 nt
620 1741 911 1825 transgressorum
943 1730 1143 1802 insolentias
1175 1739 1323 1823 potestas
1355 1730 1454 1801 nobis
1488 1731 1611 1804 tradita

201 1858 354 1930 flecteret
374 1867 409 1930 et
425 1856 580 1952 puniret,
607 1876 648 1927 ac
668 1855 886 1927 subditorum
911 1853 1081 1945 fidelium,
1107 1853 1169 1946 qui
1192 1875 1213 1925 a
1236 1855 1356 1926 semita
1373 1853 1611 1928 mandatorum

200 1971 397 2054 nostrornm
416 2002 485 2053 non
499 1980 652 2068 deviant,
673 1977 839 2072 obsequia
858 1977 965 2072 digne
977 1978 1212 2050 retributionis
1228 1978 1433 2051 commercio
1449 2001 1612 2075 compen·

200 2117 305 2179 earet.
328 2105 484 2199 Cumque
503 2103 547 2177 ad
573 2103 612 2178 id
638 2103 883 2198 exequendum
911 2125 980 2176 non
1006 2123 1187 2197 possumus
1208 2124 1271 2198 per
1289 2101 1469 2176 universas
1491 2105 1611 2178 mnndi

201 2241 318 2325 partes
335 2230 558 2326 personaliter
573 2229 753 2318 interesse,
772 2228 851 2300 licet
868 2227 976 2299 simus
994 2228 1222 2323 potentialiter
1243 2228 1392 2322 ubique,
1412 2249 1475 2301 nos
1498 2232 1612 2324 provi·

202 2357 320 2429 dimus
336 2364 450 2427 tamen
462 2353 508 2427 de
524 2353 737 2427 fidelioribus
752 2353 849 2446 regni
863 2353 1010 2447 aliquos,
1028 2355 1122 2426 velut
1136 2353 1242 2425 nostri
1256 2354 1410 2426 membra
1422 2355 1611 2448 regiminis,

202 2479 441 2554 determinatis
463 2487 497 2552 et
515 2479 616 2550 certis
639 2477 825 2574 provinciis
846 2477 1038 2573 presidere,
1067 2487 1106 2550 ut
1123 2479 1217 2573 qnod
1237 2479 1274 2550 in
1295 2477 1446 2573 potentia
1461 2481 1613 2574 gerimus

203 2626 265 2700 per
283 2625 357 2691 eos,
377 2603 474 2676 velut
490 2603 676 2694 ministros,
689 2603 829 2695 justicie
845 2601 1075 2675 deduceretur
1097 2603 1144 2676 ad
1162 2613 1289 2676 actum.
1306 2604 1422 2700 Nuper
1438 2605 1531 2676 enim
1547 2627 1615 2678 ex·

203 2729 429 2802 clamantium
447 2737 481 2801 et
495 2728 778 2822 conquerentium
798 2727 953 2800 fidelium
969 2737 1159 2800 nostrorum
1176 2727 1222 2801 ad
1243 2721 1453 2802 audientiam
1467 2739 1616 2804 nostram

203 2854 331 2928 sedulo
344 2854 494 2925 clamore
511 2852 685 2948 pervenit,
707 2852 801 2946 quod
817 2853 851 2924 in
871 2852 1010 2925 decreta
1028 2853 1089 2924 tibi
1105 2854 1298 2948 provincia,
1316 2854 1405 2947 juris
1414 2854 1535 2927 ordine
1546 2877 1617 2928 non

204 2989 345 3052 servato
359 2987 395 3050 et
410 2977 531 3050 timore
543 2987 658 3050 nostru
677 2978 863 3070 majestatis
880 2977 1032 3069 abjecto,
1052 2999 1216 3051 excessus
1229 2987 1470 3074 perpetrantur
1487 2979 1615 3070 illiciti,

204 3113 241 3176 et
259 3101 569 3195 transgressionum
593 3103 773 3174 insolentie
787 3102 928 3174 assidue
944 3103 1219 3190 committuntur,
1248 3113 1357 3175 status
1370 3105 1467 3197 regni
1483 3105 1618 3200 pacifici

205 3225 395 3300 dulcedine
408 3225 577 3298 lacessita.
593 3226 713 3298 Estne
730 3226 824 3300 istud
838 3226 883 3299 de
894 3227 998 3300 laude
1011 3227 1145 3322 providi
1158 3227 1305 3322 presidis
1316 3227 1411 3323 quod
1427 3251 1521 3301 nnnc
1535 3251 1619 3325 pro·

206 3351 327 3425 vincia
351 3351 408 3423 cui
427 3348 601 3446 preliooris
623 3349 794 3446 predicat,
813 3350 909 3446 quod
924 3363 1026 3424 strate
1049 3351 1221 3424 violantur
1242 3361 1275 3423 et
1303 3351 1439 3448 predia,
1464 3353 1620 3426 homines

204 3477 433 3561 occiduntur,
454 3475 714 3547 committuntur
728 3485 763 3548 et
779 3477 886 3567 furta,
908 3485 1093 3548 moventur
1104 3477 1200 3562 rixo,
1217 3477 1413 3549 excitantur
1430 3489 1464 3551 et
1477 3480 1615 3573 jurgia,

207 3601 269 3675 die
283 3609 458 3694 noctuque
483 3609 723 3694 perpetrantur
743 3602 913 3688 enormis,
944 3603 1101 3674 feruntur
1123 3615 1156 3675 et
1173 3623 1287 3694 arma,
1309 3623 1373 3675 nec
1398 3625 1458 3699 per
1474 3615 1507 3676 te
1525 3605 1618 3700 plec-

206 3735 331 3797 tuntur
346 3722 476 3798 exinde
487 3727 775 3818 transgressores?
792 3727 882 3817 lmo,
904 3733 942 3797 nt
958 3727 1101 3800 auribus
1113 3728 1236 3801 nostris
1250 3728 1416 3816 innotuit,
1436 3751 1514 3801 cnm
1529 3729 1575 3802 ad
1589 3739 1622 3803 te

207 3851 417 3926 deferuntur
433 3849 601 3922 scelerum
619 3859 806 3945 patratores
827 3849 1045 3942 hujusmodi,
1065 3863 1300 3944 reservantur,
1327 3862 1362 3926 et
1375 3853 1436 3948 qui
1451 3855 1621 3949 personali

207 3975 383 4071 supplicio
394 3983 474 4047 eunt
487 3974 671 4070 plectendi,
682 3975 882 4071 pecuniario
893 3975 989 4071 apud
1004 3985 1037 4048 te
1049 3975 1298 4049 interveniente
1312 3977 1517 4072 suffragio,a
1531 4003 1621 4076 pena

207 4121 275 4196 pro
294 4098 487 4173 commissis
504 4098 693 4172 sceleribus
703 4099 820 4172 debita
837 4099 1036 4173 liberantur.
1051 4098 1107 4173 Ad
1121 4121 1269 4194 quornm
1281 4103 1460 4196 exemplar
1476 4104 1535 4176 alii
1553 4107 1623 4179 ela·

208 4225 316 4298 tionis
337 4223 496 4318 spiritum
516 4233 709 4310 eumentes,
733 4223 768 4294 in
799 4224 891 4296 viros
910 4225 1024 4316 justos
1045 4223 1227 4297 deseviunt
1254 4234 1289 4297 et
1306 4223 1466 4320 pacificos
1490 4227 1623 4302 indesi-

210 4359 335 4422 nenter
348 4345 531 4420 offendunt
547 4374 557 4420 ε
575 4347 659 4420 dum
678 4347 838 4442 impunes
855 4349 1000 4420 transire
1018 4350 1221 4444 respiciunt,
1245 4371 1333 4444 quos
1351 4349 1397 4423 ad
1411 4356 1623 4446 personalem

211 4495 337 4569 penam
347 4473 362 4565 j
367 4473 438 4544 uris
451 4473 582 4545 sanctio
590 4471 710 4544 merito
719 4473 976 4545 condemnaret.
987 4473 1083 4546 Certo
1093 4475 1121 4545 si
1130 4475 1294 4547 honorem
1307 4485 1405 4548 tuum
1417 4477 1623 4570 attenderes,

211 4597 244 4669 si
265 4596 518 4690 beneplacitum
533 4605 688 4667 nostrum
700 4595 921 4686 observares,
943 4597 1147 4690 procederes
1165 4599 1324 4672 solertius
1343 4600 1379 4671 in
1393 4600 1572 4695 predictis,
1592 4614 1627 4676 ct

212 4723 253 4794 in
273 4722 454 4795 commisso
469 4720 533 4793 tibi
547 4720 714 4812 regimine
730 4721 926 4793 accuratius
939 4721 1119 4816 vigilarem
1141 4722 1352 4797 attendendo
1365 4726 1533 4820 quicquid
1545 4725 1627 4799 inde
