4320 5918
525 569 584 630 550
1022 559 1235 623 rnrnnnrcr
1260 561 1435 628 saeuum
1750 571 1829 657 [am
1847 577 1933 642 rasa

526 705 561 775 in
577 711 677 776 antea
690 701 785 792 iusto
808 696 906 770 titulo
922 705 1083 792 poterunt
1094 695 1262 794 adipisci,
1290 701 1486 777 subuostra
1509 711 1545 780 et
1567 704 1702 804 imperii
1727 715 1937 804 protectione

525 826 677 922 recipere
700 823 936 916 dignaremur.
959 821 1028 894 Noe
1057 821 1162 912 igitur
1189 822 1255 917 piis
1279 845 1398 898 aarum
1424 827 1587 922 precibus
1610 831 1842 909 favorabiliter
1867 860 1936 912 an-

526 958 685 1039 nuentes,
709 946 802 1018 illius
819 945 947 1017 intuitu
965 945 1022 1017 cni
1044 965 1141 1018 sacra
1158 947 1302 1032 cenobia
1315 957 1397 1022 sunt
1414 947 1546 1045 dicam,
1570 953 1666 1050 apud
1680 977 1786 1050 mem
1797 959 1936 1036 lominei

525 1095 632 1147 sexus
650 1069 791 1145 devotio
809 1070 924 1144 locum
940 1089 1008 1142 non
1032 1067 1189 1144 intimum
1206 1082 1432 1168 promeretur,
1455 1075 1650 1172 predictum
1671 1083 1933 1176 monasterinm,

526 1197 723 1292 priorissam
750 1194 876 1289 paritor
900 1199 935 1266 et
957 1201 1186 1286 conuentum,
1215 1195 1380 1270 familiam
1405 1207 1440 1272 et
1465 1201 1581 1276 omnin
1603 1201 1695 1278 bona
1722 1225 1841 1280 aarum
1870 1209 1936 1282 sub

525 1329 640 1396 nosue
658 1330 693 1392 et
714 1317 850 1414 imperii
867 1316 1077 1414 protectione
1094 1319 1280 1415 recipimus
1302 1321 1459 1416 speciali,
1488 1325 1659 1400 univorsis
1683 1328 1802 1424 scripti
1818 1341 1936 1406 aucto·

524 1444 625 1516 ritate
641 1441 844 1516 mandantes
861 1440 1026 1536 quatinus
1052 1442 1168 1514 nullus
1188 1443 1232 1514 sit
1252 1443 1314 1538 qni
1335 1444 1529 1540 predictum
1554 1451 1819 1546 monasterium,
1840 1455 1936 1550 prio·

524 1571 645 1642 nissam
670 1577 705 1640 ct
733 1574 941 1639 conventum
965 1564 1135 1658 cJusdem,
1155 1565 1320 1640 inmitium
1345 1577 1380 1641 et
1403 1569 1494 1644 bona
1521 1591 1640 1648 eurum
1664 1573 1793 1648 audeat
1819 1585 1937 1654 contm

525 1691 691 1789 presentis
720 1689 989 1765 confirmationis
1014 1697 1130 1762 nostre
1158 1689 1321 1784 pagiuam
1346 1691 1540 1788 inquietare
1566 1697 1624 1772 vel
1648 1705 1777 1773 umere
1803 1709 1937 1796 mrtnr*

525 1819 621 1892 bare.
650 1813 751 1902 Quod
774 1813 835 1910 qui
858 1812 1104 1910 presumpserit
1128 1812 1403 1908 indignationem
1428 1818 1537 1894 nocui
1558 1821 1717 1895 culminis
1739 1845 1778 1897 se
1801 1826 1938 1900 noverit

527 1943 759 2014 incursorum.
792 1938 850 2011 Ad
880 1939 987 2032 hujus
1011 1940 1129 2032 itaque
1155 1940 1377 2036 protectionis
1403 1951 1520 2022 nostre
1545 1945 1747 2022 memoriam
1770 1957 1806 2022 et
1829 1949 1937 2024 robur

526 2073 693 2162 perpetuo
713 2062 919 2154 valiturum,
937 2083 1078 2158 presens
1098 2063 1264 2160 scriptum
1280 2065 1348 2138 sibi
1364 2064 1438 2142 lieri
1460 2068 1605 2146 lecimus
1628 2077 1663 2144 et
1681 2070 1795 2168 sigillo
1812 2076 1936 2169 maies-

527 2191 604 2262 tatis
620 2195 735 2260 nostre
747 2187 916 2280 jussimus
933 2187 1151 2260 communiri.

572 2315 698 2386 Datum
721 2311 817 2406 apud
844 2311 1081 2406 ltatisponam,
1113 2331 1205 2383 anno
1232 2310 1406 2388 dominice
1430 2315 1675 2394 iucarnationis
1697 2320 1749 2394 ll⁰
1769 2318 1934 2397 ducente·

527 2441 613 2512 simo
625 2435 797 2509 tricesimo
813 2436 878 2524 Ψ,
897 2455 1017 2508 mense
1027 2434 1140 2527 junio,
1155 2435 1229 2508 Vlll
1244 2434 1444 2514 indictione.

457 3101 471 3143 z
579 3017 809 3122 fridericus,
829 3013 1090 3097 Romanorum
1107 3015 1327 3124 imperetur,
1346 3015 1397 3102 ad
1414 3015 1633 3128 petitionem
1650 3015 1838 3128 liudegeri
1854 3016 1933 3102 Po-

527 3151 705 3237 taviensis
722 3148 903 3259 episcopi,
920 3147 1114 3258 judicibus
1131 3148 1215 3260 ejus
1223 3147 1290 3260 jus
1308 3149 1425 3260 gladii
1443 3159 1481 3234 et
1499 3151 1690 3234 secusiam
1708 3176 1793 3236 reos
1804 3149 1934 3236 crimi-

527 3313 620 3371 num
639 3285 775 3367 nltimo
794 3279 979 3390 supplicio
996 3281 1209 3390 puniendos
1223 3307 1270 3366 ex
1289 3283 1411 3394 gratia
1429 3309 1499 3368 sua
1511 3284 1693 3368 concedit.

609 3513 703 3592 (ultr.
727 3528 775 3588 ap.
798 3508 925 3570 Moron
942 3507 1045 3586 Boea,
1060 3515 1132 3572 ton.
1149 3487 1268 3584 xx'xl,
1283 3525 1352 3588 pars
1375 3519 1415 3586 ι’,
1435 3526 1467 3590 p.
1488 3519 1559 3586 sos,
1581 3526 1598 3572 e
1618 3509 1713 3572 mulo.
1734 3509 1856 3574 Purser.
1870 3509 1935 3584 111,

645 3619 697 3680 ror.
720 3627 768 3691 aa,
784 3615 832 3696 n.)

575 3819 787 3908 Fridericus,
809 3818 872 3891 Dei
889 3817 999 3909 gratia
1015 3817 1245 3890 llomanorum
1266 3817 1450 3912 imperetur
1472 3837 1607 3914 sempor
1625 3822 1810 3909 augustus,
1834 3817 1939 3890 Jeru-

528 3945 635 4018 salem
648 3941 689 4014 ¹et
710 3940 827 4013 Sicilie
847 3959 930 4031 rex,
959 3939 1149 4012 venerabili
1175 3939 1368 4012 Patariensi
1393 3939 1554 4035 episcopo
1583 3939 1784 4033 lindegero,
1813 3937 1940 4012 dilecto

528 4065 674 4162 principi
693 4085 778 4154 suo,
801 4063 946 4157 gratiam
971 4083 1070 4135 suam
1092 4071 1127 4134 et
1151 4083 1254 4135 omne
1276 4062 1420 4134 bouum.
1446 4061 1760 4158 Supplicationibur
1777 4081 1825 4134 ex
1842 4071 1942 4157 parta

529 4201 588 4262 tua
605 4189 769 4283 porrectis
790 4187 992 4260 excellentie
1008 4193 1124 4260 nostre
1140 4195 1181 4257 nt
1196 4185 1297 4259 licent
1314 4184 1492 4280 judicibus
1517 4183 1585 4259 tuis
1604 4205 1680 4260 reos
1699 4185 1881 4258 criminum
1906 4195 1942 4260 et

529 4313 639 4407 culpis
654 4313 726 4384 suis
742 4311 963 4406 exigentibus
977 4311 1098 4382 ultimo
1114 4309 1283 4404 supplicio
1300 4309 1604 4406 condempnandos
1621 4307 1738 4403 gladio
1752 4309 1808 4383 rel
1826 4309 1940 4384 securi

528 4437 648 4525 lenire,
669 4434 859 4528 benignum
885 4443 1077 4531 prestantes
1098 4455 1296 4525 assensum,
1318 4433 1543 4508 concedimus
1561 4455 1609 4506 cx
1627 4433 1737 4526 gratia
1759 4440 1875 4506 nostm
1896 4433 1940 4504 li·

526 4559 673 4633 centiam
692 4557 776 4654 ipsis
789 4555 969 4652 judicibus
981 4567 1020 4630 ut
1035 4554 1218 4653 siquando
1232 4577 1335 4630 casus
1347 4556 1525 4631 emerserit
1539 4577 1616 4632 reos
1631 4555 1828 4648 criminum,
1849 4577 1939 4650 quos

527 4705 590 4778 pro
612 4683 820 4756 facinoribus
844 4681 918 4755 suis
940 4681 1099 4755 ultimum
1118 4683 1212 4774 iuste
1231 4691 1349 4757 manet
1373 4681 1602 4778 supplicium,
1626 4678 1882 4776 condempnare
1903 4689 1939 4754 et
