4360 5908
242 593 339 653 lucrer.
355 587 398 674 5.]
693 583 894 646 HISTORIA
917 580 1212 645 nletottstlca
1597 575 1660 640 329

241 723 282 806 in
302 719 516 826 Cadnthia,
541 717 592 800 ad
613 743 742 826 preces
765 717 914 801 abbatis
938 715 1123 824 Conradi,
1147 713 1348 799 confirmat
1369 711 1596 796 forestarum
1619 723 1657 797 et

240 853 486 940 venationum
505 849 592 961 jus,
611 851 717 960 quod
731 875 858 934 eomes
877 849 1054 934 hibertus
1072 849 1121 932 de
1137 846 1422 958 Weiohseiberg
1439 847 1658 930 monasterii

242 986 425 1072 fundator
452 1010 566 1094 super
591 983 768 1092 plurimis
799 983 970 1094 ejusdem
995 982 1106 1066 honis
1138 981 1212 1065 sibi
1238 989 1510 1090 reservaverat,
1535 1005 1657 1091 quum

242 1133 375 1233 postea
391 1130 545 1231 propter
558 1119 700 1200 damna
718 1119 946 1202 monasterio
964 1118 1085 1226 illata,
1101 1117 1224 1201 eidem
1241 1115 1321 1200 filia
1334 1115 1480 1198 Alberti
1496 1113 1653 1224 Sophia,

244 1279 343 1339 uxor
361 1255 557 1366 quondam
575 1253 806 1336 marchionis
824 1253 969 1363 Istriae,
985 1253 1087 1337 idem
1101 1251 1166 1363 jus
1181 1251 1442 1362 resignaverit.

331 1469 457 1550 (incdit.
470 1485 509 1530 ex
522 1467 684 1547 exemplari
696 1469 728 1529 in
743 1463 912 1530 collectione
925 1469 1105 1530 Fonmctatc
1123 1485 1173 1548 ap.
1192 1469 1305 1531 archiv.
1325 1469 1395 1546 imp.
1407 1466 1551 1545 vindob„
1570 1473 1595 1531 t.
1612 1467 1659 1545 11,

366 1577 420 1641 iol.
437 1587 512 1654 8393
528 1581 615 1657 cujus
626 1579 763 1638 ceddam
776 1578 862 1639 noble
875 1577 1031 1640 liberanter
1044 1579 1271 1658 communicavit
1283 1577 1486 1656 Boehmerus.)

298 1765 410 1857 Hujus
438 1763 490 1837 rei
516 1771 619 1836 testes
645 1770 727 1836 sunt
750 1788 760 1834 a
782 1761 931 1836 Siiridus
953 1764 1236 1861 archiepiscopus
1262 1765 1506 1860 Moguntinns,
1529 1763 1569 1835 Β.
1596 1785 1661 1859 pa·

246 1888 396 1963 triarchas
412 1887 683 1984 aquilegiensis,
711 1942 775 1961 ...
798 1889 1057 1985 salzburgensis
1079 1889 1377 1986 archiepiscopus,
1398 1890 1661 1984 Bambergensie

248 2014 450 2110 episcopus,
475 2015 510 2086 S.
528 2013 786 2110 Ratisponensis
806 2015 1008 2112 episcopus,
1028 2014 1217 2111 imperialis
1234 2015 1314 2088 anie
1332 2015 1570 2104 cancellarius,
1594 2068 1603 2086 .
1621 2069 1630 2088 .
1648 2070 1657 2087 .

248 2136 512 2210 wormatiensis
526 2136 725 2233 episcopus,
747 2191 809 2210 ...
829 2139 939 2211 abbas
958 2139 1074 2211 Sancti
1094 2137 1194 2230 Galli,
1215 2138 1292 2212 dux
1312 2140 1481 2230 Saxonis,
1504 2139 1580 2212 dux
1601 2137 1663 2214 Ca·

249 2261 391 2349 rinthie,
409 2281 526 2335 comes
540 2260 723 2358 ridulphus
736 2261 781 2336 de
793 2262 1054 2359 Schauenburg,
1072 2284 1187 2337 comes
1202 2265 1245 2335 Η.
1265 2263 1310 2338 de
1324 2264 1533 2358 Orienhurg,
1550 2287 1665 2340 comes

251 2389 355 2478 Sene,
373 2387 562 2460 Wernerus
576 2386 621 2461 de
636 2385 784 2476 Boland‚
800 2388 906 2460 etalii
919 2389 1153 2484 quamplures.

302 2512 467 2607 Signum,
486 2519 551 2585 etc.
572 2511 646 2606 Ego
661 2508 822 2606 Siiridns,
841 2522 906 2586 etc.

302 2635 389 2709 Acta
407 2645 489 2708 sunt
504 2635 569 2710 hec
587 2657 680 2709 anno
697 2635 869 2711 dominice
883 2637 1126 2712 incarnationis
1143 2639 1191 2712 M.
1205 2637 1268 2712 tc.
1280 2637 1423 2724 XXXli,
1440 2658 1560 2713 meuse
1574 2637 1665 2734 apri·

252 2761 311 2850 lis,
332 2761 454 2857 quinte
468 2759 681 2856 indictionis,
701 2770 766 2836 etc.

303 2887 429 2961 Datum
443 2885 539 2984 apud
551 2885 787 2984 Aquilegiam,
804 2907 909 2976 auno,
926 2907 1046 2962 meuse
1060 2897 1095 2961 et
1110 2887 1298 2964 indictione
1312 2887 1521 2986 prescriptis.

312 3453 545 3562 Friderious,
569 3453 830 3538 Romanorum
856 3455 1077 3566 imperator,
1104 3453 1333 3538 monasterio
1356 3454 1405 3538 de
1428 3453 1531 3538 Stein
1558 3479 1673 3563 super
1713 3467 1867 3579 ,quqqum'

257 3589 436 3674 Rhenum
449 3587 594 3672 ordinis
608 3587 736 3671 Sancti
752 3587 945 3673 Benedicti
959 3590 1078 3699 ipsius
1093 3591 1182 3700 jura
1195 3597 1233 3672 et
1244 3588 1442 3700 privilegia
1455 3587 1667 3673 confirmat.
1751 3577 1824 3633 ΨΜ·

342 3803 470 3884 (Inedit.
485 3809 516 3866 et
526 3809 651 3868 exuam.
666 3821 706 3867 ex
718 3805 896 3868 chartulario
908 3821 998 3884 penes
1010 3804 1048 3867 D.
1064 3805 1101 3866 de
1112 3805 1258 3887 iassberg
1279 3807 1359 3886 apud
1378 3805 1555 3884 idersbcurg
1567 3821 1620 3884 per
1630 3804 1670 3868 D.

380 3913 418 3974 de
435 3911 602 3987 Liebenav,
616 3913 771 3990 patricium
790 3911 1005 3974 Lucemensem
1014 3932 1024 3988 ς
1043 3916 1129 3991 eujus
1142 3915 1190 3974 vir
1206 3915 1256 3976 ille
1272 3912 1434 3976 Boehmero
1447 3919 1477 3974 et
1493 3911 1673 3974 Boehmems

380 4021 444 4097 ipse
456 4021 588 4080 viclmim
600 4019 688 4082 nobis
701 4020 816 4097 copiam
826 4017 923 4100 iecit.)

310 4209 420 4303 Hujus
440 4203 492 4280 rei
516 4215 620 4281 testes
645 4215 742 4297 snut,
765 4215 833 4281 ete.
858 4205 1034 4302 utsupra,
1058 4207 1125 4280 etsi
1149 4205 1235 4302 qood
1255 4206 1425 4280 adduntur
1449 4207 1603 4282 marchio
1628 4209 1674 4286 de

259 4331 381 4406 Baden
396 4341 431 4405 et
443 4353 562 4406 eomes
577 4331 623 4406 de
637 4332 771 4406 Geraia.

311 4457 398 4530 Acta
414 4465 497 4530 sunt
516 4457 583 4530 hec
597 4479 688 4531 anno
707 4457 879 4531 dominice
895 4457 1137 4531 incarnationis
1153 4457 1201 4532 il.
1214 4455 1275 4530 CC.
1290 4457 1430 4550 XXXII,
1447 4479 1565 4533 mense
1582 4460 1675 4558 apri·

261 4584 320 4675 iis,
340 4583 461 4678 quinte
478 4582 688 4675 indictionis,
705 4593 771 4657 etc.

313 4709 440 4781 Datum
453 4707 551 4805 apud
565 4707 795 4804 Aquilegiam,
816 4731 922 4804 anno,
941 4729 1059 4784 mense
1076 4717 1111 4783 et
1128 4707 1317 4784 indictione
1332 4709 1545 4807 prescriptis.

348 4833 403 4900 lv.
1480 4843 1519 4896 42
