4372 5918
772 572 900 634 tuom
923 571 1113 634 SICILIAE.
1609 565 1652 628 33

241 722 370 802 antem,
391 709 421 784 si
440 708 581 804 probata
598 728 705 780 causa
721 707 872 802 legitime
889 730 928 782 se
947 707 1167 804 nequiverint
1182 726 1370 796 excomm,
1391 703 1495 776 nnius
1511 723 1649 798 angus-

241 837 317 912 talis
331 856 421 932 pena
439 831 658 908 mulctandos
673 853 750 906 esse
767 853 961 906 censemus.

652 1113 865 1188 TITULUS
892 1113 1016 1187 XXX.
1043 1115 1110 1186 ΛΔ
1136 1111 1232 1212 (34).

646 1297 694 1366 Ile
709 1295 845 1388 injuriis
862 1293 1043 1366 assuas
1060 1293 1160 1366 illotr'r
1181 1292 1243 1392 (o).

781 1493 872 1542 tos!
903 1491 1104 1542 sooosuos.

290 1651 333 1722 Ut
359 1647 577 1746 participatio
603 1647 798 1722 condecens
820 1647 962 1722 honoris
988 1657 1023 1721 et
1049 1647 1165 1720 oneris
1186 1643 1383 1736 inducatur,
1409 1643 1592 1717 statuimus
1615 1651 1655 1712 ut

243 1775 272 1847 si
288 1775 430 1870 quando
445 1773 609 1848 violentie
626 1773 684 1848 vel
702 1773 828 1866 injurie
845 1773 881 1845 in
899 1773 1003 1846 rebus
1019 1783 1081 1846 aut
1099 1771 1238 1845 familiis
1251 1791 1385 1860 eorum,
1403 1767 1465 1862 qui
1483 1766 1529 1841 de
1547 1786 1654 1837 man-

244 1898 322 1973 dato
339 1908 456 1974 nostro
472 1899 561 1973 intra
576 1919 724 1994 regnum
740 1897 797 1971 vel
818 1908 916 1970 extra
937 1917 1084 1990 regumn
1102 1896 1138 1968 in
1161 1895 1342 1985 exercitu,
1360 1893 1418 1968 vel
1442 1890 1506 1986 qni
1533 1889 1653 1965 nobis·

244 2045 334 2116 cnm,
348 2033 410 2096 aut
425 2045 506 2098 cum
519 2024 725 2100 officialibus
738 2027 863 2100 nostris
876 2025 913 2098 in
926 2027 1024 2099 curia
1037 2033 1152 2098 nostra
1165 2020 1463 2112 commorarerint,
1475 2019 1521 2092 ab
1535 2017 1654 2112 aliquo

244 2149 450 2239 interantur,
481 2147 692 2246 duplicatam
717 2171 857 2246 penam,
877 2171 984 2246 qnam
1011 2149 1102 2223 circa
1126 2148 1305 2238 detonsas,
1332 2145 1516 2221 vlolentias
1539 2153 1573 2216 et
1601 2142 1656 2212 in-

243 2273 352 2366 jurias
373 2282 410 2347 et
437 2273 505 2348 alia
532 2272 700 2348 malelicia
725 2296 822 2348 sacre
848 2273 1111 2347 constitutiones
1136 2282 1252 2346 nostre
1276 2273 1334 2347 vel
1353 2273 1434 2366 jura
1459 2265 1656 2343 communia

245 2395 473 2490 induxerunt,
495 2419 517 2472 a
534 2398 766 2473 committente
783 2396 1002 2497 prestandum
1020 2419 1096 2472 esse
1116 2417 1312 2472 censemus.

658 2689 859 2766 TITULUS
886 2689 1026 2764 XXXI.
1050 2691 1122 2761 ΛΕ
1148 2685 1243 2784 (35).

690 2869 740 2941 oe
755 2869 977 2942 obseruatione
986 2867 1120 2962 justitie
1139 2865 1201 2965 (l),

794 3069 886 3118 rnsrr
910 3067 1110 3117 rucusrus.

295 3225 370 3299 Non
402 3225 478 3298 sine
504 3223 627 3320 grandi
657 3225 800 3300 consilio
830 3235 865 3298 et
887 3221 1134 3298 deliberatione
1165 3241 1333 3318 perpensa
1366 3219 1548 3295 condende
1574 3219 1659 3315 legis

247 3349 354 3442 juset
377 3349 560 3445 imperium
578 3351 614 3422 in
636 3351 828 3424 Romanum
846 3348 1038 3445 principem
1056 3347 1133 3441 lege
1151 3347 1247 3442 regia
1271 3348 1475 3421 transtulere
1494 3345 1654 3432 Quirites,

251 3483 289 3546 nt
315 3475 360 3548 ab
385 3473 527 3568 ecdem,
545 3475 608 3572 qni
626 3477 807 3549 commisse
824 3473 889 3548 sibi
907 3493 1044 3547 cesaree
1063 3471 1200 3545 lonune
1218 3473 1357 3567 fastigio
1386 3495 1447 3570 per
1470 3472 1658 3569 potentiam

251 3599 386 3696 populis
407 3600 615 3698 imperabat,
637 3599 788 3697 prodiret
803 3599 899 3695 origo
918 3597 1068 3693 iustitie,
1089 3619 1110 3670 a
1132 3619 1203 3692 qno
1226 3596 1382 3690 ejusdem
1404 3597 1558 3671 defensio
1574 3619 1659 3694 pro·

252 3723 406 3798 mdabat.
435 3723 588 3820 Ideoque
615 3726 775 3799 convinci
798 3723 844 3821 (c)
866 3733 978 3820 potest
1000 3743 1071 3796 non
1094 3731 1165 3795 tam
1187 3723 1314 3796 utiliter
1335 3745 1441 3818 qnam
1463 3723 1658 3796 necessario

252 3847 354 3922 tuisse
382 3851 579 3944 provisum,
610 3860 649 3924 ut
677 3853 712 3923 in
737 3848 893 3944 ejusdem
921 3869 1066 3946 persona
1098 3847 1381 3922 concurrentibus
1412 3847 1467 3922 his
1499 3847 1656 3941 duobus,

249 3970 335 4062 juris
355 3972 489 4068 origine
511 3975 639 4048 scillcet
661 3985 696 4048 et
719 3976 840 4067 tutela,
861 3995 882 4047 a
894 3975 1028 4068 justitia
1050 3973 1164 4066 vigor,
1185 3985 1218 4046 et
1240 3995 1261 4046 a
1290 3973 1412 4067 rigore
1437 3973 1571 4068 justitia
1590 3994 1659 4046 non

253 4095 396 4172 abesset.
430 4099 572 4194 Oportet
606 4101 712 4194 igitur
745 4101 902 4174 Cesaram
935 4101 1008 4173 lore
1036 4098 1168 4192 justitIe
1202 4105 1333 4196 patrem
1368 4097 1562 4189 etlilium,
1593 4097 1659 4172 do·

254 4221 382 4295 minum
399 4231 434 4297 et
447 4223 643 4298 ministrnm
663 4253 672 4297 :
694 4233 825 4324 patrem
842 4235 876 4300 et
894 4224 1081 4299 dominum·
1093 4223 1129 4295 in
1145 4221 1281 4298 edendo
1293 4222 1517 4316 justitiam‚et
1530 4219 1657 4296 editam

291 4395 334 4478 (c)
354 4399 468 4464 Gneus
480 4419 489 4464 t
503 4403 547 4464 Dc
554 4421 651 4482 poeno
662 4405 787 4488 iujurias
798 4404 987 4486 inserentium
999 4401 1186 4464 adustione
1198 4403 1232 4462 in
1243 4403 1358 4464 samar
1369 4402 1476 4462 meae.

293 4503 332 4586 (b)
354 4508 692 4574 Incodrtsttdrlla
711 4513 913 4594 oripimjorr't
930 4507 1658 4592 etotrcruotioacjrtrtitinr;lngrnecocllsooi-

256 4611 354 4674 rt'tt'dto
368 4612 457 4697 Icpem
472 4617 657 4681 monum
670 4628 698 4683 et
710 4619 788 4702 qood
798 4628 929 4700 oporteat
942 4621 1144 4700 imperatorem
1155 4615 1238 4678 Illam
1249 4632 1363 4678 errrore
1375 4621 1404 4676 et
1413 4612 1567 4676 aendor.

296 4719 330 4799 (c)
356 4725 464 4786 Mallus
478 4726 600 4789 lorsltau
613 4728 714 4804 worn,
729 4745 821 4807 quum
833 4731 866 4789 ln
881 4745 986 4807 graeco
1000 4731 1040 4788 stt
1052 4727 1251 4798 temtatur,
1261 4721 1396 4805 intelllpr‘.

332 4829 386 4890 IV.
1004 4845 1006 4849 ·
1480 4841 1497 4890 ⁵
