4320 5918
237 591 396 668 lantcr.8]
686 583 884 648 HISTORIA
908 575 1196 642 olruotttrlcn.

500 861 1130 876 -—-----non-v-——o--n--·—0—--..-..*
1147 863 1151 868 .
1169 862 1208 868 .-.-
1251 857 1407 868 nau-«un..-

293 1129 476 1214 Heuricus
494 1132 573 1214 dux
589 1131 815 1216 Brabautiae
832 1132 880 1214 de
898 1131 1079 1214 mandato
1096 1127 1273 1211 Friderici
1291 1125 1547 1209 Romanorum
1565 1119 1645 1201 im·
1667 1141 1825 1242 :gn-3333

241 1261 444 1370 peratoris,
464 1265 503 1346 in
522 1266 733 1374 praesentia
750 1265 869 1376 regis,
890 1263 1151 1372 episcoporum
1169 1271 1206 1344 et
1224 1267 1448 1370 magnatum
1466 1253 1641 1364 Angliae,

243 1407 522 1479 sacramentum
553 1409 718 1508 praestat
748 1409 827 1482 tam
858 1399 906 1480 de
937 1399 1092 1482 domina
1117 1393 1279 1478 isabella
1309 1389 1573 1502 desponsanda
1608 1395 1646 1470 et

243 1531 460 1612 coronanda
477 1530 528 1614 ab
545 1531 770 1640 imperatore
786 1557 904 1642 quum
931 1532 979 1614 de
1005 1557 1049 1614 ea
1076 1557 1143 1638 per
1170 1541 1309 1612 terram
1337 1551 1446 1609 suam
1473 1523 1646 1606 ducenda

243 1669 280 1742 ot
298 1659 330 1742 si
348 1687 459 1746 casus
477 1663 626 1748 sinister
643 1665 838 1771 acciderit,
857 1666 898 1746 in
917 1665 1094 1774 Angliam
1112 1662 1340 1748 reducenda.

316 1878 407 1959 (Edlt.
417 1898 466 1960 ap.
477 1885 597 1960 er,
608 1883 745 1960 Foedera,
759 1885 964 1958 maratana,
979 1890 1047 1958 etc,
1057 1889 1082 1944 t.
1094 1883 1125 1958 1,
1139 1899 1170 1960 p.
1186 1883 1269 1954 llo.)

292 2066 361 2139 Nos
378 2068 544 2142 Heuncus
561 2069 638 2143 dux
650 2071 832 2144 Brabantie
849 2093 910 2166 per
924 2091 1064 2166 presens
1079 2067 1244 2164 scriptum
1261 2075 1379 2140 uotum
1395 2063 1468 2139 lteri
1487 2065 1647 2138 volumus

246 2189 416 2264 uniuersis
439 2203 613 2288 presentes
637 2195 767 2268 litteras
789 2195 994 2291 inspecturis
1011 2191 1107 2288 quod
1130 2213 1151 2265 e
1174 2191 1317 2266 domiuo
1340 2199 1456 2264 nostro
1474 2187 1648 2263 Friderico

246 2313 307 2386 Dei
316 2315 425 2409 gratia
433 2316 658 2391 invictissimo
668 2319 897 2394 Romanorum
912 2320 1114 2413 imperatore
1128 2338 1264 2412 semper
1281 2325 1443 2409 anguem,
1457 2314 1646 2389 Ierusalem

245 2449 280 2510 et
291 2439 406 2515 Sicilie
418 2461 513 2536 rege,
531 2463 593 2538 per
610 2463 726 2516 sacras
737 2444 867 2518 litteras
883 2465 964 2518 suas
979 2452 1015 2516 et
1033 2464 1092 2538 per
1106 2441 1307 2536 magistrum
1318 2441 1456 2514 Petrum
1471 2439 1646 2530 delliuea,

246 2583 370 2658 magne
387 2563 573 2660 imperialis
588 2567 683 2640 curie
693 2567 868 2660 judicem,
891 2569 1034 2640 latorem
1052 2588 1192 2649 earum,
1211 2566 1403 2661 recepimus
1421 2565 1457 2636 iu
1476 2563 1648 2636 mundatis

248 2690 287 2752 ut
306 2681 352 2756 ud
375 2683 540 2760 illustrem
565 2707 683 2781 regem
700 2684 825 2782 Anglie
851 2685 1056 2761 deberemus
1080 2685 1303 2782 personaliter
1325 2705 1387 2756 nos
1410 2684 1562 2757 conterre
1584 2703 1647 2778 pro

247 2808 443 2904 recipienda
460 2807 599 2886 domiue
614 2811 760 2886 isabella
773 2825 891 2916 'sorore
905 2813 998 2907 regis
1015 2809 1183 2904 ejusdem,
1200 2830 1304 2904 quem
1322 2809 1473 2904 prelatus
1485 2809 1648 2902 magister

247 2933 365 3008 Petrus
383 2933 429 3009 de
450 2935 559 3012 Vinea
587 2946 751 3034 tanquam
776 2937 934 3033 specialis
959 2948 994 3010 et
1014 2935 1186 3029 legitimus
1209 2941 1409 3030 procurator
1435 2932 1647 3028 imperatoris

247 3059 415 3152 eiusdem,
434 3081 603 3135 consensu
618 3061 664 3136 ab
684 3084 725 3135 ea
741 3070 776 3134 et
793 3062 829 3134 iu
847 3083 925 3135 eam
949 3083 1011 3158 per
1026 3061 1134 3134 uerba
1151 3058 1197 3132 de
1214 3057 1363 3156 presenti
1380 3057 1511 3150 habito,
1527 3080 1647 3131 sacra-

247 3191 362 3256 mento
378 3183 481 3258 etiam
506 3185 725 3282 corporaliter
741 3185 881 3281 prestito
897 3185 934 3257 iu
950 3185 1065 3258 anima
1079 3194 1114 3258 et
1130 3184 1268 3256 nominc
1288 3183 1397 3280 ipsius
1412 3183 1643 3280 imperatorie,

246 3303 397 3402 legitime
414 3308 659 3407 desponsavit,
682 3331 816 3384 necnon
839 3319 874 3384 et
890 3329 954 3405 pro
970 3308 1091 3382 eudem
1116 3308 1255 3382 domina
1270 3306 1316 3381 ad
1336 3308 1450 3404 ipsum
1468 3307 1649 3382 domiuum

247 3429 486 3527 imperatorem
499 3433 655 3508 felicibus
668 3435 832 3531 auspiciis
849 3434 1067 3510 deducenda.
1084 3433 1287 3530 Recepimus
1302 3433 1406 3507 etiam
1427 3433 1463 3506 iu
1477 3433 1649 3506 mundatis

247 3577 269 3628 a
293 3555 434 3630 domiuo
461 3557 665 3654 imperatore
681 3560 811 3655 pretato
833 3567 873 3630 ut
889 3558 1028 3632 nomine
1044 3580 1108 3632 suo
1126 3569 1160 3632 et
1177 3558 1213 3630 iu
1237 3559 1311 3649 ejus
1329 3559 1444 3632 anima
1453 3560 1649 3652 juraremus

247 3681 344 3776 quod
357 3682 432 3778 ipsa
447 3681 636 3779 predictam
656 3682 831 3758 dominam
847 3683 884 3756 lu
908 3683 993 3758 lacis
1010 3684 1160 3758 Ecclesia
1185 3684 1404 3781 solempniter
1427 3673 1651 3782 desponsabit
1687 3768 1689 3776 ,

248 3815 283 3876 et
295 3805 471 3880 coronabit
486 3807 661 3898 eamdem,
682 3819 717 3882 et
733 3807 828 3906 quod
845 3809 955 3904 ipsam
967 3809 1136 3904 imperiali
1151 3808 1281 3882 bonore
1295 3820 1330 3882 et
1346 3809 1524 3886 allectione
1538 3803 1650 3888 meri*-

249 3927 307 4000 tali
325 3930 494 4004 tractabit.
515 3932 557 4006 Et
573 3931 601 4006 si
628 3933 734 4024 torte,
756 3931 851 4028 quod
876 3931 984 4024 absit,
1007 3932 1219 4026 contingeret
1235 3933 1472 4028 imperatorem
1487 3935 1649 4012 eumdem

249 4052 344 4148 prius
361 4055 397 4127 iu
412 4055 481 4129 lata
496 4054 686 4131 concedere
701 4079 807 4152 quum
826 4056 980 4153 predicta
996 4056 1112 4130 omuia
1130 4057 1381 4152 compleantur,
1401 4060 1497 4154 quod
1512 4059 1653 4138 domina

249 4175 324 4272 ipsa
334 4177 370 4249 iu
389 4199 534 4272 reguum
550 4177 675 4274 Anglie
690 4201 810 4253 secura
823 4189 858 4255 et
869 4180 976 4252 libere
991 4178 1188 4253 reducetur.
1203 4179 1305 4264 Quod
1321 4191 1572 4258 sacramentum
1590 4208 1655 4260 uos

250 4301 402 4395 prelatus
419 4303 494 4375 dux
512 4311 581 4376 tam
596 4303 641 4378 de
655 4302 794 4378 domiue
808 4302 1049 4399 desponsanda
1067 4312 1102 4376 et
1118 4303 1313 4377 coronanda
1335 4303 1512 4382 adomiuo
1533 4311 1651 4408 impe-

251 4435 361 4500 ratore
377 4448 484 4522 quam
504 4427 549 4502 dc
570 4449 611 4502 eu
634 4449 697 4524 per
715 4437 839 4502 terram
862 4437 1011 4502 nostram
1031 4426 1191 4502 ducenda
1210 4427 1255 4500 ad
1275 4450 1374 4524 eum,
1404 4441 1440 4506 et
1464 4433 1493 4507 si
1515 4434 1652 4510 sinister

251 4571 352 4624 cesus
369 4549 556 4644 accideret,
582 4551 798 4648 reducenda,
822 4553 921 4626 tactis
945 4552 1167 4626 sacrosanctis
1186 4553 1396 4649 Evangeliis,
1421 4557 1457 4628 iu
1482 4561 1656 4655 presentia

251 4675 373 4771 prelati
391 4677 482 4773 regis
489 4675 616 4771 Anglie
632 4677 835 4772 existentes,
856 4677 1072 4775 presentibus
1087 4675 1215 4751 ibidem
1228 4679 1483 4754 reuaabilibus
1493 4683 1650 4778 patribus

1709 1227 1793 1294 amitt.
1828 1225 1833 1243 '
