4320 5918
466 535 528 598 tlt
970 535 1187 601 rotoeutct
1211 539 1386 603 SECUNlll
1693 536 1773 614 [Aac.
1794 535 1882 598 liet.

469 668 554 764 quia
571 689 686 740 rerum
702 667 832 763 quihus
850 669 942 743 inest
962 671 1183 767 perfectionis
1196 674 1333 765 titulus,
1354 671 1518 769 precipuo
1535 680 1649 766 preter
1665 669 1882 744 dilectionem

470 793 533 868 Dei
547 791 673 866 dicitur
685 801 718 866 et
736 793 863 868 existat
885 803 1043 890 parentes
1065 799 1227 895 prosequi
1247 797 1431 873 devotione
1454 795 1618 870 continua
1639 805 1675 869 et
1691 795 1884 868 reverentia

472 939 541 992 oon
559 918 717 1010 remissa,
739 918 893 1015 eoquod
913 919 1042 994 exinde
1059 923 1193 997 honum
1210 924 1379 1021 presentis
1401 921 1638 996 retributionis
1655 919 1837 1016 proveniat
1851 927 1885 992 et

472 1051 607 1130 eterne,
628 1041 797 1116 nobilitati
813 1065 877 1117 sne
894 1065 957 1140 per
973 1045 1088 1120 literas
1106 1057 1239 1121 nostros
1251 1045 1305 1146 (l)
1318 1045 1411 1120 hona
1426 1043 1497 1121 lide
1521 1045 1733 1119 consulimus
1755 1053 1790 1116 et
1809 1063 1884 1115 eam

473 1167 653 1240 allectione
676 1190 746 1262 qua
763 1189 949 1264 possumus
968 1171 1193 1246 exhortamur
1215 1183 1255 1246 ut
1277 1171 1464 1270 prudenter
1485 1171 1671 1246 advertens
1691 1167 1788 1265 quod
1807 1169 1886 1242 lon-

474 1314 586 1387 gevus
603 1303 849 1389 superterram
867 1294 1026 1368 redditur
1046 1297 1108 1392 qni
1127 1305 1307 1394 parentum
1325 1297 1465 1372 honoris
1488 1296 1604 1371 studio
1624 1296 1828 1391 deputatur,
1853 1303 1886 1368 et

474 1416 571 1512 quod
595 1417 737 1492 lucerna
753 1421 829 1513 ejus
853 1418 1074 1513 extinguitur
1095 1423 1131 1494 in
1156 1423 1305 1497 tenebris
1327 1423 1389 1520 qui
1407 1421 1601 1496 maledictis
1616 1421 1760 1494 offendit
1781 1419 1887 1492 inno-

475 1543 622 1616 centiam
637 1543 820 1638 genitoris,
841 1544 871 1618 si
883 1545 979 1641 apud
995 1549 1104 1620 Deum
1119 1557 1154 1621 et
1169 1549 1328 1622 homines
1340 1547 1529 1644 prosperari
1539 1544 1714 1620 desiderat
1724 1555 1759 1618 et
1770 1543 1887 1616 matris

474 1667 624 1742 Ecclesie
645 1670 832 1765 promereri
856 1671 1002 1764 gratiam
1028 1671 1223 1748 devotionis
1239 1673 1319 1746 filiis
1336 1672 1569 1769 multipliciter
1590 1672 1819 1760 fructuosam,
1845 1667 1887 1742 ab

474 1793 721 1888 omnibusque
738 1795 952 1890 imperatoris
967 1795 1124 1890 ejusdem
1145 1798 1252 1894 patris
1274 1798 1330 1872 sui
1351 1806 1434 1872 sunt
1460 1794 1642 1870 desideriis
1666 1792 1808 1869 dissona
1834 1793 1887 1865 vel

476 1918 553 2008 ejus
566 1917 788 2012 beneplacitis
801 1939 872 1993 ooo
884 1929 1038 2016 accepte,
1051 1943 1089 1994 se
1102 1922 1241 2018 penitus
1256 1923 1441 1996 constituat
1453 1921 1625 2012 alienum,
1638 1916 1884 2012 memorquod,

476 2050 516 2112 ut
538 2041 657 2114 verbis
679 2051 816 2116 utamur
840 2065 911 2138 que
936 2045 1119 2118 missarum
1142 2047 1243 2120 nobis
1268 2069 1410 2122 suarum
1437 2045 1626 2120 litterarum
1648 2046 1756 2118 serios
1780 2043 1888 2116 oooti·

476 2163 595 2254 nebat,
614 2189 652 2239 se
668 2167 834 2262 corporali
848 2169 1024 2242 astdctum
1040 2169 1117 2266 (sio)
1132 2181 1320 2268 spontanee
1337 2175 1533 2266 juramento
1546 2169 1643 2266 qnod
1662 2167 1837 2264 quidquid
1857 2177 1889 2241 et

477 2292 610 2386 quoties
629 2293 806 2389 predictus
823 2293 1008 2390 imperator
1026 2319 1143 2370 secum
1161 2296 1358 2394 disponeret
1379 2299 1426 2372 ad
1443 2294 1709 2392 exequendum,
1736 2316 1812 2387 ore,
1836 2295 1888 2366 lit·

476 2415 557 2489 teris
576 2417 631 2490 vol
649 2417 781 2490 nuntiis
803 2419 1045 2512 demandaret,
1066 2421 1103 2497 id
1121 2424 1315 2498 voluntarie
1337 2445 1379 2496 ac
1396 2421 1572 2497 bonafide
1587 2423 1761 2518 expleret,
1780 2420 1889 2493 nihil-

476 2564 546 2636 que
571 2543 798 2618 committeret
819 2545 915 2639 quod
935 2567 1100 2644 persone,
1130 2559 1219 2624 terre
1244 2573 1306 2624 seu
1325 2571 1441 2624 rerum
1461 2547 1699 2645 prenominato
1723 2545 1811 2642 patri
1828 2565 1890 2618 suo

477 2679 612 2764 pareret
630 2669 896 2763 detrimentum3
916 2673 1086 2768 adjiciens
1099 2675 1344 2770 nihilominus,
1364 2685 1404 2748 ut
1419 2674 1617 2748 summatim
1635 2671 1741 2745 verba
1755 2680 1890 2764 tangam

477 2815 547 2888 que
565 2804 635 2869 tam
654 2796 849 2894 patentibus
866 2797 938 2872 suis
954 2801 1075 2874 litteris
1093 2802 1188 2875 bulla
1208 2825 1312 2876 aurea
1331 2799 1551 2875 communitis
1567 2820 1672 2894 quam
1687 2795 1891 2892 specialibus

480 2917 547 2991 illis
565 2942 652 3014 quas
677 2921 777 2994 nohis
797 2945 861 2996 sua
885 2925 1071 3000 destinavit
1093 2927 1233 3004 devotio
1251 2929 1486 3018 continentur,
1508 2923 1603 3021 quod
1630 2922 1755 2996 dilecto
1778 2919 1891 2994 eidem

480 3043 675 3138 imperatori
692 3046 858 3120 honorem
875 3071 938 3122 neo
956 3051 1010 3124 his
1024 3053 1178 3127 levorem
1192 3053 1408 3148 impenderet
1421 3052 1483 3147 qui
1494 3049 1558 3124 sihi
1570 3049 1755 3122 existerent
1767 3044 1889 3134 odiosi,

481 3167 567 3240 nihil
585 3181 826 3266 assumpturus
841 3171 886 3246 de
904 3184 1018 3249 cetero
1032 3178 1230 3251 laciendum
1247 3177 1344 3274 quod
1362 3177 1483 3250 merito
1500 3197 1600 3248 suam
1616 3171 1806 3246 offenderet
1825 3191 1893 3242 vo-

481 3291 667 3385 luntatem
696 3303 731 3368 et
747 3297 776 3368 si
789 3319 836 3368 ex
851 3297 957 3395 adipe
971 3299 1162 3395 iniquitatis
1181 3302 1329 3376 scienter
1347 3301 1517 3374 incideret
1533 3301 1569 3372 in
1592 3295 1736 3392 aliquod
1759 3293 1894 3391 predic-

483 3423 613 3508 torum,
648 3439 686 3491 se
714 3419 908 3494 feriendum
936 3445 1100 3497 mucrone
1131 3426 1359 3500 anathematis
1395 3423 1581 3518 obligauit,
1614 3419 1841 3518 usqueadeo
1874 3441 1895 3492 a

483 3542 725 3616 communione
759 3557 1051 3622 sacramentorum
1075 3551 1251 3645 religionis
1273 3551 1502 3625 ecclesiastice
1529 3545 1757 3642 relegandum
1786 3545 1895 3619 donec

484 3665 639 3756 ejusdem
661 3667 875 3763 imperatoris
895 3683 1029 3766 pareret
1054 3675 1279 3771 beneplacitis
1297 3685 1330 3750 ot
1352 3673 1779 3770 mandatis(t).1³reterea
1804 3669 1895 3743 idem

485 3789 612 3863 nobilis
626 3792 799 3890 principes
813 3817 932 3870 omnes
949 3807 1018 3872 tam
1036 3801 1285 3875 ecclesiasticos
1297 3823 1403 3897 quam
1423 3799 1617 3874 mundanos
1633 3805 1752 3870 contra
1769 3815 1808 3868 se
1820 3815 1896 3890 pre·

485 3912 579 3986 dicto
603 3917 798 4013 imperatori
818 3919 984 3998 adherere
1010 3925 1148 4020 statuit,
1174 3948 1255 3998 cum
1280 3949 1342 4024 per
1363 3925 1526 3999 eumdem
1551 3945 1656 4021 super
1676 3921 1745 3996 hoc
1774 3919 1898 3993 luerim

485 4041 658 4136 requisiti,
687 4065 733 4118 ex
760 4054 843 4120 tuno
866 4069 987 4124 omnes
1011 4051 1096 4126 alios
1117 4053 1295 4150 principes
1318 4051 1533 4128 absolvendo
1555 4051 1616 4146 qui
1644 4049 1710 4121 sihi
1727 4045 1899 4121 fidelitatis

524 4295 560 4370 (t)
579 4293 636 4355 Sub
648 4299 751 4360 eisdem
764 4303 912 4378 uocabulis,
924 4307 1034 4367 mutatis
1042 4313 1148 4368 tantum
1161 4311 1306 4384 mutandis,
1320 4311 1435 4387 scriptas
1448 4310 1531 4369 luisse
1544 4309 1686 4384 opinamur
1697 4305 1747 4363 has
1759 4304 1823 4363 aliti
1833 4316 1900 4376 ‹1¹1ss

488 4394 541 4470 ipsi
552 4395 666 4456 lieunoo
679 4399 775 4458 direxit
787 4419 859 4478 papa
879 4403 990 4464 litteras.
1005 4407 1145 4482 Nusquam
1158 4415 1248 4468 umen
1262 4411 1325 4469 alibi
1337 4411 1371 4469 de
1388 4411 1428 4470 eis
1440 4409 1605 4470 mundonem
1622 4408 1680 4468 sire
1691 4403 1813 4462 oolibam
1826 4401 1900 4458 inre·

488 4493 546 4550 nire
557 4495 701 4566 potuimus.

526 4592 561 4666 (ἲ)
581 4595 664 4652 Totus
677 4595 721 4653 ille
734 4595 808 4655 locus
821 4601 910 4674 magni
930 4606 1056 4662 momenti
1078 4605 1108 4662 lit
1128 4613 1158 4663 ut
1178 4623 1372 4682 cognoscamus
1391 4609 1456 4683 quid
1476 4607 1580 4668 litterae
1598 4603 1706 4664 hienrici
1720 4599 1804 4674 regis,
1820 4595 1900 4654 hodie

488 4687 656 4765 deperditae,
672 4693 845 4757 continerent.
862 4699 903 4758 Cl.
916 4715 1011 4776 supra,
1025 4719 1054 4778 p.
1070 4707 1133 4776 325,
1149 4711 1204 4763 not.
1215 4710 1241 4763 t.
