4288 5912
200 574 301 636 rrae.
316 573 361 652 a]
649 575 845 638 armonia
869 576 1158 642 urraouarrca
1547 585 1607 646 aar

199 711 379 807 presertim
394 731 473 784 eum
490 708 598 805 pedes
616 711 684 784 siut
703 731 823 806 paoem
839 713 1148 805 evangelizantium
1172 714 1337 808 speciosi;
1359 737 1420 790 uos
1437 717 1520 812 quia
1544 720 1606 792 vi-

199 837 316 908 carius
338 835 419 908 lioet
436 833 606 909 immerite
617 856 738 908 sumus
753 837 830 928 ejus
851 835 889 910 in
906 836 1004 910 terris
1021 836 1083 929 qui
1100 857 1219 931 paoem
1238 837 1385 931 diligens
1408 861 1484 912 eam
1510 841 1606 916 dedit

194 961 272 1058 ¹suis
296 959 474 1054 discipulis
496 971 531 1034 et
548 959 704 1054 reliquit,
728 961 1002 1056 solutionemque
1019 961 1182 1036 libentius
1203 963 1380 1056 querimus
1399 985 1503 1057 quam
1523 967 1604 1038 vin-

199 1085 317 1158 culum
336 1086 547 1173 animarum,
572 1081 748 1158 devotioni
777 1092 835 1158 tua
858 1086 1068 1180 presentium
1091 1087 1291 1160 auctoritate
1322 1087 1543 1162 concedimus
1567 1101 1605 1162 nt

199 1209 305 1284 nobili
320 1209 396 1282 viro
408 1208 558 1300 Festino,
576 1208 714 1282 civibus
727 1211 980 1283 Veronensibus
997 1220 1031 1283 et
1048 1213 1238 1286 fautoribus
1250 1214 1450 1286 eorumdem
1464 1235 1604 1288 excom·

198 1334 384 1408 manicatis
411 1357 432 1406 a
455 1333 580 1406 dilecto
609 1333 681 1406 lilio
705 1343 819 1408 nostro
840 1336 966 1409 lacobo
990 1337 1188 1410 Prenastino
1209 1339 1317 1410 eleeto
1343 1347 1378 1409 et
1403 1337 1527 1412 Ottone
1552 1339 1603 1434 (a)

198 1458 313 1534 Sancti
327 1457 456 1532 Nioolai
474 1458 511 1532 in
526 1478 661 1532 carcere
676 1459 833 1532 Tulliano
851 1458 998 1532 diacono
1016 1460 1201 1552 cardinali,
1221 1470 1304 1534 tunc
1320 1462 1439 1554 legatis
1456 1461 1603 1558 Aposto-

197 1585 262 1658 lice
282 1583 400 1676 Sedis,
425 1583 482 1656 rel
505 1583 552 1656 ab
572 1583 649 1656 aliie
672 1583 851 1676 jndicibus
871 1583 1036 1678 delegatis
1052 1607 1075 1657 a
1090 1585 1206 1675 uobis,
1233 1586 1412 1658 occasione
1425 1585 1603 1666 ,discordie

196 1729 264 1803 que
290 1709 469 1802 hucusque
497 1707 671 1780 civitatem
702 1708 932 1780 veronensem
961 1709 1153 1796 lacessivit,
1185 1710 1329 1803 receptis
1354 1709 1602 1782 sufficientibus

197 1833 415 1906 cantionibus
429 1833 475 1905 ab
490 1831 621 1906 eisdem
640 1853 702 1927 pro
717 1853 802 1927 paoa
816 1833 974 1906 iacienda
991 1841 1026 1905 et
1040 1832 1210 1907 servanda
1227 1843 1261 1906 et
1279 1843 1317 1904 nt
1334 1833 1505 1906 mandatis
1522 1855 1603 1906 nos·

197 1958 258 2028 tris
275 1957 425 2030 debeant
442 1956 596 2046 obedire,
617 1957 728 2050 possis
741 1977 845 2052 super
861 1957 969 2029 forma
986 1958 1139 2030 Ecclesia
1155 1957 1377 2030 absolutionis
1394 1957 1600 2030 beneficium

196 2081 381 2176 impertiri,
405 2103 447 2154 ao
471 2081 508 2152 in
532 2101 612 2171 eos,
635 2080 665 2152 si
688 2082 887 2154 salubribus
912 2080 1084 2154 mandatis
1107 2101 1177 2176 que
1200 2081 1285 2177 ipsis
1310 2103 1416 2177 super
1440 2080 1602 2175 predictis

196 2207 339 2279 dormis
364 2205 540 2293 socienda,
562 2205 717 2279 resistere
743 2208 829 2280 torta
852 2207 1142 2302 presumpserint,
1163 2207 1390 2303 appellatione
1412 2207 1599 2302 postposita

195 2351 357 2403 censuras
372 2329 525 2402 lloolesic
541 2351 702 2403 exercere
719 2331 749 2426 (l
759 2330 786 2426 ).

241 2457 366 2528 Datum
380 2453 551 2549 Anagnia,
567 2456 668 2530 nonis
680 2456 832 2550 augusti,
850 2454 1067 2551 pontificatus
1083 2455 1189 2529 nostri
1204 2477 1297 2530 auno
1314 2457 1387 2530 Vll.

1275 2769 1382 2780 -q—-d

244 3043 448 3154 Gregorius
475 3067 574 3152 papa
596 3042 790 3153 querelam
814 3039 991 3124 Friderioi
1014 3039 1250 3148 imperatoris
1269 3041 1420 3146 refellit,
1441 3042 1507 3151 qui
1530 3069 1597 3150 per

92 3275 96 3282 ἱ
189 3176 334 3260 litteras
351 3177 608 3260 cardinalibus
627 3176 785 3285 scriptas
803 3175 857 3256 nil
878 3174 949 3256 sibi
967 3175 1016 3258 de
1035 3173 1183 3283 injuriis
1202 3201 1225 3256 a
1243 3173 1465 3258 Lombardis
1483 3176 1597 3258 illatis

190 3311 453 3395 satisfactionis
480 3312 704 3420 praestitum
734 3309 852 3392 fuisse
879 3317 1111 3418 conquestus
1135 3319 1242 3414 erat,
1272 3307 1435 3418 qualiter
1461 3309 1499 3388 in
1526 3309 1599 3390 hae

187 3445 401 3553 provisione
424 3445 633 3527 seeundum
650 3443 839 3553 justitiam
867 3451 904 3524 et
928 3442 1118 3526 rationem
1141 3442 1259 3550 egerit
1290 3442 1461 3550 exponit,
1488 3467 1597 3520 nun·-

187 3577 286 3659 tians
317 3587 444 3660 tamen
481 3577 676 3686 negotium
708 3577 747 3656 in
781 3583 924 3656 statum
956 3574 1161 3683 pristinum
1194 3565 1304 3682 posse
1334 3574 1485 3680 reduci,
1511 3572 1598 3688 jure

187 3709 520 3820 utriusquepartis
537 3710 687 3820 integro
704 3717 936 3791 remanente.

267 3910 403 3991 (Edlder.
418 3911 589 3987 Buranun„
605 3909 713 3974 Anool.
730 3908 841 3982 scobs..
861 3917 935 3972 tom.
951 3909 1178 3982 XX1,adaun.
1197 3917 1288 3980 tata,
1303 3914 1317 3979 s
1331 3907 1445 3981 XXIX,
1461 3914 1594 3986 erogent.

306 4017 441 4097 Gregor„
456 4019 509 4080 lib.
525 4019 592 4090 Vll,
609 4029 640 4078 n⁰
655 4017 923 4092 269.-Sarron1,
938 4013 1046 4076 Aonol.
1064 4011 1194 4097 Bolopn,
1210 4022 1234 4074 t.
1249 4015 1304 4088 111,
1320 4032 1349 4091 p.
1371 4013 1450 4092 tat.)

226 4192 268 4272 (a)
291 4191 349 4268 Ap.
364 4192 452 4254 Verel
462 4189 541 4267 olim,
556 4191 645 4252 male.

1274 4333 1585 4344 ...n-..nuum

218 4429 254 4504 (t)
273 4430 370 4486 Pacem
385 4433 475 4488 autem
487 4427 651 4504 praedicavit
661 4427 743 4486 trater
759 4425 894 4484 lohannes
905 4425 1034 4484 vicesimo
1045 4429 1139 4482 octavo
1149 4423 1192 4480 dis
1203 4421 1324 4496 ejusdam
1336 4423 1438 4478 mensis
1449 4420 1552 4494 augusti
1567 4420 1594 4476 in

184 4527 294 4584 solemni
307 4528 434 4586 concione
445 4527 673 4602 apudPaquaram
685 4524 747 4598 (vid.
763 4525 968 4582 instrumentum
981 4540 1025 4598 ap.
1040 4520 1383 4594 Moutroar,rlotiq.1tol„
1397 4525 1415 4574 t.
1427 4520 1472 4589 ΙΙΙ,
1481 4537 1508 4592 p.
1520 4517 1590 4590 titt),

185 4624 212 4680 in
229 4641 284 4698 qua
298 4625 349 4684 luit
361 4625 510 4684 ordinatum
523 4621 721 4682 matrimonium
734 4623 803 4680 inter
817 4621 958 4681 Riualdum
980 4619 1062 4677 filiurn
1082 4619 1241 4677 marchionis
1257 4617 1376 4675 listsnsis
1394 4621 1422 4674 et
1441 4615 1594 4673 adelaidem

185 4719 266 4779 liliam
279 4721 395 4781 Alberlci
409 4721 443 4781 ds
457 4723 576 4781 Romano
587 4719 810 4781 conuabeudum.

1645 3065 1771 3120 Anagniae,

1641 3121 1666 3162 12
1679 3121 1778 3172 augusti.
