4288 5912
244 560 406 646 remu]
658 523 661 530 ⁴
696 553 893 616 arsronrn
920 553 1213 619 orrnorrnrrcn.
1598 553 1660 616 aas

246 694 355 768 sessio
373 694 410 766 in
428 691 545 788 plures
559 687 716 784 dispersa
729 708 799 762 non
816 687 965 784 deperit,
987 698 1021 761 et
1032 687 1215 762 distributa
1226 707 1287 784 per
1300 695 1411 784 partes
1423 686 1660 761 minorationis

246 817 451 893 detrimenta
461 835 531 889 non
544 813 665 904 sentit,
681 811 796 887 sedeo
806 811 1004 886 diuturnius
1015 822 1216 911 perpetuata
1230 812 1388 906 senescit,
1405 833 1475 908 quo
1486 811 1660 910 publicata

245 939 431 1018 fecundius
449 961 488 1014 se
512 935 677 1013 diffundit
697 963 707 1009 ε
730 935 931 1030 hujusmodi
955 939 1067 1012 celare
1084 939 1211 1012 laboris
1229 938 1459 1012 emolumenta
1475 938 1656 1029 nolumus,

245 1087 311 1140 nec
328 1064 568 1140 estimavimus
583 1083 646 1136 noe
663 1059 786 1136 eadem
802 1061 948 1136 retinere
962 1062 1177 1157 jucundum,
1197 1062 1264 1137 nisi
1282 1062 1368 1136 tanti
1383 1061 1465 1136 boni
1477 1061 1659 1136 nobiscum

246 1191 335 1266 alios
352 1189 537 1288 participes
555 1187 761 1262 faceremus.
783 1185 1047 1262 Considerantes
1066 1197 1303 1264 verumtamen
1321 1208 1471 1283 quornm
1489 1208 1661 1284 conspec-

244 1315 357 1408 tihns,
386 1335 605 1411 quorumque
628 1311 774 1406 jndiciis
801 1311 915 1410 operis
941 1311 1031 1410 cepti
1062 1311 1212 1410 primitie
1244 1321 1384 1410 possent
1412 1311 1591 1386 decentius
1608 1309 1659 1410 (c)

246 1437 408 1536 deputari
427 1435 501 1534 (h):
522 1459 603 1512 ecce
615 1437 716 1510 vohis
733 1436 926 1534 potissime,
955 1438 1052 1510 velut
1069 1435 1285 1534 philosophie
1310 1436 1473 1532 preclaris
1488 1435 1656 1529 alumnis,

245 1561 292 1638 de
308 1584 456 1660 quornm
474 1561 672 1660 pectoribus
693 1562 927 1660 promptuaria
945 1561 1047 1659 plena
1065 1563 1195 1652 llunnt,
1215 1561 1321 1635 libros
1336 1562 1469 1656 aliquos
1482 1583 1571 1658 quos
1588 1583 1659 1634 cu-

245 1687 377 1762 riosum
399 1685 555 1760 studium
574 1687 816 1760 translatorum
835 1695 870 1760 et
892 1687 1012 1782 lingue
1035 1689 1108 1780 jam
1135 1685 1183 1785 (c)
1200 1687 1313 1783 potuit
1338 1683 1449 1760 lidelis
1466 1687 1656 1780 instruere,

246 1812 404 1884 consulte
420 1810 637 1907 providimus
658 1809 905 1906 presentandos
921 1812 978 1884 vel
999 1810 1234 1885 destinandos.
1254 1811 1324 1884 Vos
1341 1810 1448 1904 igitur
1462 1810 1528 1882 viri
1545 1809 1656 1900 docti,

246 1934 309 2028 qui
336 1933 382 2008 de
404 1933 563 2008 cisternis
586 1934 761 2008 veteribus
784 1956 894 2030 aquas
913 1956 1022 2009 novas
1045 1934 1233 2031 prudenter
1252 1932 1418 2026 educitis,
1442 1934 1502 2028 qui
1529 1933 1659 2007 fluenta

245 2057 411 2130 melliflua
420 2055 471 2154 (d)
483 2057 680 2130 sitientibus
688 2058 790 2132 lahiis
801 2059 1001 2156 propinatis,
1017 2059 1226 2156 librosipsos
1237 2069 1401 2154 tanquam
1411 2059 1600 2131 exennium
1613 2056 1659 2155 (e)

245 2180 349 2254 amici
367 2181 499 2256 Cesaris
510 2191 682 2278 gratantm
700 2183 858 2279 accipite,
869 2192 904 2258 et
917 2183 1010 2280 ipsos
1021 2183 1171 2278 antiquis
1183 2181 1462 2278 philosophorum
1478 2183 1653 2278 operibns,

247 2306 310 2400 qni
328 2305 426 2378 vocis
439 2315 553 2380 vestre
567 2307 764 2380 ministeriis
772 2307 1000 2400 reviviscunt,
1022 2329 1242 2403 quorumque
1259 2307 1395 2381 nutritis
1413 2309 1552 2400 famam,
1573 2305 1657 2380 dum

248 2429 413 2526 dogmata
429 2431 579 2504 sternitis
599 2432 771 2528 sapienter
789 2431 839 2530 (Ι)
857 2441 898 2506 ut
914 2432 1074 2531 expedit,
1094 2443 1339 2529 aggregantes,
1358 2454 1418 2508 eos
1435 2433 1471 2504 in
1487 2431 1659 2506 auditorio

246 2563 379 2646 vestro,
404 2555 441 2626 in
459 2576 530 2650 quo
546 2556 657 2649 gratia
677 2556 846 2630 virtutum
867 2557 1063 2648 lrnctilioat‚
1091 2559 1215 2632 erroris
1232 2558 1356 2654 rubigo
1373 2558 1603 2650 consumitur,
1624 2566 1660 2630 et

246 2679 384 2754 lamntis
407 2681 577 2777 scripture
598 2682 748 2758 varietas
771 2686 941 2780 aperitur,
970 2693 1045 2756 tum
1061 2684 1226 2758 mittentis
1238 2683 1288 2778 (p)
1302 2685 1420 2758 lavore
1439 2683 1654 2777 commoniti,

247 2813 322 2877 tum
347 2805 430 2878 clari
450 2805 641 2879 transmissi
663 2807 778 2904 operis
803 2808 935 2882 meritis
958 2809 1133 2905 persuasi,
1168 2808 1213 2882 ad
1237 2829 1454 2882 communem
1478 2809 1659 2884 utilitatem

247 2928 461 3004 studentium
476 2940 511 3004 et
525 2929 699 3005 evidentis
715 2933 807 3006 fame
821 2941 938 3007 nostre
952 2933 1151 3030 preconium
1164 2933 1345 3030 publicetis
1360 2931 1427 3030 (4).

290 3103 333 3186 (α)
355 3105 392 3166 ln
411 3107 548 3169 omnlhus
569 3103 724 3186 4144444444,
741 3063 822 3187 guod
844 3109 1012 3172 Mehuslum
1034 3112 1067 3171 ln
1087 3112 1142 3172 vlt.
1162 3109 1658 3193 Ambros.(1amsld.secull,cor·

246 3213 381 3292 rlglmus.

289 3315 333 3399 (4)
353 3319 436 3380 Allss
448 3317 599 3399 deponor-i,
614 3322 714 3382 minus
725 3327 815 3383 recte.

291 3423 326 3504 (c)
353 3425 390 3486 ln
403 3428 553 3504 impressis
564 3443 633 3488 nort
647 3426 824 3508 Corrlglmm
837 3445 876 3492 ex
889 3428 1012 3508 eplstole
1024 3427 1181 3492 hlanlredl.

291 3529 334 3612 (d)
356 3531 437 3594 Allas
449 3529 604 3614 madidata.

289 3636 330 3719 (a)
356 3637 439 3700 altas
448 3640 604 3720 praciam.

291 3745 343 3825 (s)
358 3747 439 3808 llaec
451 3752 579 3824 quatrmr
590 3746 682 3809 verbe
693 3749 726 3808 ln
738 3749 861 3828 epistola
870 3748 1018 3812 lllanlredl
1030 3750 1147 3812 desunt.

291 3846 334 3928 (9)
355 3847 436 3910 Allss
445 3847 599 3929 principis.

286 4109 323 4185 (4)
341 4111 380 4169 De
394 4117 514 4186 tempore
534 4129 587 4187 quo
599 4113 667 4172 haec
679 4115 779 4188 scripta
794 4115 874 4173 merit
886 4115 1036 4191 encyclica,
1050 4133 1103 4175 non
1116 4117 1186 4175 hene
1196 4121 1310 4174 constat.
1329 4117 1454 4190 Legimus
1475 4124 1566 4176 auum
1587 4121 1660 4194 apud

247 4207 392 4282 Rogerium
412 4209 562 4282 haconem,
581 4211 654 4286 Opus
671 4213 776 4288 majos,
788 4230 817 4288 p.
839 4217 873 4272 36
887 4231 894 4270 :
908 4233 922 4269 t
935 4214 970 4272 llt
990 4215 1051 4272 licat
1063 4215 1114 4272 alia
1131 4213 1250 4290 logicalia
1264 4220 1293 4272 et
1305 4215 1437 4289 quaedam
1458 4215 1509 4274 alia
1531 4219 1661 4279 translata

248 4305 357 4362 luerunt
369 4323 419 4380 per
430 4307 552 4366 matium
570 4308 605 4366 de
618 4323 722 4382 graeco,
738 4315 828 4368 umen
841 4317 956 4388 tempore
969 4311 1086 4372 llichort
1095 4311 1170 4370 Secti
1180 4315 1229 4388 par·
1239 4313 1319 4370 uach
1332 4313 1497 4372 aloem
1513 4319 1660 4374 transactis

247 4405 392 4477 opponit,
406 4403 530 4462 deferens
544 4405 673 4464 librorum
685 4408 836 4468 Aristotelis
846 4416 937 4486 partes
948 4409 1051 4484 aliques
1062 4411 1096 4468 de
1111 4410 1276 4468 naturalibus
1286 4415 1314 4467 et
1328 4410 1523 4471 mathematicis
1536 4429 1597 4472 crsm
1609 4431 1661 4474 sx-

247 4500 411 4574 positoribus
429 4503 607 4577 sapientibus,
621 4505 788 4580 magnificata
811 4513 853 4566 cst
873 4509 1023 4566 Aristotelis
1045 4507 1215 4584 philosophia
1236 4508 1308 4584 apud
1328 4509 1444 4568 Latinos.
1459 4529 1473 4564 s
1486 4511 1515 4570 si
1537 4513 1660 4572 conferas

247 4611 319 4670 qrrae
338 4613 421 4674 supra
434 4601 576 4660 retulimus
586 4603 621 4661 ds
634 4609 753 4680 empore
767 4623 821 4690 quo
841 4606 1027 4666 translationes
1041 4623 1057 4665 a
1071 4605 1201 4666 Michaele
1215 4607 1295 4666 Scoto
1307 4606 1395 4666 iactae
1408 4607 1531 4682 vulgatae
1551 4609 1659 4671 luerunt

248 4693 290 4768 (p.
304 4699 371 4857 3814γ
370 4701 398 4753 et
408 4702 464 4755 not.
475 4697 513 4772 t),
528 4699 594 4760 satis
609 4701 683 4776 juste
698 4703 828 4778 suspicari
840 4705 942 4779 poteris
953 4711 1010 4763 tum
1022 4703 1225 4780 compilationes
1235 4706 1331 4765 varim
1343 4721 1411 4781 quas
1421 4715 1551 4766 memorat
1562 4709 1658 4772 Fride-

373 4837 384 4856 .
1459 4814 1498 4868 49
