4372 5918
777 583 907 646 nuent
931 579 1121 642 srcmran
1614 586 1652 648 31

241 731 387 817 mentis,
412 747 483 823 que
506 733 623 800 tamen
645 743 716 798 non
739 723 882 796 timeant
902 719 1037 808 iterari;
1060 727 1143 790 tnnc
1164 717 1257 794 illins
1273 720 1358 811 loci,
1374 721 1410 794 in
1433 742 1504 816 quo
1522 721 1657 798 maleb-

239 858 333 928 cinm
351 848 555 946 hujusmodi
572 847 795 922 commissum
811 866 889 920 esse
907 843 1136 940 dignoscitur,
1154 842 1445 943 possessores(a),
1465 845 1495 920 si
1513 846 1655 942 quidem

240 977 446 1052 christianus
469 973 573 1048 luerit
594 973 656 1068 qni
673 973 841 1069 reperitur
863 969 1017 1054 occisus,
1036 975 1174 1042 centnm
1198 970 1432 1062 augustalium
1455 971 1584 1044 mulcta
1603 973 1655 1046 ie·
1782 1011 1788 1026 ι

240 1100 380 1176 riendos
401 1097 672 1190 essejnbemus3
696 1096 827 1170 duero
843 1092 975 1168 ludens
992 1101 1054 1166 aut
1066 1093 1260 1166 saracenus
1272 1093 1330 1182 sit,
1348 1095 1385 1166 in
1405 1095 1535 1190 quibus
1555 1105 1656 1190 prout

239 1235 333 1300 certo
355 1221 627 1320 perpendimus,
659 1219 925 1293 christianornm
948 1217 1142 1312 persecutio
1167 1217 1270 1290 nimis
1295 1217 1449 1292 abundat
1479 1217 1547 1317 [ad
1573 1241 1657 1315 pre·

240 1369 321 1420 sans
345 1341 433 1442 (h)],
462 1345 499 1417 in
526 1343 782 1440 qninquaginta
811 1339 1054 1436 augustalibus
1082 1339 1312 1436 predictorum
1346 1343 1498 1416 locorum
1526 1344 1656 1419 incolas

240 1472 351 1544 erario
382 1478 499 1543 nostro
522 1464 741 1564 applicandis
775 1463 994 1540 damnandos
1015 1485 1092 1536 cese
1113 1485 1293 1538 censemus
1310 1462 1375 1562 (l).
1403 1465 1513 1552 Quem
1538 1469 1654 1564 inqui-

281 1643 327 1727 (α)
348 1644 461 1708 Graeca
473 1659 543 1705 vero
554 1639 676 1718 saeua
688 1639 837 1710 κατοίκους.

279 1750 324 1833 (h)
343 1752 435 1814 Deest
446 1753 479 1812 tn
492 1765 609 1829 graeco,
624 1755 746 1812 atcerte
759 1750 855 1811 abana
868 1763 960 1810 mann
978 1747 1114 1808 anctum
1129 1745 1195 1806 tutt.

276 2095 311 2171 (t)
329 2095 434 2152 lturstrs
446 2093 558 2152 aaran
569 2091 685 2167 exempli
696 2107 778 2150 causa
790 2091 959 2166 imperatoris
969 2091 1128 2149 sententiaro
1138 2091 1262 2151 addimus
1274 2108 1308 2150 ex
1318 2093 1405 2152 Parar
1418 2109 1454 2152 ns
1464 2094 1650 2170 Vru.,Epr’st.,

239 2194 286 2252 lib.
300 2195 334 2263 V,
350 2207 412 2266 cap.
427 2189 524 2262 etun
539 2207 622 2266 quam
645 2207 680 2248 ex
701 2187 840 2248 codicibus
859 2189 911 2247 snb
923 2187 1048 2246 nitidiora
1065 2187 1150 2248 torma
1169 2189 1341 2260 exhibemus,
1355 2195 1385 2247 nt
1398 2191 1520 2265 qucibrr
1534 2209 1541 2248 ι
1554 2211 1568 2246 a
1583 2193 1652 2264 Quia

241 2289 465 2370 »eomtatnobia
477 2305 527 2364 per
539 2287 738 2364 inquisitionem
751 2285 850 2346 ladam
872 2301 922 2361 pm
941 2285 973 2344 Τ.
988 2285 1172 2346 vicecomitem
1193 2286 1227 2344 de
1248 2287 1374 2346 mandato
1395 2289 1497 2358 riostro,
1518 2291 1651 2364 quoddam

241 2409 255 2442 ι
272 2389 443 2448 homicidium
456 2387 540 2446 luisse
552 2387 726 2446 commissum
738 2385 766 2442 in
779 2384 911 2442 territorio
922 2383 1037 2442 civitatis
1100 2383 1135 2442 de
1145 2385 1261 2458 quodam
1272 2385 1380 2444 homine
1392 2387 1438 2462 qui
1452 2388 1482 2444 P.
1495 2388 1651 2460 vocabatur,

240 2509 255 2542 s
271 2506 319 2564 pro
333 2503 367 2546 eo
379 2487 453 2562 qued
467 2485 600 2544 homicida
613 2491 709 2561 captus
722 2499 776 2543 non
791 2483 842 2541 luit
860 2499 913 2540 nec
925 2481 1051 2541 detentus
1061 2483 1138 2556 juxta
1152 2483 1344 2542 ordinationem
1365 2483 1462 2542 iactam
1482 2502 1532 2560 per
1547 2501 1597 2544 nos
1617 2485 1652 2544 de

241 2605 255 2638 a
270 2585 407 2660 capiendis
418 2591 446 2642 et
459 2583 609 2644 detinendis
621 2582 813 2642 homicidiariis
826 2585 855 2639 et
870 2579 1103 2653 malefactoribus,
1118 2579 1179 2639 ideo
1196 2581 1294 2638 dictam
1314 2583 1531 2640 communitatem
1551 2587 1579 2640 et
1597 2583 1652 2642 bo-

240 2703 255 2736 s
273 2684 358 2741 mines
369 2683 433 2741 dicti
445 2681 595 2740 communis
606 2682 749 2740 anteritate
761 2679 841 2738 officii
855 2679 940 2738 nostri
953 2679 1031 2738 robis
1044 2681 1189 2752 commissi,
1199 2679 1228 2737 in
1238 2681 1431 2754 qninquaginta
1441 2681 1518 2738 libris
1528 2681 1654 2740 duximru

240 2801 256 2834 ι
271 2780 499 2850 condemnandos,
516 2779 651 2838 solvendis
668 2779 732 2836 hinc
748 2777 783 2836 ad
802 2777 874 2835 dem
890 2777 984 2834 decem
1000 2777 1038 2834 hl.
1061 2778 1193 2854 receptori
1214 2779 1343 2852 munio,
1358 2778 1436 2837 vobis
1457 2778 1493 2836 ab
1518 2779 1651 2854 imperiali

241 2898 257 2931 s
271 2879 426 2937 celsitudine
438 2878 575 2954 deputato,
588 2877 639 2934 sub
652 2891 739 2950 poena
752 2875 843 2950 dupli;
858 2873 996 2933 moderata
1012 2890 1101 2948 poena
1116 2881 1223 2932 centum
1235 2874 1394 2932 talentorum
1408 2873 1505 2932 indicta
1517 2883 1545 2934 et
1558 2875 1651 2951 impc-

243 2995 257 3028 s
272 2977 321 3034 sita
334 2993 384 3051 per
394 2992 445 3035 nos
462 2975 497 3034 de
517 2973 726 3034 condemnandis
738 2972 805 3046 tleq.
821 2971 1005 3046 clandestinis]
1020 2971 1186 3044 homicidiis,
1205 2977 1314 3046 propter
1327 2971 1460 3030 modicam
1474 2973 1650 3046 quantitatem

242 3093 257 3123 ι
271 3071 407 3130 hominum
428 3077 457 3130 et
478 3087 573 3130 eornm
594 3071 677 3130 etiam
696 3075 894 3145 paupertatem.
909 3069 993 3128 »Vox
1007 3069 1113 3128 talento
1126 3086 1176 3144 pro
1189 3067 1382 3143 augustalibus
1398 3069 1539 3144 accipitur,
1553 3069 1603 3129 nisi
1617 3071 1651 3132 de

238 3169 428 3228 communitate
442 3177 538 3243 agatur
550 3177 626 3228 extra
639 3185 752 3244 regnum
763 3167 869 3228 Siciliae
888 3168 987 3242 posita.
1001 3169 1090 3226 Poena
1109 3175 1200 3226 antem
1221 3173 1330 3226 centurn
1348 3167 1528 3241 augustalium
1541 3168 1653 3228 mibbet

240 3265 407 3325 universitati
419 3266 546 3341 imposita
560 3271 667 3324 tantum
688 3265 739 3324 snb
753 3263 847 3324 Cmnlo
864 3265 876 3322 l
894 3265 1081 3338 ⁴indagavensi
1099 3265 1127 3322 in
1145 3264 1347 3340 oppressionem
1367 3265 1512 3324 multorum
1534 3268 1652 3327 meent

240 3367 271 3418 nt
283 3361 394 3420 &relus
406 3362 600 3436 primogenitus
613 3361 682 3420 filius
702 3363 762 3436 ejus
783 3378 854 3420 anno
868 3363 938 3419 taes
953 3379 1013 3422 eam
1027 3363 1060 3421 ad
1074 3369 1193 3422 tenorem
1207 3363 1405 3422 constitutionis
1418 3366 1535 3436 ceteris,
1550 3365 1653 3424 scilicet

240 3459 456 3528 Fredericianse,
469 3461 620 3528 mdnxerit‚
634 3459 760 3518 iocularia
774 3460 960 3534 distinguendo
974 3479 982 3517 ι
998 3461 1099 3520 scilicet
1110 3477 1160 3536 pro
1180 3461 1254 3520 mille
1266 3461 1414 3534 foculariis,
1428 3469 1536 3520 centum
1549 3477 1652 3537 augus-

241 3559 323 3629 tales,
339 3575 389 3634 pro
409 3559 564 3634 quingentis
584 3565 613 3617 et
625 3558 697 3616 ultra
711 3559 919 3632 quinquaginta,
933 3575 984 3634 pro
1002 3567 1109 3617 centnm
1123 3567 1153 3618 et
1168 3559 1239 3616 ultra
1250 3560 1342 3633 viginti
1354 3560 1489 3634 quinque,
1502 3567 1555 3618 etc.
1574 3561 1652 3620 Unde

242 3654 361 3714 inbnlla
385 3655 496 3714 Eunoni
514 3657 550 3714 tv
567 3671 638 3714 anne
652 3657 722 3713 ⁴2⁸5
741 3655 814 3714 circa
837 3657 1051 3716 reformationem
1075 3659 1150 3733 regni
1167 3659 1253 3730 edita,
1267 3659 1333 3716 baec
1348 3657 1480 3731 legimus:
1496 3661 1550 3716 rln
1564 3659 1652 3718 bomi-

243 3752 347 3810 »cidiis
364 3752 537 3810 clandestinis
550 3753 714 3828 providendo
732 3753 896 3828 precipimus
910 3755 975 3812 nibil
989 3756 1058 3812 ultra
1077 3772 1146 3830 pene
1168 3756 1280 3814 interius
1297 3761 1420 3814 annotate
1440 3757 1475 3813 ab
1492 3757 1653 3815 universita-

243 3867 257 3899 s
272 3849 342 3908 tibus
356 3851 533 3924 exigendum,
550 3851 677 3909 videlicet
690 3858 720 3908 ut
740 3867 789 3926 pro
807 3852 955 3910 christiano
972 3869 1052 3928 quem
1067 3853 1229 3910 clandestine
1243 3855 1360 3912 occisum
1383 3855 1496 3912 inveniri
1516 3856 1655 3930 confingat

243 3945 336 4003 »dtra
350 3954 460 4004 centum
480 3947 645 4022 augustales,
660 3965 710 4023 pro
731 3949 815 4006 ludeo
836 3965 902 4008 vero
925 3951 968 4006 vel
990 3951 1136 4008 sarraceno
1154 3951 1224 4006 ultra
1247 3952 1437 4024 qninquaginta
1458 3952 1525 4009 nihil
1546 3953 1654 4026 penitus

244 4043 402 4117 »oximum
416 4050 558 4118 annuento
572 4045 729 4118 quodcirca
741 4045 862 4104 eamdem
876 4061 974 4119 penam
992 4047 1062 4102 idern
1087 4063 1133 4104 rex
1150 4047 1271 4120 (camina
1287 4047 1314 4120 Ι)
1328 4047 1426 4106 dicitnr
1443 4049 1579 4107 induxisse
1592 4065 1655 4108 om-

245 4144 336 4202 anino
355 4143 472 4217 ahtau,
485 4145 629 4220 presertim
651 4160 713 4202 curn
729 4144 870 4202 memorati
883 4161 931 4202 rex
945 4152 973 4202 et
985 4145 1178 4220 primogenitus
1195 4145 1317 4203 dicentur
1337 4147 1407 4206 idem
1428 4165 1476 4222 per
1498 4164 1563 4206 suas
1581 4163 1654 4206 con-

244 4241 421 4301 »cannones
438 4243 543 4302 novius
564 4243 709 4316 statuisse;
728 4259 797 4318 quas
809 4244 898 4318 quoad
912 4243 963 4301 hec
975 4244 1116 4302 statuimus
1138 4244 1324 4302 inviolabiliter
1341 4245 1540 4318 observandas,
1555 4251 1583 4304 et
1603 4247 1654 4304 bec

245 4339 380 4413 »intelligi
399 4347 502 4398 tantum
523 4341 550 4398 in
571 4341 721 4401 homicidiis
734 4357 799 4400 vere
817 4341 988 4398 clandestinis
1008 4341 1036 4397 in
1058 4341 1158 4414 quibus
1178 4343 1315 4415 ignoratur
1333 4343 1468 4400 maleficus
1490 4360 1540 4400 nec
1558 4344 1654 4417 aliquis

245 4452 258 4484 a
273 4441 410 4494 aecusator
418 4444 540 4512 apparet.
551 4437 714 4512 Adjicientes
727 4437 799 4511 qnod
811 4453 865 4495 non
879 4437 931 4496 nisi
943 4445 1045 4496 tanturn
1059 4441 1085 4495 in
1097 4439 1161 4496 locis
1174 4441 1279 4514 magnis
1295 4447 1324 4498 et
1341 4441 1477 4515 populosis
1488 4441 1556 4514 exigi
1568 4442 1655 4515 possit

245 4549 258 4581 e
272 4533 406 4604 quantitas
419 4535 585 4609 supradicta;
602 4536 631 4592 iu
649 4535 711 4594 aliis
724 4551 789 4594 vero
802 4536 870 4593 intra
882 4536 1057 4610 quantitatem
1075 4538 1197 4595 eamdem
1211 4554 1260 4612 pro
1276 4539 1404 4612 qualitate
1417 4539 1535 4597 locorum
1549 4539 1654 4598 exactio

245 4645 259 4678 a
273 4634 444 4703 temperatur.
455 4631 549 4691 Bidem
560 4631 707 4708 provisioni
716 4633 865 4706 adjiciendo
876 4635 1040 4708 precipimus
1052 4635 1241 4692 universitates
1254 4636 1288 4692 ad
1299 4637 1511 4694 emendationem
1522 4635 1653 4696 lumnam

245 4745 259 4778 a
274 4743 323 4799 que
331 4730 538 4804 persingulares
551 4745 681 4806 perseum
692 4733 825 4807 contingit
839 4733 906 4804 deri,
922 4713 1073 4790 nullatenus
1085 4735 1312 4808 compellendos.»
1323 4735 1383 4810 (Ap.
1393 4737 1539 4800 Garunna.
1551 4737 1653 4794 Accam
