4320 5918
233 659 236 664 Ι
263 584 361 645 lunrcr.
380 585 423 662 'l.]
711 584 907 647 HISTORIA
931 587 1224 652 utbnottartctt.
1609 589 1668 652 tat

312 721 437 793 Datum
465 719 584 804 Reate,
614 740 706 793 anno
729 719 973 795 incarnationis
996 721 1170 796 dominice
1195 722 1438 816 uccxxxtv,
1463 705 1582 800 mense
1598 747 1670 798 au-

263 845 372 940 gusti,
400 844 460 916 vlt
473 843 682 918 indictionis.

474 1119 1457 1140 '‘mmm-W

317 1415 522 1528 Gregorius
538 1439 639 1524 papa
656 1411 823 1497 nobilem
840 1412 966 1496 virum
979 1411 1188 1495 Iohannem
1201 1411 1250 1496 de
1262 1411 1406 1497 lbelino
1424 1413 1551 1526 arguit
1565 1413 1670 1524 quod

264 1550 496 1634 Fridericum
515 1549 775 1634 Romanorum
796 1545 1063 1656 imperatorem
1085 1543 1299 1656 offenderit,
1319 1548 1429 1658 eique
1446 1549 1606 1632 mandat
1627 1560 1671 1630 ut

263 1683 481 1768 satisfaciat.

347 1897 518 1978 (Memorat.
534 1911 573 1956 ex
586 1891 684 1954 lodice
697 1891 788 1956 litter.
810 1891 944 1976 creperet
955 1893 1008 1970 IX,
1022 1910 1072 1974 ap.
1087 1893 1202 1958 collect.
1223 1895 1265 1957 Ia
1285 1897 1373 1958 Ponte
1388 1896 1429 1959 dn
1449 1897 1550 1980 Theti,
1564 1900 1595 1958 in
1617 1899 1670 1960 Bt-

383 2003 487 2066 blloth.
504 2017 566 2082 reg.
580 2001 686 2074 Paria,
699 2001 738 2063 li.
753 2001 790 2064 L.
806 2000 866 2081 56.)

314 2195 438 2266 Datum
452 2189 550 2288 apud
561 2189 746 2281 Arronetn,
766 2189 826 2262 Vll
841 2189 920 2263 idus
937 2191 1093 2284 angusti,
1112 2212 1204 2266 anno
1217 2191 1305 2264 Vlll.

480 2489 824 2502 mm..
832 2489 994 2498 .........
1010 2489 1461 2502 .--.-.-....-..--..-...—-—.-.--
1499 2503 1501 2506 ,

320 2761 524 2874 Gregorius
546 2787 645 2872 papa
668 2761 848 2846 omnihus
869 2763 1047 2874 praelatis
1072 2761 1402 2874 hierosolymitani
1424 2763 1533 2874 regni
1560 2789 1670 2846 nun-

266 2895 349 3004 tiat,
371 2923 426 3004 se,
446 2923 536 2979 cum
553 2895 690 2979 Terrae
709 2893 868 2980 Sanctae
887 2895 1056 2981 subsidio
1076 2923 1144 3008 per
1157 2895 1372 3008 generalem
1390 2895 1522 3008 populi
1540 2897 1671 2980 chris-

266 3027 359 3111 tiani
378 3055 601 3114 succursum
620 3029 920 3114 subveniendum
938 3031 1156 3139 providerit,
1172 3031 1222 3114 ad
1239 3039 1365 3142 paries
1380 3029 1466 3113 illas
1484 3029 1673 3116 destinare

266 3161 539 3247 Theodericum
560 3163 761 3248 Ravennae
785 3163 1133 3274 archiepiscopum,
1163 3163 1400 3273 Apostolicae
1422 3163 1530 3248 Sedis
1557 3165 1671 3278 lega-

267 3307 364 3404 tum,
385 3297 445 3381 cui
465 3323 578 3408 super
594 3323 687 3408 pace
705 3297 758 3381 ibi
776 3296 1020 3381 reformanda
1036 3297 1231 3382 intendere
1247 3307 1466 3408 procurent.

348 3513 446 3596 (Ello,
461 3517 572 3591 Lcnro,
588 3511 795 3591 Iieichrarclrio,
810 3521 835 3576 t.
848 3515 902 3590 IV,
918 3531 949 3593 p.
968 3523 1036 3591 1⁵2,
1051 3521 1115 3576 att.
1130 3515 1213 3591 xlx,
1228 3531 1259 3594 p.
1277 3513 1320 3594 t.)

314 3701 497 3798 Gregorius
525 3705 724 3800 episcopus,
753 3725 878 3777 servus
906 3721 1084 3776 sorvorum
1112 3701 1193 3792 liei,
1225 3699 1482 3776 venerabilibus
1509 3699 1671 3776 iratribus

267 3825 534 3924 archiepiscopis
547 3838 582 3901 et
597 3827 770 3925 episeopis
786 3837 821 3901 et
835 3826 970 3901 dilectis
988 3825 1070 3900 liliis
1084 3826 1284 3918 abbatibus,
1304 3826 1494 3924 prioribus,
1513 3826 1667 3920 decanis,

268 3951 516 4026 archidiaconis
538 3949 587 4050 [ct
611 3949 774 4051 div]ersis
799 3952 877 4025 aliis
897 3952 1116 4026 ecclesiarum
1145 3951 1282 4048 prelatis
1308 3971 1370 4046 per
1394 3951 1671 4048 hierosolymita·

268 4097 351 4150 num
372 4095 516 4168 regnum
541 4076 733 4149 constitutis
749 4078 894 4152 salutern
911 4086 947 4150 et
966 4076 1186 4174 apostolicam
1203 4073 1490 4149 benedictionem.
1509 4077 1560 4148 De
1579 4077 1672 4150 libe-

267 4199 398 4272 ratione
415 4201 517 4274 Terre
532 4201 656 4274 Sancte
667 4201 890 4274 vehementer
906 4201 1003 4275 anxii
1018 4210 1053 4274 et
1065 4199 1141 4274 sina
1160 4199 1410 4274 intermissione
1426 4199 1581 4291 solliciti,
1601 4224 1671 4276 non

267 4343 441 4396 cessamus
457 4323 540 4396 dum
557 4325 706 4399 flebilem
722 4327 831 4422 ipsius
845 4347 965 4398 casum
979 4324 1200 4416 attendimus,
1210 4345 1273 4421 pro
1286 4325 1363 4416 ejus
1373 4333 1465 4398 statu
1478 4336 1671 4421 opportuna

267 4447 408 4519 consilia
422 4447 585 4541 cogitare.
603 4448 703 4522 Unde
717 4469 829 4545 nuper
844 4449 1090 4524 deliberatione
1109 4447 1286 4544 prehabita
1302 4470 1381 4521 cum
1404 4448 1567 4522 iratribus
1587 4471 1672 4524 nos-

268 4567 328 4642 tris
339 4571 639 4645 etvenerahilihus
654 4573 814 4646 iratribus
831 4572 1215 4669 Constantinopolitano,
1237 4571 1452 4646 Antiocheno
1467 4573 1669 4646 etllieroso-

267 4693 434 4789 lymitano
451 4695 670 4792 patriarchis,
689 4696 973 4800 archiepiscopis,
995 4697 1164 4795 episcopis
1182 4707 1217 4772 et
1228 4698 1345 4772 multis
1359 4697 1435 4772 aliis
1448 4696 1669 4772 ecclesiarum

347 4817 398 4882 IV.
1473 4830 1507 4882 ot

1757 1424 1820 1480 ltputl

1731 1478 1844 1529 lmen.

1727 1534 1740 1574 7
1750 1535 1847 1588 emti.

1744 2786 1827 2840 Spo'eti

1727 2841 1742 2884 8
1755 2815 1853 2895 ιυῇιιιᾶ.
