4308 5910
534 573 594 635 104
1066 565 1422 630 coustituttottns

530 707 730 804 pinguiores
753 705 814 802 (a).
840 707 1083 780 Prestitucnlea
1113 706 1149 777 in
1182 705 1301 800 primis
1326 703 1375 800 (t)
1395 703 1492 799 quod
1520 705 1637 778 nullus
1660 711 1861 801 sagenarius
1889 713 1943 785 vel

529 833 666 906 villicus
682 829 727 928 (c)
754 833 834 922 [seu
859 833 1059 927 quicunque
1075 831 1243 918 villanus]
1262 829 1324 926 qui
1347 830 1383 901 in
1405 829 1499 902 villis
1517 833 1572 920 [et
1598 829 1790 929 casalibus]
1817 835 1945 908 habitet

528 959 563 1055 et
592 951 794 1043 [postremo]
825 949 941 1020 nullus
970 949 1049 1020 vilis
1077 944 1282 1019 conditionis
1307 955 1425 1018 contra
1453 946 1594 1018 comites
1622 955 1683 1018 aut
1711 947 1856 1022 barones
1885 962 1945 1023 aut

528 1073 630 1145 etiam
658 1073 832 1168 simplices
860 1073 985 1146 milites
1013 1071 1202 1166 capitaliter
1227 1078 1405 1142 accusatos
1429 1069 1485 1144 vel
1504 1069 1549 1142 de
1567 1091 1712 1166 persone
1727 1073 1941 1166 conditione,

529 1207 647 1292 utpote
671 1197 715 1270 de
733 1197 906 1290 homagio,
926 1209 986 1270 aut
1004 1196 1048 1269 de
1072 1195 1234 1268 omnibns
1257 1193 1358 1267 bonis
1385 1215 1447 1268 sou
1476 1195 1597 1288 majori
1626 1206 1723 1292 parte
1746 1219 1866 1270 eorum
1889 1200 1944 1272 vel

528 1321 631 1394 etiam
654 1320 699 1393 de
723 1343 795 1392 nno
819 1330 931 1394 castro
956 1320 1216 1408 conventuale
1246 1328 1366 1392 testem
1391 1319 1500 1415 possit
1527 1319 1669 1412 induci;
1697 1333 1759 1394 aut
1782 1321 1944 1396 inductus

528 1457 646 1520 contra
672 1446 844 1542 predictos
862 1445 965 1520 fidem
984 1447 1135 1542 aliquam
1154 1447 1190 1518 in
1205 1444 1347 1538 judiciis
1368 1445 1425 1517 vel
1450 1443 1600 1517 arbitriis
1618 1446 1675 1519 vel
1698 1457 1796 1520 extra
1811 1447 1944 1540 judicia

529 1571 580 1662 [in
601 1572 832 1644 contractibus
848 1595 910 1645 seu
924 1573 1024 1667 quasi
1039 1571 1284 1662 contractibus]
1303 1568 1407 1643 fidem
1422 1570 1575 1665 aliquam
1591 1569 1706 1661 iaciat,
1722 1571 1785 1645 sed
1801 1573 1944 1668 perinde

528 1695 697 1767 habeatur
722 1717 763 1767 ac
788 1697 817 1768 si
844 1719 912 1768 nou
940 1706 1031 1770 emet
1058 1695 1234 1768 inductus.
1261 1695 1330 1768 Sed
1357 1705 1475 1767 contra
1497 1693 1752 1791 prenominatus
1780 1718 1943 1792 personas

528 1819 653 1892 milites
670 1821 907 1894 tautummodo
928 1831 963 1894 ct
983 1821 1173 1916 burgenses
1191 1820 1282 1893 boue
1309 1828 1344 1893 et
1369 1819 1512 1892 honeste
1536 1819 1709 1916 opinionis
1734 1820 1944 1895 inducuntur

528 1943 566 2016 in
589 1951 708 2032 testes,
736 1955 854 2018 contra
879 1967 967 2040 quos
993 1946 1087 2018 nulla
1112 1945 1254 2018 omniuo
1277 1965 1395 2040 pugna
1421 1943 1466 2016 de
1492 1955 1604 2018 cetero
1629 1945 1742 2018 offerri
1766 1945 1879 2018 valeat
1898 1947 1942 2020 ab

529 2066 673 2142 eisdem.
693 2069 882 2142 Numerum
900 2071 1004 2144 etiam
1021 2069 1159 2143 testium
1174 2069 1209 2140 in
1225 2069 1424 2166 prescriptis
1440 2070 1594 2164 personis
1608 2078 1643 2143 et
1656 2071 1769 2143 causis
1782 2072 1943 2144 volumus

529 2194 776 2287 essemaJorcm
794 2221 803 2266 ε
822 2193 985 2267 videlicet
1000 2204 1169 2267 utcontra
1184 2193 1343 2267 comitem
1360 2193 1580 2267 criminaliter
1594 2205 1807 2288 accusatum,
1827 2197 1883 2269 vel
1898 2196 1943 2271 da

528 2326 618 2390 statu
644 2340 790 2414 persone
816 2330 877 2392 aut
898 2319 944 2392 de
965 2320 1128 2391 omnibus
1153 2319 1255 2391 bonis
1276 2320 1349 2391 suis
1365 2319 1422 2392 vel
1441 2319 1486 2392 de
1509 2319 1632 2411 majori
1657 2329 1752 2416 parte
1772 2319 1942 2394 bonorum

528 2463 590 2514 seu
614 2441 715 2514 etiam
733 2440 779 2513 de
797 2452 907 2515 castro
930 2451 1159 2533 conventum,
1186 2442 1258 2515 dno
1281 2441 1422 2515 comites
1448 2441 1553 2514 fidem
1577 2442 1704 2514 iaciant
1722 2444 1777 2516 vel
1794 2453 1944 2540 quatuor

527 2565 672 2639 barones
699 2577 759 2639 aut
777 2576 854 2640 octo
872 2567 1000 2640 milites
1021 2579 1056 2640 et
1075 2568 1126 2640 sic
1149 2590 1212 2664 per
1240 2567 1524 2662 consequentiam
1545 2567 1622 2640 xvi
1646 2569 1836 2664 burgenses
1860 2591 1942 2666 pro·

527 2689 700 2766 bationem
723 2692 860 2788 plenam
883 2691 1062 2765 inducant.
1086 2693 1148 2783 [Et
1170 2692 1220 2764 sic
1241 2687 1433 2788 gradatim]
1453 2703 1572 2764 contra
1595 2691 1758 2764 baronem
1781 2691 1853 2766 duo
1877 2693 1941 2767 ba·

526 2837 628 2888 roues
645 2827 706 2889 eut
724 2815 798 2889 loeo
822 2815 971 2890 duorum
989 2817 1157 2890 baronum
1177 2828 1325 2911 quatuor
1343 2817 1467 2889 milites
1484 2825 1519 2888 et
1535 2815 1613 2889 vice
1629 2825 1779 2910 quatuor
1794 2817 1942 2890 militum

526 2950 602 3013 octo
620 2941 827 3034 burgenses;
844 2949 879 3012 et
896 2940 990 3014 idem
1006 2941 1042 3013 in
1060 2941 1186 3032 milite,
1206 2951 1308 3036 prout
1323 2941 1492 3014 interioris
1514 2938 1644 3034 gradus
1662 2961 1699 3012 se
1716 2941 1842 3014 habeat
1857 2962 1943 3014 oon-

527 3063 624 3155 ditio,
637 3065 820 3138 inducatur
836 3065 872 3136 in
889 3075 991 3138 testes
1002 3066 1061 3162 (d).
1074 3065 1256 3138 Pauciores
1269 3075 1384 3138 autem
1400 3085 1544 3138 numero
1560 3065 1597 3136 iu
1609 3065 1764 3161 personis
1778 3065 1942 3162 predictis

527 3199 562 3263 et
582 3189 696 3262 causis
717 3189 847 3262 nullam
869 3190 1009 3264 omuino
1030 3189 1135 3262 iidem
1158 3191 1336 3282 inducant,
1357 3199 1392 3262 et
1410 3199 1529 3262 contra
1549 3187 1722 3285 predictos
1742 3199 1803 3262 aut
1823 3191 1942 3286 plures

527 3314 622 3386 nulla
644 3314 785 3387 omnino
811 3336 929 3410 pugne
957 3315 1113 3410 probatio
1131 3315 1294 3388 vendicet
1320 3314 1387 3388 sibi
1414 3315 1541 3388 locum.
1570 3313 1609 3384 ln
1637 3313 1799 3386 omnibus
1825 3323 1942 3387 umen

524 3437 689 3534 predictis
710 3438 840 3511 crimen
858 3440 929 3512 lese
954 3437 1141 3532 majestatis
1154 3439 1366 3534 excipimus,
1388 3438 1423 3511 iu
1438 3458 1509 3532 quo
1525 3435 1681 3510 omnium
1699 3446 1939 3512 accusaturum

525 3573 560 3638 et
581 3563 719 3636 testium
741 3564 786 3636 sit
812 3563 964 3636 conditio
989 3575 1175 3658 exequuta.
1205 3563 1412 3636 Militaribus
1437 3570 1554 3634 tamen
1579 3561 1769 3658 privilegiis
1795 3561 1831 3634 iu
1863 3583 1939 3636 om-

523 3689 628 3762 nibus
646 3687 854 3785 supradictis
871 3697 906 3760 et
921 3687 999 3760 aliis
1016 3687 1129 3761 causis
1144 3698 1179 3761 et
1196 3689 1334 3761 casibus
1353 3689 1389 3759 in
1407 3687 1536 3783 quibus
1555 3686 1771 3782 prerogativa
1791 3686 1939 3759 militum

524 3813 658 3908 aliquid
683 3811 898 3906 indulgetur,
924 3833 984 3886 eos
1008 3811 1246 3886 tantummodo
1269 3812 1394 3884 milites
1420 3811 1471 3884 uti
1496 3811 1657 3884 volumus
1680 3809 1741 3906 qui
1770 3809 1938 3884 bonorem

523 3937 701 4030 dignitatis
726 3937 882 4008 militaris
909 3946 944 4008 et
961 3957 1051 4009 onus
1074 3935 1235 4010 decenter
1251 3935 1454 4025 observant,
1481 3935 1516 4006 iu
1540 3935 1641 4029 equis
1657 3943 1692 4006 et
1713 3935 1819 4008 armis
1837 3933 1937 4010 vido·

524 4061 601 4134 licet
623 4071 657 4134 et
675 4061 753 4135 aliis
775 4061 980 4134 militaribus
1005 4061 1113 4156 signis
1131 4061 1259 4156 quibus
1282 4060 1429 4134 barones
1448 4067 1483 4132 ct
1500 4059 1625 4132 milites
1643 4058 1809 4136 condocet
1827 4059 1936 4134 deuo-

563 4305 606 4386 (c)
629 4307 739 4370 Graece
753 4305 936 4390 dptnrnrlpec.
952 4309 988 4370 ln
1001 4309 1102 4371 oodlce
1114 4317 1213 4372 autem
1228 4309 1318 4370 lattno
1327 4314 1515 4391 prtpactora,
1531 4310 1631 4371 mbos
1644 4315 1734 4373 reete.

565 4409 605 4490 (d)
628 4416 662 4475 ln
677 4414 743 4474 cod.
760 4423 837 4476 4625
852 4416 1110 4476 Pracomtituculca
1122 4416 1156 4477 in
1164 4415 1274 4496 primu.

562 4519 599 4598 (c)
623 4521 733 4583 Graece
745 4519 934 4604 ὶναπόγραφος,
949 4523 1137 4602 ascrtpttttru.

563 4622 607 4705 (d)
629 4628 739 4689 Graece
751 4629 874 4690 nltldlus
890 4647 898 4690 ε
913 4629 985 4689 Item
1003 4635 1031 4689 et
1050 4635 1150 4690 mmm
1169 4625 1303 4707 militant,
1316 4633 1423 4710 prout,
1438 4633 1505 4707 eta,
1520 4625 1725 4689 admbricnaat
1749 4627 1864 4690 tattiano
1884 4627 1934 4687 iu·

525 4729 592 4792 duci
603 4729 739 4796 uolumus.
