4372 5918
796 569 922 634 RIIGNI
946 571 1137 634 SICILIAE.
1635 574 1674 636 '13

258 717 364 782 etum
381 727 541 796 snamm;
570 711 609 777 nt
627 703 678 778 sic
690 724 738 778 ex
754 725 797 778 eo
814 703 910 799 quud
923 727 971 780 ex
987 705 1128 780 collecta
1144 705 1221 802 Ipsa
1239 704 1416 780 redactum
1434 705 1472 778 in
1487 727 1669 781 commune

258 831 375 922 luerit,
402 827 657 904 interlocutoria
675 828 731 903 vel
749 827 929 903 definitive
941 831 1110 904 senlantIe
1127 830 1210 904 satis
1227 828 1299 903 fiat.
1316 828 1412 903 Circa
1425 851 1550 926 penam
1563 831 1667 905 etiam

258 955 471 1030 contumacia
484 954 579 1028 curie
593 961 710 1028 nostre
725 952 878 1027 debitam
894 953 983 1028 hanc
998 955 1142 1028 formam
1158 955 1194 1026 in
1211 954 1494 1028 universitatibus
1507 956 1670 1030 volumus

256 1078 433 1152 observari
458 1087 498 1150 nt
519 1075 735 1152 contumacia
762 1077 808 1150 ab
837 1076 1062 1151 universitate
1091 1085 1284 1167 eontracta,
1313 1099 1376 1174 pm
1394 1077 1670 1154 dinumeratione

257 1203 440 1296 cujuslibet
456 1202 618 1276 secularis
633 1199 820 1275 dimidium
832 1203 1023 1295 augustalis
1034 1213 1149 1276 nostre
1161 1204 1257 1276 curie
1273 1201 1462 1295 debeatur;
1489 1201 1557 1302 [ita
1569 1202 1669 1278 vide·

256 1327 334 1402 licet
351 1335 392 1399 nt
411 1324 442 1400 si
457 1325 552 1399 mille
572 1325 739 1398 iocularia
762 1326 838 1421 ipsa
859 1327 1066 1400 universitas
1082 1327 1227 1416 babeat,
1246 1327 1454 1423 quingentos
1471 1329 1670 1424 augustales

257 1473 317 1546 pro
340 1472 429 1546 pena
451 1448 669 1524 contumacia
693 1449 901 1524 universitas
926 1460 998 1526 tota
1025 1449 1109 1525 fisco
1134 1460 1250 1526 nostro
1276 1453 1448 1548 persolvat
1474 1453 1559 1549 (l)].
1594 1453 1670 1538 Que

256 1574 429 1670 quantitas
452 1572 542 1646 inter
562 1571 773 1647 habitatores
795 1573 861 1646 loci
877 1573 988 1671 ipsius
1007 1597 1069 1671 pro
1093 1575 1197 1649 modo
1215 1575 1414 1649 facultatum
1434 1575 1668 1670 proportiona-

257 1699 332 1772 liter
346 1696 527 1773 dividetur
544 1695 615 1794 (u),
638 1697 729 1772 sicut
745 1698 782 1770 in
801 1699 952 1774 collectis
975 1699 1053 1772 aliis
1070 1699 1237 1774 hactenns
1255 1699 1329 1772 ficri
1348 1701 1538 1772 consuevit.
1566 1699 1669 1785 Quod

256 1823 357 1898 etiam
375 1823 413 1895 in
439 1821 678 1896 criminalibus
695 1823 809 1897 causis
827 1824 941 1898 locum
966 1823 1094 1900 babere
1113 1845 1314 1916 censemus,
1336 1833 1406 1896 tam
1432 1823 1522 1896 circa
1547 1833 1667 1898 contu·

256 1948 364 2020 macie
376 1967 504 2042 penam
516 1969 622 2042 quam
636 1947 740 2020 etiam
755 1948 846 2022 circa
858 1948 1054 2024 definitivas
1066 1949 1253 2024 sententias
1267 1947 1488 2044 proferendas
1502 1950 1540 2022 in
1553 1950 1667 2023 causis

256 2069 446 2165 exquibus
463 2070 701 2145 condemnatis
724 2072 923 2166 pecuniaria
947 2093 1037 2169 pena
1060 2073 1124 2167 [ox
1141 2093 1262 2146 aarum
1283 2070 1510 2168 qualitatibus
1537 2073 1592 2145 vel
1619 2093 1666 2146 cx

256 2203 371 2268 nostru
384 2193 538 2290 judicic]
556 2196 737 2291 irrogatur.

295 2369 336 2452 (u)
357 2371 469 2436 Graeco
481 2373 578 2452 ubter,
591 2372 664 2435 dum
677 2373 810 2436 ordinem
824 2391 911 2436 sunm
924 2380 1065 2454 mouetur
1080 2393 1089 2436 r
1104 2373 1252 2438 debeatur.
1270 2375 1306 2437 Si
1317 2390 1384 2436 acro
1395 2373 1660 2456 uubmritcrsoco-

256 2475 312 2538 luri
327 2475 506 2557 dutitudur,
519 2479 598 2542 rate
616 2477 792 2543 dubitatores
812 2477 868 2543 Ioci
881 2499 940 2562 pro
962 2479 1059 2559 ruodo,
1074 2489 1132 2544 etc.
1151 2483 1254 2545 :nude
1276 2481 1486 2560 suspicandum
1505 2489 1550 2544 ast
1572 2483 1662 2544 verba

256 2587 338 2646 oncle
357 2586 474 2650 lnclm
486 2593 589 2666 posteo
600 2587 633 2648 lo
645 2593 764 2651 textum
775 2590 938 2668 nundus.

289 2874 323 2949 (t)
342 2875 409 2934 Vide
422 2891 504 2952 supra
515 2879 579 2953 qnid
590 2879 772 2940 notaverimus
785 2895 867 2955 super
880 2879 921 2937 tit.
936 2879 1060 2953 xxviii,
1073 2897 1102 2955 p.
1119 2883 1163 2954 tl,
1179 2887 1234 2939 not.
1256 2883 1282 2938 t.

705 3714 881 3766 nxrutctr
910 3712 1020 3764 ulons
1050 3709 1199 3760 veluus.
