4288 5912
214 567 313 636 mppr,
329 563 375 644 6,]
662 548 1177 624 tristolttttJthLOttatlce
1565 545 1622 608 411

214 700 406 790 ministerio
422 695 544 788 diuina
562 689 715 790 potentia
728 687 1011 784 utiturpoportet
1025 687 1205 783 languenti
1222 685 1408 762 fideimera
1424 694 1463 760 et
1482 695 1628 782 experta

214 823 444 902 medicamina
460 816 649 918 propinari.
665 815 817 908 Tempus
829 812 1167 908 autemnonpatitur
1183 835 1248 895 nee
1261 809 1629 909 qualitas-egritudinis

215 951 328 1046 exigit
345 957 385 1022 ut
402 947 439 1022 in
458 939 654 1042 sophisticis
667 947 729 1012 aut
746 937 829 1011 artis
840 936 1108 1034 sophismatibus
1120 936 1340 1012 delectemur.
1356 936 1562 1010 Timendnm
1577 944 1629 1009 est

214 1075 309 1152 enim
334 1093 379 1148 ne
405 1071 491 1146 dnm
517 1068 638 1141 boram
663 1061 875 1162 disputando
899 1061 1149 1158 protrahimus,
1175 1063 1289 1138 morbi
1307 1062 1491 1161 dispendio
1507 1071 1630 1136 natura

214 1196 432 1272 succumbat.
453 1189 611 1267 Ascende
629 1190 666 1264 in
682 1197 833 1262 montem
858 1187 920 1282 qui
946 1187 1163 1293 evangelizas
1179 1188 1283 1281 Sion,
1304 1211 1367 1262 nec
1386 1187 1522 1262 dubitet
1539 1207 1630 1284 apo-

214 1323 335 1398 stoliea
352 1321 498 1396 dextera
514 1315 685 1392 vexillum
703 1311 914 1412 defensionis
936 1320 1050 1386 nostre
1067 1335 1241 1386 assumere
1257 1313 1314 1386 cui
1332 1313 1470 1410 gladius
1482 1321 1631 1410 anguste

214 1417 527 1552 potentiepcelitns
544 1443 757 1540 obsequente
774 1461 880 1517 manu
898 1438 988 1513 Petri
1006 1438 1126 1513 vicarii
1144 1439 1423 1532 commendatus,
1445 1439 1540 1514 credi
1558 1459 1629 1512 non

216 1571 322 1667 debet
336 1571 382 1646 ab
398 1569 516 1668 aliquo
539 1567 742 1658 defuturus,
761 1565 874 1652 ,immo
893 1565 1063 1640 affuturus
1078 1566 1112 1644 in
1125 1565 1372 1662 ‚omnibusque
1384 1565 1629 1643 exaltationem

200 1677 252 1771 ¹at
269 1667 413 1792 gloriam
433 1693 515 1768 lidai
529 1691 736 1783 christiane,
756 1690 921 1764 bonorem
936 1690 1143 1763 universalis
1159 1691 1320 1784 ecclesie,
1343 1701 1473 1763 statum
1492 1688 1629 1786 imperii

215 1821 387 1918 respicere
408 1819 648 1893 dinoscuntur.
671 1815 737 1889 Pro
759 1817 855 1889 lucro
875 1835 1026 1910 namque
1051 1813 1152 1887 nobis
1168 1813 1261 1888 diem
1286 1815 1462 1912 ponimns,
1494 1835 1574 1888 cum
1593 1813 1630 1886 in

217 1945 261 2020 iis
272 1966 342 2042 qne
353 1943 472 2019 debito
484 1941 588 2016 officii
600 1940 788 2040 imperialis
799 1939 1005 2013 incumbunt
1013 1939 1205 2014 necessario
1215 1939 1270 2014 vel
1281 1940 1409 2014 utiliter
1417 1941 1627 2034 laboramus,

218 2079 253 2146 et
272 2079 313 2143 nt
335 2067 497 2144 affectum
523 2077 681 2142 nostrum
708 2064 847 2142 vicinus
876 2071 1020 2140 testetur
1046 2065 1205 2159 effectus,
1232 2065 1419 2140 ilenricnm
1448 2065 1493 2140 de
1516 2067 1629 2140 Merra

217 2215 345 2290 magne
364 2192 460 2268 curie
473 2201 588 2268 nostre
609 2213 777 2288 magnum
790 2189 1015 2286 justitiarium
1031 2199 1067 2265 et
1088 2193 1259 2287 prelatum
1276 2191 1477 2289 magistrum
1493 2193 1631 2266 Petrnm

219 2317 266 2394 de
282 2320 404 2414 Vinea,
424 2316 547 2393 fideles
562 2325 710 2409 nostros,
734 2315 780 2390 ad
804 2315 1012 2414 presentiam
1030 2317 1215 2414 apostolice
1232 2317 1422 2391 sanctitatis
1441 2326 1475 2391 et
1487 2319 1631 2392 fratrum

219 2444 388 2522 duximm
409 2440 635 2518 destinandos
652 2439 724 2540 (l),
750 2440 812 2537 qui
835 2461 907 2514 nna
930 2462 1009 2514 cum
1026 2441 1442 2516 venerabiliblessanensi
1463 2441 1631 2539 arehiepi-

218 2591 326 2667 scopo
343 2571 471 2646 dilecto
487 2569 647 2644 familiari
667 2575 703 2643 et
727 2566 821 2642 lideli
840 2575 957 2641 nostro
974 2577 1020 2643 et.
1040 2622 1049 2640 .
1069 2623 1078 2640 .
1098 2568 1244 2642 Troiano
1263 2568 1424 2666 episcopo
1449 2569 1540 2642 circa
1566 2567 1632 2642 bec

217 2704 370 2770 nostram
384 2693 488 2770 robis
500 2702 535 2768 et
552 2693 637 2791 ipsis
651 2693 687 2766 in
699 2702 809 2767 totum
821 2691 977 2789 aperient
993 2693 1225 2785 voluntatcm3
1245 2693 1373 2790 quibus
1390 2714 1516 2790 eaque
1533 2693 1634 2767 vobis

207 2841 267 2897 rex
283 2829 378 2917 parte
391 2827 506 2894 nostra
519 2818 673 2894 dixerint
685 2817 826 2893 credere
842 2817 956 2892 velitis
970 2817 1215 2893 indubitanter.

268 2947 393 3022 Datum
408 2943 567 3034 Preciae,
588 2944 634 3018 lll
651 2943 862 3038 decembris,
881 2943 927 3016 Vl
941 2941 1151 3018 indictionis.

272 3569 504 3692 dridericus,
519 3568 786 3672 ¹Romanorum
808 3569 1027 3680 imperator,
1057 3569 1106 3652 ad
1131 3567 1444 3680 supplicationem
1462 3595 1630 3680 praepo-

220 3703 282 3788 siti
299 3715 338 3790 et
353 3703 508 3816 capituli
535 3703 660 3788 Sancti
689 3703 847 3789 Seruatii
872 3705 913 3787 in
941 3701 1126 3815 Trajent0‚
1146 3703 1387 3816 privilegium
1404 3705 1454 3789 ab
1471 3703 1633 3788 Hernico

256 4025 291 4102 (t)
309 4027 464 4088 Praeterea
483 4042 554 4102 qnae
569 4027 595 4084 in
610 4026 655 4086 bis
677 4027 774 4085 littoris
796 4031 953 4098 tractantur,
965 4026 1149 4084 controversia
1167 4025 1201 4084 de
1221 4024 1328 4099 negotio
1340 4024 1517 4084 lombardiae
1529 4030 1593 4084 banc
1605 4024 1634 4082 in

219 4125 364 4201 apostolica
377 4123 451 4183 curia
463 4125 603 4199 agebatur,
617 4130 648 4182 ut
663 4141 714 4184 nos
734 4129 828 4184 monet
837 4116 985 4183 Riccardus
996 4125 1031 4183 de
1042 4125 1139 4183 Sancto
1152 4123 1288 4181 Germano
1299 4140 1306 4179 :
1318 4144 1332 4178 r
1344 4125 1437 4183 blense
1449 4123 1589 4184 novembri
1600 4125 1635 4184 de

219 4221 408 4281 communibus
422 4223 598 4282 lombardiae
617 4239 667 4298 pro
683 4223 878 4298 compositione
898 4237 960 4281 curn
979 4223 1139 4297 imperatore
1153 4221 1274 4280 iacienda
1293 4221 1371 4295 legati
1394 4223 1466 4298 apud
1487 4224 1635 4298 Anagniam

219 4319 331 4378 vomunt
342 4320 376 4378 ad
389 4321 526 4380 dominnm
540 4337 649 4396 papam.
658 4353 697 4366 -
712 4323 807 4392 lienes
821 4321 959 4392 decembri
973 4337 1022 4396 pro
1035 4321 1106 4383 iacto
1117 4319 1325 4380 lombardorum
1339 4307 1474 4380 ilenricns
1490 4323 1526 4380 de
1544 4325 1635 4383 llorra

220 4430 333 4490 magnus
343 4416 508 4490 iusticiarius
517 4419 552 4476 ab
564 4419 725 4494 imperatore
736 4419 770 4478 ad
781 4435 880 4496 papam
890 4401 1003 4477 nuncius
1013 4418 1139 4490 mittitur;
1152 4434 1215 4476 cum
1225 4434 1280 4494 quo
1289 4419 1392 4477 vadunt
1401 4421 1529 4494 magister
1538 4423 1633 4481 Petrus

220 4513 255 4570 de
268 4513 360 4586 Vinea,
373 4499 499 4589 magister
509 4517 605 4576 Petrus
618 4517 651 4575 de
664 4519 764 4578 Sancto
776 4499 912 4576 Germano
923 4523 952 4574 et
965 4517 1092 4592 magister
1110 4516 1270 4576 Benedictus
1283 4518 1317 4575 de
1330 4517 1445 4591 bernis,
1456 4525 1487 4577 ut
1497 4535 1559 4576 cnm
1572 4537 1634 4579 ma-

219 4609 304 4685 gistro
320 4611 464 4684 justitiario
477 4629 567 4672 coram
580 4631 652 4690 papa
664 4631 714 4690 pro
733 4618 811 4690 parte
830 4614 999 4690 imperatoris
1017 4615 1063 4689 jus
1083 4615 1167 4690 ipsius
1190 4615 1397 4674 ostenderent.»
1419 4617 1530 4692 legatos
1543 4623 1633 4677 tamen

220 4715 352 4770 maante
365 4713 1248 4790 mensemjanuariumannisequentisprolectnsessocredimns.
1505 4733 1507 4740 ·
