4372 5918
520 587 560 648 to
1045 583 1400 649 cousuluurtottus

524 721 694 812 debitam,
726 720 808 794 item
825 720 1024 796 missionem
1042 717 1093 816 (o)
1111 721 1148 792 in
1166 721 1418 817 possessionem
1432 720 1483 796 rei
1502 717 1608 815 petite
1625 718 1825 794 edversario
1841 721 1931 795 assi-

522 845 699 940 gnandam
721 866 826 921 cauea
850 843 1005 920 custodie
1025 845 1192 940 patietur3
1219 846 1268 919 ita
1283 844 1449 920 videlicet
1471 852 1512 916 nt
1532 863 1624 917 enno
1646 853 1816 918 transacto
1839 854 1932 919 actor

522 991 631 1043 verus
648 977 683 1044 et
699 977 887 1067 perpetuus
899 990 1076 1066 possessor
1089 991 1152 1066 per
1166 971 1302 1066 lapsum
1318 969 1481 1066 temporis
1495 969 1644 1065 spatium
1660 967 1841 1044 efficiatur.
1861 971 1934 1045 Lite

523 1115 608 1167 vero
626 1103 813 1170 contestata
831 1116 935 1191 super
948 1096 1083 1170 actione
1095 1095 1193 1187 reali,
1215 1095 1244 1167 si
1259 1095 1305 1170 de
1323 1115 1429 1168 ceusu
1446 1113 1516 1168 non
1534 1093 1655 1189 liquet,
1668 1093 1719 1167 rei
1733 1093 1840 1190 petite
1854 1117 1934 1192 pos·

523 1217 630 1290 sessio
654 1218 791 1314 petitori
819 1239 902 1293 vere
921 1227 955 1293 et
973 1227 1140 1315 perpetue
1158 1219 1364 1313 assignetur.
1389 1217 1545 1292 Ceterum
1566 1217 1597 1290 si
1624 1217 1797 1292 decanea
1823 1219 1868 1292 sit
1891 1221 1933 1292 li·

523 1339 671 1434 quidum
700 1339 766 1438 (b),
797 1351 898 1436 prout
923 1341 959 1413 in
985 1340 1224 1437 personalibus
1253 1351 1394 1416 cantum
1420 1351 1490 1434 est,
1517 1339 1630 1436 judex
1655 1340 1702 1416 ad
1727 1339 1933 1418 decisionem

523 1483 644 1556 cause,
665 1473 768 1560 prout
783 1465 926 1557 viderit,
948 1463 1084 1557 dejure
1099 1464 1273 1560 pmoedat.

970 1747 1174 1821 TITULUS
1198 1747 1295 1820 Clll.
1317 1751 1382 1820 OH
1399 1742 1489 1845 (78).

956 1913 1003 1984 De
1024 1913 1230 2006 perceptione
1253 1914 1424 2004 (rectorem
1446 1909 1502 2010 ().

1076 2097 1169 2148 111Ε11
1195 2099 1394 2150 AUGUSTUS·

575 2236 656 2311 Sive
672 2235 756 2310 reali
778 2235 853 2309 sive
871 2237 1039 2332 personati
1061 2239 1196 2312 actione
1219 2249 1410 2312 conventos
1435 2247 1470 2313 et
1486 2249 1674 2314 contumax
1689 2248 1886 2335 reputatus,
1906 2239 1935 2311 si

528 2362 617 2435 inire
640 2361 791 2456 legitime
815 2369 967 2456 tempora
992 2364 1244 2458 possessionem
1265 2385 1380 2437 rerum
1402 2363 1592 2437 feudalium
1617 2363 1664 2436 ob
1688 2385 1789 2436 suam
1815 2371 1935 2436 contu·

528 2486 676 2558 maciem
694 2485 903 2580 assignatam
922 2507 1123 2582 recuperare
1141 2488 1301 2578 voluerit,
1319 2497 1452 2561 tantum
1470 2487 1586 2562 minus
1606 2488 1745 2562 nomine
1762 2488 1936 2562 fructuum

530 2633 551 2685 a
567 2632 763 2709 possessore
782 2611 935 2705 requiret
956 2621 1124 2707 quantum
1140 2633 1203 2709 pro
1219 2611 1358 2686 servitio
1373 2611 1468 2707 quod
1492 2611 1588 2685 curie
1606 2620 1721 2686 nostre
1742 2612 1787 2688 de
1803 2631 1841 2685 ru
1857 2631 1937 2708 pos-

531 2757 623 2809 sesse
643 2735 788 2808 debetur
805 2756 981 2831 possessor
996 2736 1159 2810 exsolvit.
1177 2735 1234 2809 Ad
1256 2735 1322 2810 heo
1339 2736 1432 2810 enim
1449 2745 1489 2808 ut
1504 2735 1721 2811 servitiorum
1747 2746 1937 2810 nostrorum

530 2861 667 2934 exactio
685 2882 753 2934 non
773 2861 965 2952 frustretur,
986 2860 1032 2934 ab
1055 2861 1122 2934 iltis
1146 2859 1329 2934 feudorum
1351 2860 1491 2934 servitia
1517 2859 1631 2934 debita
1658 2861 1819 2936 volumus
1845 2861 1939 2955 exigi

533 2987 595 3080 qui
623 2984 728 3058 feuda
760 2985 836 3079 ipsa
859 2983 1014 3078 quotibet
1040 2985 1139 3058 titulo
1174 2984 1327 3059 detinere
1355 2995 1556 3057 noscuntur.
1583 2980 1691 3080 [illud
1719 2983 1939 3058 nihilomiuus

533 3109 684 3205 presenti
705 3108 946 3202 conjungimus
966 3109 1134 3182 sanctioni
1159 3107 1254 3203 quod
1281 3108 1529 3204 possessionem
1553 3108 1676 3182 citatos
1698 3116 1733 3182 et
1754 3117 1941 3182 contumax

534 3233 629 3306 nullo
651 3231 755 3306 modo
773 3241 954 3328 recuperet
971 3233 1195 3328 assignatam,
1222 3232 1289 3305 nisi
1312 3233 1409 3327 prius
1426 3232 1598 3326 augustali
1622 3231 1678 3306 vel
1703 3231 1939 3326 augustalibus

536 3356 661 3432 debitis
679 3377 742 3452 pro
764 3357 980 3430 contumacia
999 3357 1072 3450 jem
1094 3365 1267 3432 contracte
1284 3358 1381 3430 curie
1397 3366 1512 3430 nostre
1528 3357 1660 3430 solutis.
1681 3357 1726 3428 Et
1743 3357 1876 3454 siquid
1896 3355 1941 3431 de

535 3481 590 3554 his
606 3481 744 3574 bajulus
762 3480 865 3553 citato
881 3479 1062 3571 dimiserit,
1084 3481 1129 3555 de
1146 3481 1365 3577 propriosne
1381 3481 1476 3554 curie
1493 3489 1609 3554 nostre
1624 3489 1807 3576 componet
1818 3477 1899 3578 (d).]

578 3636 619 3716 (o)
640 3637 677 3696 lu
690 3634 755 3698 cod.
771 3642 848 3696 tent
861 3633 889 3694 Α
902 3635 1017 3695 diverse
1030 3634 1192 3712 concipitur
1205 3654 1212 3692 ε
1226 3634 1263 3696 st
1275 3633 1551 3716 oontemeesuere‘t,
1565 3631 1729 3714 predictum
1737 3650 1846 3714 penum
1862 3635 1944 3696 tertie

531 3743 628 3823 portis
642 3739 791 3802 mobilium
812 3737 858 3801 cel
868 3737 1029 3822 merem
1040 3741 1129 3802 ende
1140 3741 1219 3801 merie
1233 3747 1330 3803 eostre
1349 3739 1475 3804 deddom
1487 3738 1586 3804 colret.
1605 3741 1678 3804 Item
1689 3741 1863 3818 missionem
1884 3747 1940 3803 etc.

535 3850 573 3909 In
584 3850 652 3911 eod.
667 3857 745 3910 4625
755 3844 919 3928 predictam
927 3863 1035 3927 penem
1046 3843 1208 3928 4494114114
1219 3849 1322 3924 medo,
1335 3853 1393 3910 ste.

577 3950 1620 4036 (t)1nsltts:rtdecoecanocttqctdemvetcocttpeet,perpernm.

579 4060 615 4140 (c)
638 4060 720 4123 Artes
736 4079 744 4120 r
760 4061 802 4122 De
818 4067 981 4123 entem
995 4065 1131 4120 conuecto
1144 4059 1218 4119 recti
1234 4067 1286 4126 reu
1293 4055 1442 4138 permoti
1458 4061 1579 4122 cottone.
1594 4059 1703 4124 Melius
1714 4060 1746 4120 tu
1760 4073 1864 4140 paceo
1879 4075 1887 4118 t
1902 4059 1944 4124 114

538 4173 702 4229 contumace
713 4173 899 4247 reupmecte
910 4166 1111 4248 potentem
1123 4162 1443 4246 bonoremseedettom.

576 4272 616 4354 (d)
638 4275 719 4352 Quas
732 4273 781 4336 hte
793 4276 879 4336 uncte
890 4275 1096 4348 includuntur,
1110 4273 1191 4352 apud
1204 4272 1336 4336 codtcem
1349 4280 1428 4336 tote
1442 4273 1470 4334 A
1490 4275 1522 4334 tn
1537 4271 1722 4352 praecedenti
1737 4274 1945 4336 eomutneons

538 4382 711 4442 inseruntur
723 4385 790 4458 post
802 4380 926 4443 verbum
939 4379 1098 4462 esddotur,
1116 4386 1185 4442 oute
1196 4380 1261 4442 Lite
1274 4395 1347 4441 ocu.
