4288 5912
523 548 583 611 378
1021 547 1236 610 saturaret
1263 547 1441 610 SECUNDI
1744 546 1827 624 [An.
1846 545 1930 610 1232

522 695 557 758 et
574 683 737 775 aliorum,
758 691 860 778 prout
876 683 1009 758 videris
1025 684 1194 780 expedire
1211 685 1368 781 negotio,
1388 684 1524 760 nobiles
1539 681 1821 780 reguipredicti,
1840 683 1932 756 cives

520 807 739 884 Aocoueuses
761 817 797 880 et
820 807 907 882 alios
925 818 965 881 ut
988 807 1035 882 ad
1060 807 1260 884 fidelitatem
1281 819 1315 884 et
1336 809 1559 884 devotionem
1576 807 1791 906 imperatoris
1813 809 1934 904 prelati

522 933 657 1008 sublato
670 933 856 1026 cujuslibet
869 932 1081 1007 difficultatis
1094 934 1274 1009 obstaculo
1288 933 1452 1028 redeunt,
1468 933 1635 1010 iuducere
1649 954 1719 1007 nou
1732 943 1929 1030 postponas.

570 1061 696 1133 Datum
713 1059 833 1151 Reate,
849 1059 909 1133 Vll
926 1058 1093 1134 kalendas
1110 1061 1263 1154 augusti,
1280 1059 1502 1157 pontificatus
1516 1060 1625 1134 uoshi
1640 1080 1734 1134 anuo
1751 1059 1809 1132 vl.

576 1634 781 1746 Gregorius
806 1659 908 1744 papa
928 1633 1113 1746 magistro
1130 1645 1167 1718 et
1185 1633 1366 1718 fratribus
1388 1633 1587 1746 hospitalis
1604 1631 1934 1746 hierosolymitani

523 1770 682 1852 maudut
699 1778 742 1851 ut
760 1768 939 1851 assistant
957 1767 1004 1850 iis
1021 1767 1089 1878 qui
1111 1767 1151 1850 iu
1169 1794 1289 1882 reguo
1310 1768 1653 1881 hierosolymitano
1666 1765 1756 1878 jura
1773 1768 1935 1880 impera·

521 1903 616 1988 toris
634 1903 816 1987 adversus
833 1901 994 1986 rebelles
1010 1913 1178 1988 tuentur.

605 2117 712 2198 (Edtd.
728 2119 843 2194 Panur,
857 2115 959 2180 Cadme
971 2115 1156 2200 diplomatico
1168 2115 1308 2181 1111111111
1321 2115 1423 2180 ordine
1438 2115 1683 2192 Gamolioritono,
1697 2121 1756 2195 tl,
1766 2137 1797 2200 p.
1813 2123 1895 2196 111.)

571 2307 768 2402 Gregorius,
786 2316 873 2402 eto,
889 2309 1053 2404 magistro
1066 2317 1101 2382 et
1113 2308 1276 2384 tratribus
1289 2307 1474 2404 Hospitalis
1487 2309 1719 2398 Hierusalem,
1735 2317 1805 2381 etc.
1822 2307 1934 2381 Pleuis

522 2443 575 2508 est
595 2434 685 2508 votis
706 2433 900 2530 appetenda
924 2433 1109 2508 eoncordia
1130 2435 1231 2528 cujus
1251 2433 1428 2528 integritas
1453 2433 1558 2507 etiarn
1580 2433 1699 2530 paruis
1719 2431 1769 2506 ad
1790 2431 1933 2528 grandia

522 2559 663 2656 praebet
685 2579 884 2650 ascensum,
910 2567 945 2632 et
972 2559 1051 2632 totis
1080 2569 1133 2634 est
1158 2559 1293 2634 nisibus
1319 2557 1465 2634 vitanda
1485 2557 1660 2633 discordia
1687 2559 1788 2652 cujus
1811 2559 1935 2632 scisma

523 2705 659 2757 summa
672 2683 844 2756 multoties
860 2681 1010 2758 detrahit
1025 2683 1074 2758 ad
1093 2685 1244 2758 ruinam.
1262 2685 1352 2758 Sane
1368 2683 1569 2760 audivimus
1584 2683 1680 2778 quod
1696 2684 1796 2778 regui
1813 2683 1934 2757 Hieru-

523 2810 631 2884 salem
650 2810 809 2882 turhatus
827 2817 880 2884 aet
899 2817 1027 2903 status,
1053 2809 1140 2884 ordo
1162 2809 1341 2903 contusus,
1361 2831 1443 2884 cum
1464 2808 1609 2906 quidam
1627 2810 1674 2884 ad
1692 2808 1882 2882 charissimi
1897 2809 1934 2882 iu

524 2933 656 3008 Christo
674 2931 736 3006 fibi
755 2933 862 3008 nostri
879 2932 1032 3008 Federioi
1050 2935 1282 3010 Romanorum
1298 2935 1514 3032 imperatoris
1531 2955 1667 3032 semper
1684 2935 1837 3028 augusti,
1855 2933 1935 3008 Hie·

524 3059 672 3134 rusalem
690 3068 727 3134 et
746 3060 861 3134 Sicilie
878 3059 972 3157 regis
988 3061 1147 3153 illustris,
1167 3061 1384 3159 prosilientes
1405 3061 1587 3156 injuriam,
1601 3062 1676 3154 iam
1693 3059 1834 3158 publiea
1848 3061 1936 3133 sicin

525 3185 633 3258 fertur
650 3185 750 3280 sigua
767 3185 963 3260 rebellionis
982 3185 1188 3279 ostenduut;
1212 3185 1368 3281 dumque
1386 3185 1437 3258 hii
1456 3207 1478 3260 11
1496 3194 1597 3282 capta
1611 3184 1768 3258 molestia
1784 3205 1854 3257 uou
1870 3183 1936 3256 de·

525 3309 652 3382 sistuut
670 3318 706 3385 et
723 3309 781 3383 alii
797 3309 926 3406 regalia
939 3311 1020 3403 iura
1036 3309 1241 3404 defenduut,
1261 3311 1298 3382 in
1314 3309 1518 3384 christianos
1533 3331 1659 3383 manns
1677 3307 1862 3381 christiana
1881 3327 1935 3379 re·

526 3433 674 3508 flectitur
696 3455 767 3530 que
785 3433 822 3506 iu
840 3433 963 3508 Christi
989 3435 1209 3532 blasphemos
1230 3435 1330 3508 bellis
1354 3456 1424 3509 uon
1447 3435 1590 3526 fatigata
1613 3433 1774 3507 civilibus
1798 3430 1937 3506 deberet

526 3557 686 3653 extendi,
703 3568 738 3632 et
753 3567 911 3654 sumptus
925 3558 961 3630 iu
976 3559 1209 3652 subjectorum
1222 3559 1444 3657 dispendium
1459 3567 1708 3633 convertuntur
1721 3557 1758 3630 iu
1771 3556 1937 3631 damnum

526 3683 677 3757 hostiurn
701 3681 869 3780 deputati.
891 3683 995 3756 Porro
1013 3681 1050 3754 iu
1074 3683 1200 3756 tahbus
1221 3683 1304 3756 satis
1324 3693 1377 3756 est
1397 3681 1504 3758 dubia
1519 3704 1614 3774 sors,
1637 3682 1741 3754 nimis
1758 3687 1938 3776 suspectus

527 3815 691 3901 eventus,
717 3827 798 3878 cum
825 3813 946 3879 exorte
969 3805 1142 3880 discordie
1162 3807 1325 3882 seandalo
1349 3808 1507 3882 hostibus
1531 3807 1652 3903 inique
1677 3804 1938 3878 machinationis

524 3933 634 4024 janua
651 3939 766 4028 pateat
782 3938 818 4003 et
842 3930 967 4004 nostris
989 3931 1049 4006 via
1074 3931 1221 4005 subsidii
1247 3933 1482 4030 precludatur.
1507 3932 1637 4005 Verum
1656 3951 1736 4003 cum
1762 3939 1842 4001 unte
1863 3929 1937 4002 lau-

529 4074 670 4149 guorem
689 4052 906 4151 preparauda
928 4053 974 4126 sit
995 4053 1185 4148 medicina,
1213 4053 1404 4130 differenda
1428 4077 1498 4129 nou
1524 4054 1676 4129 creditur
1697 4055 1734 4125 iu
1758 4053 1934 4147 languore.

486 4161 489 4168 ’
529 4177 630 4252 Unde
652 4177 734 4252 mali
759 4178 930 4274 principio
951 4180 1107 4253 volentes
1129 4179 1282 4254 remedio
1305 4179 1504 4270 subveniri,
1526 4201 1572 4254 ne
1590 4200 1673 4254 cure
1697 4176 1818 4252 dilatio
1837 4196 1935 4250 cura·

529 4303 633 4377 tionis
656 4302 778 4400 perdat
803 4303 982 4395 ellectum,
1008 4303 1225 4377 universitati
1246 4315 1361 4378 restra
1386 4327 1449 4402 per
1473 4305 1659 4402 apostolica
1686 4301 1814 4398 scripta
1839 4321 1938 4373 mau-

529 4429 653 4503 damus
671 4437 859 4524 quatenus,
879 4429 968 4502 sicut
993 4429 1148 4504 divinam
1166 4439 1200 4504 et
1216 4441 1368 4504 nostram
1390 4431 1535 4525 gratim
1552 4429 1691 4504 charam
1715 4427 1869 4516 habetis,
1890 4421 1935 4498 ad

527 4554 803 4628 reformationem
814 4557 913 4648 regui
926 4555 1071 4652 predicti
1082 4557 1271 4630 venerabili
1284 4557 1378 4630 fratri
1392 4567 1508 4630 nostro
1519 4553 1711 4652 patriarche
1723 4550 1937 4625 Antiocheno

527 4679 725 4778 Apostoliee
742 4677 842 4753 Sedis
859 4679 974 4776 legato
987 4677 1176 4778 prudenter
1192 4690 1228 4753 et
1247 4681 1392 4756 viriliter
1405 4681 1620 4773 ashoure,
1644 4677 1714 4752 hiis
1736 4675 1799 4773 qui
1816 4669 1937 4773 prelati
