4308 5910
479 564 539 626 tlt
1003 565 1359 632 constructiones

479 700 621 774 lieribus
648 699 778 773 editam
807 700 1037 792 declarantes,
1068 705 1229 780 mulieres
1256 701 1557 799 Longobardorum
1586 721 1648 775 seu
1676 703 1881 774 Francorum

477 826 557 916 jure
574 823 731 897 viventes
749 821 804 922 [in
820 825 964 917 judiciis
982 824 1134 926 tantum]
1155 826 1384 902 restituendas
1406 847 1482 900 esse
1506 825 1700 917 sancimus,
1721 847 1800 897 oum
1823 845 1883 919 per

479 949 723 1042 negligentiam
760 949 816 1022 vel
849 949 1005 1024 fraudem
1042 951 1334 1027 mundoaldorum
1363 972 1424 1025 seu
1458 958 1714 1045 procuratorum
1742 969 1882 1022 snorum

481 1066 700 1166 [enormiter]
718 1071 789 1144 lese
808 1073 1010 1166 probantur,
1031 1082 1066 1148 ot
1084 1075 1253 1150 adversus
1271 1073 1443 1172 predictos
1461 1069 1712 1172 [mundoaldos
1730 1073 1787 1145 rel
1803 1093 1882 1166 pro-

481 1191 690 1300 ouratores],
713 1196 796 1268 dum
814 1197 900 1270 lorte
917 1217 985 1272 non
1003 1199 1073 1271 sint
1090 1200 1271 1290 solvendo,
1296 1200 1476 1272 indemnes
1491 1197 1622 1270 servari
1638 1218 1709 1271 non
1726 1207 1879 1292 possunt.

482 1317 581 1405 Item,
599 1319 627 1390 si
652 1331 789 1415 propter
807 1321 948 1396 nimiam
971 1324 1221 1419 simplicitatem
1243 1327 1396 1420 ipsorum
1417 1343 1558 1396 enorme
1578 1322 1743 1396 damnum
1771 1322 1884 1394 incur-

482 1453 571 1516 rant.
597 1444 682 1515 Nam
712 1445 789 1516 licet
815 1441 1119 1547 [prescriptorum]
1146 1449 1347 1544 simplicitas
1373 1447 1467 1543 ipsos
1492 1453 1658 1536 excuset,
1687 1445 1885 1540 simplicitas

482 1575 597 1638 tamen
615 1588 735 1639 eorum
760 1568 796 1639 in
822 1567 989 1643 damnum
1010 1572 1195 1645 mulierum
1218 1571 1345 1645 reverti
1367 1592 1437 1644 nou
1459 1569 1575 1644 debet.
1595 1570 1633 1641 ln
1658 1569 1886 1641 contractibus

484 1699 599 1762 autam
619 1692 653 1762 in
676 1691 804 1784 quibus
821 1713 891 1764 uon
913 1701 982 1766 tam
1004 1693 1079 1789 ipse
1101 1707 1276 1790 presentes
1299 1717 1375 1768 csse
1391 1703 1535 1790 possunt
1558 1715 1664 1788 mam
1690 1701 1725 1766 ot
1743 1693 1885 1764 aliorum

451 1827 455 1835 ’
485 1815 691 1910 presentiam
707 1814 863 1906 judicum
881 1823 916 1889 et
936 1815 1231 1894 mundoaldorum
1249 1829 1354 1914 atque
1368 1826 1626 1913 procuratorum
1647 1816 1786 1906 babere,
1805 1814 1887 1909 ipsis

486 1961 557 2012 non
579 1937 734 2012 vidimus
756 1940 1045 2030 succurrendum,
1064 1943 1130 2016 nisi
1149 1945 1235 2018 forte
1254 1967 1315 2040 per
1334 1942 1659 2018 circumventionem
1686 1949 1749 2013 aut
1777 1938 1886 2032 fragi-

486 2065 615 2137 litatem
637 2085 744 2136 sexus
771 2064 1030 2139 immoderatam
1055 2065 1171 2141 dotem
1196 2069 1286 2141 ultra
1312 2065 1573 2168 [patrimonium
1589 2065 1645 2139 vel
1666 2059 1771 2161 ultra]
1797 2062 1888 2135 vires

486 2188 686 2282 patrimonii
713 2188 767 2261 sui
799 2187 849 2286 (a)
877 2191 1074 2285 promisisse
1097 2193 1155 2265 vel
1177 2193 1395 2266 constituisse
1417 2192 1617 2287 probentur.
1650 2189 1757 2262 Casus
1786 2187 1887 2260 etiam

487 2314 523 2384 in
542 2313 670 2406 quibus
687 2313 829 2408 antiqua
841 2314 921 2406 jura
941 2315 1144 2390 mulieribus
1162 2319 1223 2410 jus
1246 2318 1484 2412 ignorantibus
1500 2313 1547 2412 (b)
1565 2312 1827 2406 succurrebant,
1853 2311 1889 2384 in

487 2457 551 2509 sno
569 2436 692 2510 robore
705 2457 921 2510 reservamus
942 2464 950 2509 ε
972 2439 1136 2513 videlicet
1149 2441 1179 2514 si
1195 2463 1258 2536 per
1273 2462 1434 2532 errorem,
1451 2461 1520 2513 uon
1538 2438 1653 2535 precio
1671 2445 1813 2532 accepto
1828 2433 1886 2531 (c),

488 2561 533 2634 eb
557 2560 773 2633 accusatione
791 2561 973 2654 desistant;
994 2562 1023 2634 si
1049 2563 1201 2637 incestus
1218 2565 1346 2638 crimen
1364 2585 1425 2660 per
1448 2561 1675 2658 ignorantiam
1689 2559 1778 2652 juris
1797 2579 1888 2632 com·

489 2687 640 2776 mittant,
659 2682 727 2784 [vel
744 2687 774 2758 si
792 2687 1016 2761 instrumenta
1030 2688 1167 2763 edenda
1183 2713 1244 2786 per
1259 2689 1475 2782 fragilitatem
1488 2709 1595 2761 sexus
1609 2687 1805 2781 ignorantes
1823 2704 1891 2757 non

488 2806 621 2908 edant]
637 2810 854 2882 Succurritur
870 2811 973 2885 etiam
995 2811 1095 2885 sissi
1118 2813 1155 2884 in
1172 2812 1452 2886 satisdatiouibus
1481 2812 1518 2884 in
1537 2809 1678 2905 judiciis
1700 2807 1893 2906 praetendis

490 2933 654 3030 perjuris
672 2933 898 3028 ignorantiam
921 2935 1141 3008 inveniantur
1163 2957 1239 3009 esse
1259 2936 1422 3033 decepte3
1441 2937 1523 3009 item
1545 2936 1576 3010 si
1594 2935 1758 3008 solverint
1772 2955 1819 3007 ex
1839 2932 1892 3004 in-

492 3057 713 3150 tercessione,
739 3057 934 3150 ignorantes
953 3081 992 3133 se
1012 3059 1179 3133 beneficio
1194 3061 1361 3154 VelleJani
1375 3061 1538 3134 munitos.
1556 3059 1651 3146 Quos
1670 3079 1790 3133 omnes
1808 3065 1842 3130 et
1864 3057 1894 3130 si

491 3205 579 3278 quos
598 3183 682 3256 alios
707 3182 848 3278 probata
869 3183 959 3276 juris
982 3185 1169 3279 antiquitas
1194 3185 1405 3274 introduxit,
1431 3183 1468 3258 in
1494 3207 1558 3258 suo
1587 3183 1711 3258 robore
1733 3183 1895 3256 volumus

492 3328 680 3382 remanere.

923 3523 1125 3597 TITULUS
1149 3524 1257 3598 xlv.
1285 3528 1354 3598 ME
1375 3521 1464 3620 (lb).

703 3703 752 3775 De
770 3703 1023 3775 elocutionibus
1039 3725 1156 3774 rcrom
1173 3705 1210 3774 io
1220 3704 1353 3797 judicio
1370 3701 1584 3776 άεάιιοιαηυη
1601 3699 1665 3799 (d).

1036 3903 1128 3953 mnu
1157 3903 1359 3954 sucusrus.

546 4063 673 4134 Eorum
691 4059 873 4133 fraudibus
894 4071 1110 4132 occurrentes
1124 4060 1184 4154 qui
1200 4081 1255 4132 res
1272 4060 1414 4133 mobiles
1429 4059 1485 4132 rel
1508 4056 1699 4130 immobiles
1713 4075 1775 4127 seu
1797 4053 1899 4126 etiam

500 4186 730 4282 incorporales
747 4193 825 4257 aute
847 4183 939 4258 litem
963 4193 1183 4258 contestatam
1203 4186 1260 4257 vel
1282 4184 1385 4258 etiam
1405 4191 1485 4256 ante
1508 4181 1702 4256 citationem
1725 4179 1849 4252 facmm
1863 4177 1899 4250 in

541 4362 583 4444 (a)
611 4359 744 4424 Videlicet
756 4362 838 4439 quod
850 4363 899 4424 hle
911 4364 944 4423 ln
956 4363 1042 4423 edltts
1055 4361 1184 4435 additur,
1199 4361 1281 4422 deest
1292 4363 1324 4422 lu
1337 4361 1404 4422 cod.
1420 4368 1498 4422 tons
1513 4365 1543 4422 et
1553 4362 1643 4439 lusto.

542 4467 581 4549 (b)
604 4469 712 4531 Graece
723 4463 927 4544 ἀπατωμέναις,
944 4485 985 4530 se.
1002 4465 1133 4548 deceptis.

542 4574 579 4654 (c)
601 4574 711 4636 Graece
723 4576 844 4636 omnlno
858 4573 974 4634 dlverse
989 4593 997 4634 t
1008 4591 1065 4654 pet·
1078 4572 1268 4652 deceptionem
1276 4573 1385 4652 mmet
1396 4574 1513 4654 coepti.

542 4679 585 4758 (d)
607 4685 715 4744 Graece
731 4700 739 4742 ε
754 4681 796 4742 oa
808 4677 854 4742 tm
867 4681 918 4762 qut
930 4681 963 4741 io
972 4687 1103 4760 potenter
1109 4679 1225 4762 judicio
1237 4678 1424 4761 transfretent.
