4360 5908
472 559 533 626 302
973 554 1186 618 FillllEillCl
1212 551 1385 614 suebum
1700 549 1780 632 [lin.
1798 551 1884 614 1232

472 715 591 767 eorum
617 703 652 766 et
677 712 819 766 suorum
847 691 1031 765 liberorum
1054 687 1324 764 exheredatioue
1349 685 1596 782 daupnamus,
1617 687 1726 760 multo
1746 687 1886 782 dignius

469 818 666 913 justiusque
689 826 806 890 contra
832 815 943 890 divini
964 813 1257 912 blasphematores
1275 810 1424 886 nominis
1440 819 1476 884 et
1496 811 1661 888 catholice
1678 811 1886 886 detractores

474 940 557 1016 bdsi
574 961 822 1037 provocamur;
842 939 1034 1018 eorundem
1048 938 1278 1016 hereticorum
1292 944 1560 1032 temptatorum,
1580 937 1752 1011 lautorum
1770 945 1805 1010 et
1819 936 1885 1012 ad·

474 1073 675 1138 vocatorum
699 1082 841 1138 snorum
863 1063 1009 1138 heredes
1034 1071 1070 1138 et
1090 1071 1245 1158 posterus
1269 1081 1382 1156 omne
1401 1059 1448 1134 ud
1473 1059 1664 1140 &mudum
1688 1062 1886 1157 progeniem

475 1186 651 1262 beneficiis
663 1189 796 1260 cunctis
808 1189 1067 1284 temporalibus,
1079 1185 1227 1282 publicis
1238 1184 1609 1261 officiisetbouoribus
1621 1183 1789 1281 imperiali
1802 1206 1888 1260 ano-

476 1313 609 1386 toritate
627 1311 817 1408 privantes,
836 1320 874 1384 ut
888 1311 924 1384 in
944 1311 1076 1407 paterni
1092 1309 1258 1384 memoria
1271 1309 1426 1382 oriminis
1443 1308 1606 1384 contiuuo
1617 1327 1756 1384 ‘merore
1771 1308 1886 1384 tabes·

475 1447 569 1528 cant,
586 1458 670 1512 vere
679 1437 827 1510 scientes
835 1435 919 1531 qnia
932 1438 1027 1512 Deus
1037 1437 1163 1512 zelotes
1174 1443 1423 1530 estetpsocate
1435 1445 1570 1530 patrum
1583 1434 1619 1516 in
1633 1431 1722 1508 tilios
1731 1443 1888 1530 potenter

474 1561 657 1636 ulciscens.
676 1562 748 1634 Nec
768 1561 807 1636 id
821 1583 843 1634 a
857 1559 1092 1634 misericordie
1114 1559 1244 1634 linibus
1262 1559 1430 1634 duximus
1444 1557 1705 1634 excludendum
1717 1568 1758 1632 ut
1778 1559 1886 1654 siqui

474 1695 615 1782 paterne
628 1686 759 1760 heresis
777 1705 1028 1780 consequaces
1044 1687 1207 1760 latentem
1223 1693 1361 1782 patrum
1376 1682 1557 1782 perfidiam
1571 1683 1773 1773 revduriut,
1797 1704 1885 1777 qua·

476 1819 750 1906 cumquereatus
765 1811 901 1884 illorum
915 1809 1215 1885 animadversione
1227 1810 1431 1906 plectuntur,
1450 1809 1603 1904 predicte
1616 1807 1801 1904 privationi
1813 1829 1885 1882 nou

474 1935 649 2027 subjaceat
676 1935 873 2009 innocentia
903 1935 1065 2011 filiorum.
1095 1933 1151 2010 Ad
1179 1935 1244 2013 bec
1269 1945 1391 2010 notum
1421 1933 1495 2008 fleri
1522 1933 1685 2016 volumus
1712 1932 1886 2008 universis

473 2059 623 2154 priorem
639 2067 675 2131 et
697 2061 819 2134 iratres
837 2059 971 2134 ordinis
990 2059 1246 2156 predicatorum
1265 2059 1312 2134 dc
1334 2059 1541 2154 wirceburg
1561 2079 1626 2156 pru
1644 2056 1728 2134 fidei
1746 2059 1885 2150 negotio

475 2183 511 2256 iu
534 2185 690 2279 partibus
709 2184 895 2258 Theolouie
910 2183 959 2281 (o)
975 2194 1093 2260 contra
1112 2185 1280 2260 hereticos
1296 2185 1499 2282 deputatos,
1520 2183 1640 2260 fideles
1657 2193 1807 2277 nosnos,
1825 2204 1885 2258 oe·

475 2319 564 2382 teres
580 2330 721 2404 quoque
736 2310 799 2404 qui
815 2309 862 2384 ud
877 2310 1046 2386 hereticos
1059 2310 1268 2404 iudicandos
1283 2311 1493 2386 amenum
1508 2319 1543 2384 et
1555 2309 1797 2401 pervenerint,
1816 2309 1885 2382 nisi

472 2453 592 2506 eorum
609 2435 718 2529 aliqui
735 2436 781 2508 ab
799 2436 941 2531 imperio
958 2436 1027 2510 sint
1043 2437 1234 2534 proscripti,
1251 2434 1381 2526 eundo,
1397 2434 1565 2510 momudo
1579 2443 1615 2508 et
1625 2433 1805 2510 redeundo
1817 2433 1886 2508 snb

472 2567 586 2632 nostra
612 2568 647 2632 et
669 2559 805 2656 imperii
829 2561 971 2657 speciali
991 2561 1194 2637 detonsione
1208 2571 1382 2659 receptos,
1402 2569 1438 2634 et
1454 2557 1550 2656 quod
1570 2558 1668 2656 apud
1684 2581 1802 2634 omnes
1817 2559 1903 2632 sub·

472 2706 538 2780 ope
555 2705 596 2758 ao
620 2686 958 2760 recommendatione
974 2685 1130 2762 fidelium
1149 2687 1284 2785 imperii
1304 2686 1559 2760 essevolumus
1585 2685 1780 2760 inoffensos.
1799 2685 1885 2758 Uni·

472 2809 624 2882 versitati
649 2818 765 2884 vostre
790 2811 993 2886 mandantes
1022 2813 1187 2907 quatinus
1214 2833 1436 2908 quormque
1457 2819 1492 2888 et
1520 2809 1617 2908 apud
1641 2831 1885 2908 quemcunque
1966 2791 1975 2802 ’

473 2939 626 3008 vestrum
647 2936 886 3028 pervenerint,
906 2937 1058 3032 benigne
1083 2937 1255 3034 recipiatis
1279 2936 1420 3012 eosdem
1445 2943 1481 3010 et
1504 2955 1668 3032 personas
1693 2955 1812 3008 eorum
1837 2934 1884 3008 ab

473 3057 614 3130 incursu
627 3058 856 3134 hereticorum
869 3061 920 3134 cis
937 3061 1177 3136 insidiantium
1194 3071 1437 3136 conservantes
1451 3057 1672 3156 indempnes,
1687 3080 1790 3133 omne
1803 3081 1885 3134 oon·

474 3181 607 3272 silium,
626 3182 790 3256 ducatum
807 3195 842 3259 et
858 3187 1035 3260 auxilium·
1047 3185 1256 3282 impendatis
1276 3205 1339 3282 pro
1353 3195 1424 3260 tam
1439 3185 1590 3280 acceptis
1608 3205 1724 3260 eorem
1738 3184 1883 3258 Domino

475 3307 627 3402 negociis
645 3309 876 3404 exequendis.
903 3311 1077 3386 Heretioos
1099 3331 1184 3384 veru
1203 3331 1293 3406 quos
1313 3309 1604 3408 deprehenderint
1622 3317 1657 3383 et
1673 3307 1886 3384 ostenderint

475 3431 540 3526 ipsi
567 3433 689 3525 vobis,
718 3433 753 3506 in
778 3433 1019 3527 jnrisdiotione
1044 3443 1159 3510 vestra
1184 3435 1312 3532 singdi
1336 3435 1512 3532 capientes
1539 3435 1699 3528 diligenti
1727 3433 1884 3509 custodie

476 3557 657 3630 detineatis
679 3556 742 3654 (b),
777 3557 888 3632 donec
916 3569 994 3654 post
1024 3561 1253 3636 ecclesiastice
1283 3559 1537 3658 dampnationis
1560 3559 1732 3652 iudicium
1757 3581 1882 3656 penam

474 3681 620 3756 subeant
632 3705 737 3778 quem
751 3693 935 3757 merentur.
953 3685 1078 3758 Scituri
1090 3685 1187 3782 quod
1200 3685 1237 3758 in
1249 3687 1455 3760 executione
1468 3685 1579 3782 ipsius
1595 3684 1730 3778 negocii
1744 3694 1880 3780 gratum

475 3811 545 3880 Deo
561 3819 595 3880 et
611 3807 784 3882 laudabile
806 3831 920 3884 coram
938 3811 1041 3884 nobis
1059 3812 1240 3886 conteretis
1257 3811 1479 3906 obsequium,
1497 3810 1527 3882 si
1547 3809 1594 3886 ad
1614 3810 1820 3884 abolendam
1835 3810 1882 3884 de

476 3933 632 4027 pertibus
646 3932 824 4008 Alumauie
836 3955 964 4009 novam
980 3946 1014 4008 et
1028 3936 1199 4010 insolitam
1215 3936 1364 4012 heretice
1381 3936 1556 4010 infamiam
1570 3935 1759 4030 pravitatis,
1778 3955 1879 4034 opem

475 4067 509 4128 et
533 4077 672 4152 operam
693 4081 765 4132 una
792 4081 872 4132 cum
902 4059 1031 4134 eisdem
1050 4061 1211 4134 tratribus
1235 4061 1449 4158 prestiteritis
1472 4059 1661 4133 efficacem.
1680 4060 1724 4132 lit
1750 4061 1882 4156 siquis

518 4371 559 4452 (o)
582 4373 702 4435 Diverso
719 4379 750 4436 ln
765 4378 854 4437 variis
867 4377 1084 4456 exemplaribus
1096 4379 1269 4456 concpttun
1284 4377 1394 4438 scillcet
1409 4394 1417 4435 r
1428 4375 1544 4456 fratrer
1562 4375 1756 4458 predicatores
1773 4383 1801 4437 et
1818 4373 1880 4435 mi-

475 4492 558 4541 rtorea
571 4481 726 4562 Rutirpoue
738 4501 795 4564 pro
807 4483 884 4563 fidet
900 4487 1012 4567 nepotio
1031 4487 1064 4545 io
1078 4485 1215 4566 perstem
1225 4485 1341 4564 imperti
1359 4485 1452 4546 nostri
1463 4491 1574 4561 contro,
1589 4491 1644 4546 etc.
1656 4517 1696 4530 —
1708 4485 1839 4545 Priorem
1852 4489 1881 4543 et

464 4587 580 4667 srotrea
592 4589 703 4650 ordiale
713 4589 927 4671 predicatorum
939 4591 974 4654 de
987 4593 1093 4655 Prema
1106 4593 1236 4675 (Bremo)
1247 4591 1386 4674 prcfidei
1397 4593 1519 4675 apetie,
1531 4600 1584 4655 etc.

516 4695 556 4776 (b)
578 4699 636 4776 Ap.
651 4697 782 4761 Menum.
798 4700 880 4763 Boto.
895 4699 1071 4778 detinendus,
1086 4719 1246 4764 ceraunon
1259 4701 1405 4764 absoluto.
