4360 5908
254 585 354 646 lenter.
371 581 416 662 5.]
705 581 902 646 HISTORIA
926 581 1220 648 ulunoltllulclt
1610 583 1669 646 321

255 742 375 798 eorum
392 741 543 815 quorum
558 717 698 794 nomina
718 719 808 795 infra
830 720 1059 813 continentur,
1082 719 1245 794 dominus
1269 715 1455 792 Federicus
1480 717 1543 793 Dei
1562 720 1673 814 gratia

255 847 486 922 Romanorum
496 845 681 940 imperator
690 852 725 918 et
741 857 1066 942 semperaugustns‚
1085 865 1150 920 rex
1167 844 1282 919 Sicilie
1299 853 1335 918 et
1346 843 1549 936 Jerusalem,
1561 844 1676 918 inues-

256 971 335 1045 tivit
362 970 543 1048 dominum
570 970 801 1042 Lanlrencum
824 969 888 1044 Dei
906 969 1015 1064 gratia
1035 969 1194 1044 abbatem
1212 967 1410 1042 monasterii
1428 969 1551 1042 Sancte
1568 969 1676 1042 llario

256 1095 301 1170 de
318 1096 485 1188 Pratalea,
501 1094 725 1192 recipientem
742 1114 807 1190 pro
821 1093 897 1191 ipso
910 1094 1133 1185 monasterio,
1146 1091 1192 1168 de
1205 1091 1444 1188 jurisdictione
1464 1101 1500 1164 ct
1513 1092 1676 1166 comitatu

256 1223 339 1295 ville
354 1221 573 1314 Bursignune
589 1229 625 1295 et
642 1221 725 1294 ville
737 1221 923 1294 ‘lenearole
939 1229 974 1294 et
998 1220 1082 1294 ville
1098 1219 1255 1294 Nemoris
1273 1227 1308 1292 ct
1325 1219 1408 1293 ville
1427 1217 1621 1292 Tramontis
1643 1228 1678 1292 ct

255 1347 360 1421 totins
381 1347 437 1420 sui
462 1345 622 1422 territorii
641 1343 737 1438 quod
753 1343 879 1420 umodo
895 1343 1019 1438 habet,
1045 1343 1237 1418 secundum
1254 1342 1351 1438 quod
1367 1343 1442 1440 ipse
1455 1351 1490 1416 et
1505 1343 1560 1416 sui
1578 1355 1677 1418 ((1111-

258 1493 412 1546 cmsoree
427 1471 610 1568 hucusque
626 1470 823 1546 habuerunt
845 1469 903 1543 vel
919 1477 1104 1544 tenuerunt
1120 1469 1156 1542 in
1177 1468 1342 1566 predictis
1366 1469 1460 1542 villis
1477 1469 1535 1544 vel
1553 1470 1589 1542 in
1612 1491 1678 1544 suo

259 1597 446 1690 territorio,
466 1607 502 1670 et
517 1597 554 1670 in
573 1596 726 1694 presenti
753 1595 835 1670 lecit
852 1595 919 1668 sibi
940 1603 1174 1692 representare
1189 1595 1314 1668 librum
1341 1603 1379 1666 ut
1400 1593 1515 1667 eidem
1536 1593 1677 1668 domino

258 1722 455 1819 imperatori
471 1721 671 1798 fidelitatem
681 1722 827 1814 juraret.
842 1721 885 1794 llt
900 1720 952 1794 sic
965 1721 1079 1794 dictus
1096 1719 1259 1796 dominus
1270 1718 1380 1792 abbas
1396 1739 1458 1814 pro
1471 1720 1677 1793 monasterio

258 1847 415 1944 predicto
432 1845 546 1920 eidem
574 1845 715 1921 domino
741 1844 938 1941 imperatori
965 1843 1165 1919 fidelitatem
1185 1845 1334 1938 jururit,
1364 1853 1511 1941 excepto
1534 1843 1676 1918 domino

257 1993 349 2068 papa
363 1981 398 2046 et
410 1970 551 2046 domino
563 1991 628 2044 suo
640 1970 766 2044 abbate
780 1969 895 2044 Sancti
907 1969 1085 2044 Benedicti
1099 1968 1144 2043 de
1161 1969 1296 2042 Lironc.
1310 1970 1428 2042 Testes
1448 1967 1678 2042 interfuerunt

225 2133 230 2144 ·
258 2096 421 2172 dominns
434 2095 614 2170 Bertoldus
628 2095 886 2190 Aquilegiensis
897 2094 1108 2190 patriarcha,
1126 2102 1161 2166 et
1179 2094 1359 2190 episcopus
1374 2093 1541 2183 Polensis,
1557 2102 1592 2166 et
1601 2093 1676 2189 epi-

257 2244 382 2314 scopus
400 2221 671 2315 concordiensis,
690 2221 875 2296 Federicus
891 2221 1086 2318 prepositus
1097 2219 1344 2316 Aquileiensis,
1360 2227 1395 2293 et
1407 2240 1522 2294 comes
1535 2217 1678 2293 deGorz

258 2357 294 2422 et
310 2347 425 2421 Huido
448 2346 495 2421 do
520 2347 673 2421 Porcillis
695 2355 731 2420 et
746 2345 926 2421 Oldericus
947 2345 993 2420 do
1010 2347 1099 2418 lt...
1124 2355 1159 2418 et
1180 2344 1360 2420 Oldericus
1373 2344 1419 2418 de
1497 2343 1623 2418 vesnia
1644 2353 1679 2418 et

258 2474 441 2568 Bregogna
466 2471 511 2544 dc
528 2471 744 2568 Spiueuberg
762 2480 798 2546 et
819 2469 1086 2550 archidiaconus
1098 2467 1354 2565 aquilegiensis
1376 2477 1411 2542 et
1428 2468 1609 2542 Bertoldus
1632 2467 1678 2542 de

257 2597 405 2670 Tricano
417 2597 647 2670 marescalcus
659 2595 791 2671 domini
807 2594 1001 2690 patriarche
1018 2604 1053 2668 et
1064 2593 1402 2670 dominusHenricus
1416 2593 1678 2668 archidiaconus

259 2729 295 2794 et
310 2724 497 2796 canonicus
513 2721 632 2796 Padus
656 2731 692 2796 ct
713 2719 876 2796 dominus
899 2719 1108 2794 Prudentius
1134 2719 1181 2796 de
1203 2720 1310 2794 Roma
1332 2729 1367 2792 et
1389 2718 1461 2792 ulii.
1488 2717 1613 2791 Actum
1639 2718 1677 2792 in

259 2845 404 2922 Ciuitate
420 2847 466 2921 de
477 2847 590 2922 Frinle
604 2846 668 2946 (l),
689 2846 726 2920 in
739 2867 875 2921 camere
890 2845 1009 2943 palatii
1024 2845 1156 2920 domini
1171 2843 1376 2941 patriarche.

313 3435 542 3545 Fridericus‚
552 3435 813 3521 Romanorum
830 3437 1052 3548 imperator,
1073 3437 1123 3520 ud
1141 3435 1454 3548 supplicationem
1471 3436 1677 3545 praepositi
1793 3479 1808 3510 a

259 3581 298 3654 et
313 3570 583 3656 canonicorum
596 3570 763 3681 cupellas
777 3596 869 3654 suae
883 3571 1011 3655 Sancti
1025 3570 1182 3655 Serrani
1196 3571 1235 3652 in
1250 3569 1436 3680 Trajecto,
1451 3569 1675 3654 divisionem
1755 3641 1768 3674 ,

259 3703 450 3788 bonorum
468 3705 567 3788 inter
583 3704 842 3814 praepositum
859 3707 1037 3789 eumdem
1055 3715 1093 3790 et
1110 3703 1312 3790 canonicos
1332 3705 1568 3790 concorditer
1584 3703 1675 3788 fac-

258 3848 339 3920 tem
357 3847 482 3922 rutam
498 3837 615 3924 hebet
631 3850 669 3922 et
686 3837 899 3924 confirmat.

342 4053 459 4134 (medie.
477 4072 494 4116 e
510 4055 637 4120 chadul.
652 4057 681 4120 S.
696 4055 823 4119 Servant
834 4055 896 4120 MS.
913 4055 989 4118 Bibl.
1003 4073 1067 4137 reg.
1077 4058 1189 4136 Puris,
1200 4061 1273 4117 tom.
1289 4055 1322 4130 1,
1335 4054 1358 4116 1.
1376 4064 1431 4130 293
1446 4062 1520 4118 tom.
1535 4055 1581 4130 ll,
1596 4055 1620 4116 f.
1638 4064 1676 4118 14

378 4168 474 4237 rect03
489 4168 564 4224 tom.
577 4165 640 4238 111,
661 4163 684 4224 l.
703 4173 760 4226 lot
773 4181 872 4226 verso.
887 4163 1031 4244 Orlglnnll
1044 4163 1124 4243 quod
1136 4163 1217 4242 apud
1229 4163 1477 4243 lingum-Comitis
1495 4168 1674 4244 enervatur,

383 4271 514 4350 slglllum
527 4287 611 4333 cerae
623 4271 707 4334 albus
716 4271 777 4334 lllls
789 4275 888 4336 serlcts
900 4271 1000 4334 rubeis
1012 4287 1176 4351 appensum
1186 4269 1274 4351 erat.)

296 4537 334 4612 (1)
352 4537 427 4596 llaec
447 4537 528 4612 urbs,
540 4538 666 4598 dividuis
678 4539 709 4596 di
726 4539 815 4598 Friuli
831 4539 876 4599 vel
889 4539 1046 4614 simpliciter
1061 4537 1187 4600 dividuis
1202 4537 1351 4612 nominata,
1368 4543 1430 4598 octo
1450 4539 1533 4598 leucis
1554 4539 1676 4613 Aquileia

260 4635 342 4693 diem
352 4651 448 4694 reram
461 4638 669 4712 septentrionem
682 4638 716 4697 ad
732 4638 835 4697 radices
852 4639 992 4698 montium.
1005 4639 1074 4695 Tum
1087 4638 1168 4712 inira,
1182 4643 1240 4696 tum
1261 4637 1333 4715 apud
1344 4638 1502 4700 Blccardum
1522 4639 1557 4697 de
1575 4639 1674 4698 Sancto

261 4733 396 4792 Germano
411 4750 461 4809 per
474 4736 651 4812 corruptelam
668 4735 829 4796 Sibidotum
846 4752 953 4813 quoque
970 4743 1090 4798 vocetur.

342 4837 397 4899 lV.
1477 4845 1513 4901 ⁴1
