4320 5918
453 545 514 608 506
952 559 1164 628 FlllllElllCl
1190 565 1363 630 secuntur
1676 572 1756 656 [Asu.
1775 575 1859 636 teat

453 683 599 777 singulis
619 707 640 758 a
663 697 778 762 nostra
802 691 1004 768 celsitudine
1025 709 1246 797 consecutum
1268 705 1504 800 promittentes
1528 707 1579 782 sic
1605 710 1721 784 omnia
1742 721 1776 784 et
1795 713 1863 784 s‘n-‘

454 807 613 904 predicta
631 811 767 906 singula
790 824 862 888 rata
882 827 916 890 et
940 817 1144 898 inconcussa
1162 849 1303 904 servare
1324 851 1365 902 ac
1382 830 1411 903 si
1428 852 1449 903 a
1466 829 1566 906 nobis
1585 835 1809 930 personaliter
1828 847 1862 910 et

450 934 699 1028 presentialiter
714 939 882 1032 promissa
896 942 1084 1020 existerent
1100 959 1135 1022 et
1150 950 1296 1028 firmata.

453 1183 460 1198 ⁸
489 1059 584 1256 glotta
598 1059 714 1280 Ἑοῗίῖ,
736 1082 827 1136 anuo
838 1065 973 1140 Domini
991 1071 1037 1144 ll.
1050 1071 1279 1191 ccxxxiv,
1297 1078 1360 1152 XV
1373 1079 1502 1154 mensis
1515 1081 1723 1174 novembris,
1738 1091 1862 1158 octava

452 1205 486 1254 rn
513 1205 545 1254 rc
560 1205 639 1256 rone
709 1239 717 1254 .

273 1679 391 1778 „lgegqq
502 1669 731 1775 Fridericus,
767 1670 1027 1758 Romanorum
1056 1676 1283 1788 imperator,
1313 1677 1362 1760 ad
1394 1675 1707 1786 supplicationem
1732 1672 1860 1758 Siin'di

449 1805 659 1915 Maguntini
678 1806 961 1918 archiepiscopi,
981 1821 1139 1894 renovat
1155 1821 1193 1894 et
1210 1809 1411 1896 confirmat
1429 1809 1604 1921 generale
1620 1807 1860 1920 privilegium

449 1939 553 2048 quod
575 1941 771 2050 quondam
789 1941 829 2022 in
848 1941 1016 2026 levorem
1033 1943 1249 2054 principum
1266 1943 1606 2029 ecclesiasticorum
1623 1940 1771 2056 imperii
1788 1965 1860 2052 pro

444 2070 596 2181 juribus
614 2099 747 2158 eorum
765 2077 1033 2162 conservandis
1051 2079 1249 2163 noncessit.

527 2261 619 2344 (Edit.
634 2281 684 2342 ap.
700 2265 924 2342 annnnsrnm,
940 2265 1008 2328 cod.
1020 2265 1177 2350 Nordqno„
1192 2285 1221 2348 p.
1236 2269 1556 2344 61.-Wonnrun1u,
1569 2262 1679 2328 Saluid
1692 2262 1857 2346 diplomi-s

568 2375 592 2434 t.
609 2371 663 2444 IV,
678 2388 708 2448 p.
726 2380 842 2434 tom·
855 2371 1012 2437 Memorat.
1027 2391 1146 2455 qnoque
1158 2391 1208 2455 ap.
1223 2373 1356 2452 (lunum,
1374 2371 1441 2435 Cod
1457 2371 1609 2458 diplomat.
1623 2373 1771 2456 linqunt„
1786 2377 1809 2432 t.
1826 2371 1858 2446 1,

567 2495 598 2555 p.
609 2477 693 2558 tlt.)

494 2639 534 2712 ln
559 2640 699 2714 nomine
722 2651 840 2716 sancte
858 2652 894 2716 et
918 2640 1101 2716 individue
1121 2629 1307 2718 Trinitatis.
1326 2643 1523 2718 Fridericus
1545 2640 1720 2716 secundus
1737 2639 1861 2718 divina

448 2765 583 2840 favente
600 2765 781 2840 clementia
796 2768 1026 2842 Romanorum
1043 2763 1229 2864 imperator
1244 2789 1380 2865 semper
1394 2776 1578 2864 angustus,
1598 2766 1808 2842 iherusalem
1824 2773 1860 2838 et

447 2889 562 2964 Sicilie
579 2911 656 2964 rex.
675 2891 711 2964 Si
728 2901 825 2988 grata
848 2891 1004 2966 fidelium
1025 2900 1217 2966 nostmrnm
1239 2893 1406 2988 obsequia
1433 2891 1550 2986 dignis
1576 2889 1860 2965 retributionibus

447 3035 730 3112 compensamus,
749 3025 844 3092 tanto
863 3017 1024 3090 benivole
1041 3015 1244 3091 dilectorum
1263 3017 1460 3114 principum
1477 3027 1672 3091 nosuornm
1691 3013 1860 3090 debemus

446 3139 629 3238 petitiones
641 3139 824 3248 admittere
840 3151 971 3238 quanto
984 3142 1052 3238 ipsi
1069 3143 1106 3214 in
1126 3151 1259 3240 partem
1276 3153 1392 3218 nostre
1410 3141 1653 3216 sollicitudinis
1669 3149 1704 3215 et
1719 3140 1860 3214 honoris

447 3265 635 3361 assumpti,
663 3265 764 3340 nobis
785 3287 869 3360 erga
899 3267 1149 3364 promotionem
1174 3267 1364 3364 imperialis
1390 3263 1594 3342 excellentie
1616 3275 1687 3340 tarn
1714 3262 1860 3340 fideliter

446 3412 551 3486 quam
581 3391 763 3466 efficaciter
785 3393 1037 3490 obsequuntur.
1062 3393 1240 3467 Universis
1266 3391 1372 3488 igitur
1398 3391 1535 3490 imperii
1563 3391 1669 3464 nostri
1696 3388 1859 3465 fidelibus

446 3527 517 3592 tem
534 3517 751 3612 presentibus
768 3541 874 3616 qnam
896 3519 1021 3594 futuris
1040 3517 1205 3594 volumus
1226 3539 1302 3592 esse
1324 3525 1444 3592 notum
1467 3517 1563 3616 quod
1591 3515 1796 3590 constitutus
1819 3515 1858 3586 in

447 3642 620 3740 presentia
634 3653 751 3718 nostur
763 3646 800 3718 S.
820 3643 1027 3718 uenerabilis
1043 3643 1265 3739 Mogontinus
1277 3641 1573 3740 archiepiscopus,
1593 3641 1741 3716 dilectus
1755 3641 1857 3736 prin-

447 3789 528 3863 ceps
549 3775 677 3860 noster,
698 3767 920 3864 privilegium
943 3766 1121 3864 quoddam
1139 3767 1222 3846 olim
1246 3767 1282 3840 in
1303 3767 1494 3841 Thentonia
1511 3767 1548 3840 in
1564 3769 1717 3840 savorem
1742 3764 1858 3840 dilec-

447 3899 558 3964 torum
578 3891 774 3988 principum
792 3901 984 3967 nostmrum
1001 3891 1308 3966 ecclesiastieorum
1329 3911 1351 3964 a
1372 3888 1577 3964 celsitudine
1600 3897 1717 3962 nostra
1736 3887 1854 3962 indul·

447 4027 520 4090 tum
545 4016 645 4090 nobis
666 4015 834 4106 ostendit,
856 4017 1055 4114 supplicans
1071 4026 1110 4088 nt
1125 4015 1345 4112 privilegium
1366 4015 1480 4112 ipsum
1499 4013 1659 4088 innovari
1674 4011 1720 4088 de
1740 4019 1857 4086 nostra

447 4141 559 4236 gratia
574 4141 832 4236 mandaremus,
850 4142 963 4238 ipsum
982 4151 1017 4216 et
1034 4165 1075 4217 ea
1090 4165 1160 4238 que
1177 4141 1212 4216 in
1236 4142 1312 4237 ipso
1327 4141 1545 4215 continentur
1561 4137 1759 4236 expressius
1777 4157 1858 4208 auc-

447 4265 592 4340 toritntis
609 4277 723 4342 nostra
747 4267 939 4342 munimine
955 4265 1208 4344 confirmantes.
1229 4265 1334 4360 Cujus
1352 4265 1524 4362 privilegii
1547 4263 1625 4338 telis
1652 4269 1704 4336 cst
1730 4270 1852 4334 tenor:

483 4524 520 4600 (t)
539 4523 644 4582 Adsunt
664 4523 736 4599 apud
750 4523 867 4595 ltrnnr,
883 4524 941 4584 loco
955 4525 1145 4599 supracitato,
1161 4522 1398 4598 litteraeGregorii
1421 4537 1507 4596 papae
1527 4520 1561 4578 ad
1580 4519 1723 4578 lisnrioum
1745 4517 1854 4592 Angline

446 4638 537 4696 regem
555 4619 704 4680 hortativas
723 4626 833 4697 propter
853 4621 904 4680 boo
922 4623 1120 4680 matrimonium
1137 4621 1197 4681 sine
1213 4637 1290 4682 mora
1307 4619 1532 4712 mutrrbeodum,
1551 4617 1631 4677 datae
1644 4615 1760 4688 Penuii,
1775 4613 1854 4674 nonis

446 4718 1251 4797 decembris,pontificatnrannoootaro(tdeoerub.t2³t).
1775 4723 1803 4736 '·
