4308 5910
1041 613 1397 682 consultationes

909 919 1112 992 rrruuus
1141 921 1250 994 cxv.
1278 925 1342 994 rr
1365 919 1443 1020 (aa)
1467 921 1480 1018 (
1505 923 1531 1020 ).

521 1129 562 1197 llt
585 1125 699 1199 uallata
720 1125 842 1198 audeat
857 1128 1061 1219 procticcrc,
1079 1126 1144 1198 atsi
1157 1128 1194 1199 iu
1212 1137 1371 1198 conuentu
1389 1127 1522 1222 publice
1539 1129 1774 1224 mpistrorum
1798 1129 1931 1202 Saletrti

1034 1251 1076 1321 sit
1098 1251 1323 1344 computator
1347 1251 1409 1350 ta).

952 1430 1175 1529 runnanroa
1204 1479 1453 1531 arcusarcus.

568 1645 709 1718 Utilitati
742 1645 882 1739 speciali
914 1645 1142 1742 prospicimus
1172 1667 1252 1718 cum
1279 1648 1453 1721 communi
1484 1647 1587 1719 saluti
1619 1645 1773 1720 fidebam
1810 1646 1932 1742 provi-

520 1767 656 1842 demus.
677 1767 901 1842 attendentes
925 1769 1030 1864 igitur
1055 1789 1163 1860 grave
1181 1770 1403 1868 dispendium
1419 1781 1454 1844 ot
1477 1771 1742 1866 irrecuperabile
1764 1769 1930 1844 damnum

521 1893 616 1988 quod
639 1902 755 1986 posset
770 1893 967 1987 contingere
987 1915 1034 1966 cx
1055 1893 1225 1989 imperitia
1251 1895 1484 1988 medicorum,
1503 1896 1667 1988 jubemus
1690 1895 1727 1968 in
1756 1905 1930 1992 posterum

521 2019 654 2091 nullum
676 2018 801 2092 medici
820 2019 957 2091 titulum
972 2018 1230 2114 pretendentem
1248 2019 1377 2094 audere
1391 2021 1581 2118 practicam
1594 2020 1691 2092 aliter
1709 2021 1765 2093 vol
1783 2020 1930 2109 medem,

521 2144 588 2216 nisi
611 2143 742 2216 Salerni
760 2141 807 2240 (b)
827 2143 985 2240 primitus
1004 2144 1041 2216 in
1067 2153 1241 2218 conventu
1260 2143 1398 2240 publico
1417 2145 1658 2240 magistrorum
1673 2143 1809 2238 judicio
1830 2165 1933 2217 com-

521 2268 702 2365 probatus,
722 2290 801 2342 cum
820 2269 1105 2342 testimonialibus
1132 2269 1238 2343 literis
1263 2270 1308 2343 de
1329 2267 1400 2342 lide
1426 2277 1461 2343 et
1490 2267 1673 2342 sufficienti
1693 2269 1836 2342 scientia
1862 2279 1932 2343 tam

521 2394 763 2489 magistrorum
778 2415 883 2488 qnam
902 2391 1138 2466 ordinatomm
1155 2403 1368 2486 nostromm‚
1389 2393 1435 2468 ad
1454 2393 1661 2489 presentiam
1684 2405 1835 2467 nostram
1854 2393 1930 2482 vel,

521 2519 620 2592 nobis
642 2539 662 2590 a
683 2499 790 2612 regno
807 2519 1026 2610 absentibus,
1045 2519 1092 2592 ad
1113 2519 1207 2591 illius
1225 2517 1432 2615 presentiam
1454 2518 1517 2612 qui
1535 2517 1612 2591 vice
1632 2517 1799 2591 nostruin
1825 2537 1934 2612 regno

520 2643 739 2734 remanserit,
762 2642 956 2734 [ordinatus
978 2642 1134 2733 accedat]
1163 2653 1198 2716 ct
1219 2663 1240 2716 a
1263 2643 1364 2716 nobis
1379 2641 1436 2716 vol
1452 2643 1498 2715 ab
1515 2663 1557 2716 ao
1578 2641 1741 2716 modendi
1761 2641 1933 2716 licentiam

522 2776 750 2862 consequetur
764 2765 831 2864 (2);
858 2789 947 2863 pena
972 2768 1216 2864 publicationis
1242 2768 1412 2842 bonorum
1435 2776 1470 2840 et
1492 2767 1626 2840 annalis
1650 2766 1794 2841 carceris
1818 2767 1934 2839 immi·

521 2901 623 2965 nente
647 2892 692 2964 iis
713 2893 775 2986 qui
802 2901 919 2965 contra
951 2893 1018 2966 boo
1047 2903 1162 2967 nostre
1190 2891 1383 2966 screnitatis
1410 2891 1561 2966 edictum
1590 2891 1626 2964 in
1656 2901 1830 2988 posterum
1854 2891 1934 2964 ausi

522 3017 860 3111 luorintpracticara.
1598 2995 1602 3006 ¹

565 3191 608 3273 (o)
628 3193 740 3255 Graece
752 3193 922 3272 simpliciter
934 3213 943 3253 r
957 3191 1135 3255 benedicta.
1162 3243 1164 3248 .
1459 3213 1465 3226 ·

564 3299 607 3380 (b)
628 3301 664 3361 ln
676 3298 743 3361 cod.
758 3307 835 3362 ⁴62⁵
850 3299 909 3362 aiei
920 3297 1032 3364 ratam
1046 3303 1082 3362 In
1095 3301 1161 3362 cod.
1177 3317 1282 3382 gracco
1294 3300 1376 3364 dccet
1388 3297 1516 3362 Salerni.

560 3593 596 3668 (t)
613 3575 717 3650 Titulus
731 3593 783 3652 ists
804 3601 833 3652 et
852 3609 969 3669 sequens
983 3593 1081 3651 adsunt
1100 3594 1171 3652 inter
1190 3609 1238 3652 eos
1257 3608 1326 3668 quos
1345 3591 1532 3652 lticcardusde
1545 3591 1575 3651 S·
1589 3591 1723 3652 Germano
1735 3591 1877 3668 excerpsit
1889 3591 1934 3651 Cl.

524 3693 670 3762 Gaurana,
685 3693 788 3750 Accae.
803 3691 840 3749 od
854 3691 920 3748 bist.
934 3691 1055 3762 dassia,
1071 3699 1090 3748 t.
1106 3691 1152 3762 lv,
1163 3709 1191 3766 p.
1203 3693 1265 3749 stt.

561 3789 598 3863 (2)
616 3790 702 3862 liujus
723 3789 847 3848 licentiae
873 3789 986 3848 lormam
1011 3789 1172 3848 exhibemus
1193 3789 1227 3848 ad
1251 3789 1419 3864 exemplum,
1437 3805 1472 3847 ex
1490 3790 1567 3847 Petri
1579 3789 1611 3847 de
1631 3790 1691 3846 Via.
1709 3789 1810 3864 Epist„
1822 3789 1870 3846 lib.
1882 3790 1933 3860 Vl,

523 3905 582 3962 cap.
604 3887 679 3945 xlttt
696 3906 704 3944 ε
721 3909 735 3941 r
752 3887 850 3946 Notum
870 3887 984 3946 iacimus
1006 3885 1126 3945 fidelitati
1146 3893 1254 3958 saeue,
1273 3881 1350 3961 quod
1365 3885 1451 3945 tidelis
1470 3893 1560 3945 nostor
1581 3887 1616 3944 N.
1633 3887 1668 3944 ad
1688 3885 1790 3945 orniam
1813 3893 1935 3947 noscam

523 4005 537 4038 n
553 3987 699 4060 accedens,
711 3987 890 4058 examinatus,
908 3986 1033 4044 inventus
1045 3985 1129 4044 fidelis
1146 3993 1174 4043 et
1193 3985 1228 4044 ds
1247 4001 1345 4059 gonaro
1368 3985 1484 4044 bdelium
1498 3991 1592 4056 ortus,
1605 3991 1635 4043 ct
1651 3985 1788 4043 sufficiens
1801 3986 1836 4043 ad
1847 3993 1934 4044 artem

525 4105 538 4136 a
553 4084 685 4142 medicine
700 4085 891 4154 exercendam,
904 4084 991 4142 extitit
1010 4101 1058 4160 per
1074 4089 1195 4143 nosbam
1210 4084 1312 4141 curiam
1325 4083 1499 4158 approbatus.
1511 4083 1622 4158 Propter
1638 4083 1711 4157 quod
1723 4083 1759 4141 do
1774 4083 1859 4157 ipsius
1870 4101 1934 4158 pru·

525 4201 538 4232 a
553 4182 643 4239 dentis
659 4188 688 4238 et
701 4182 831 4256 legalitate
847 4181 955 4252 conlisi,
971 4187 1080 4257 recepto
1094 4181 1129 4240 ab
1142 4199 1175 4240 eo
1193 4183 1219 4239 in
1242 4181 1317 4240 curia
1337 4187 1427 4240 nostra
1448 4179 1582 4238 fidelitatis
1594 4185 1772 4252 summonte,
1790 4181 1866 4239 etde
1877 4187 1935 4240 arte

525 4279 614 4353 »ipsa
638 4277 750 4336 fideliter
772 4281 921 4338 exercenda
942 4281 1019 4353 juxta
1034 4280 1255 4338 consuetudinem
1271 4280 1434 4354 juramento,
1448 4279 1572 4336 dedimus
1592 4277 1617 4336 ei
1638 4279 1772 4336 licentiam
1792 4278 1933 4336 sxa-cendi

525 4397 538 4429 a
554 4384 639 4434 artem
653 4377 785 4434 medicine
802 4377 828 4432 in
845 4376 968 4451 partibus
982 4377 1048 4451 ipsis
1062 4395 1069 4433 ι
1084 4384 1116 4434 ut
1135 4377 1230 4436 amodo
1247 4384 1333 4436 artem
1351 4376 1437 4452 ipsam
1455 4377 1489 4433 ad
1502 4377 1632 4434 bonorem
1651 4381 1680 4433 et
1696 4375 1852 4434 fidelitatem
1871 4391 1934 4434 nos

524 4497 538 4526 a
554 4483 638 4546 tram,
650 4481 678 4531 ct
693 4473 808 4532 salutem
821 4489 914 4532 eorum
925 4475 971 4548 qui
991 4475 1124 4548 indigent,
1136 4474 1249 4533 fideliter
1262 4474 1300 4532 ibi
1313 4475 1413 4532 debeat
1423 4489 1558 4532 exercere.
1564 4473 1694 4544 Quocirca
1712 4472 1831 4532 fidelitati
1843 4480 1934 4532 vestre

525 4571 727 4646 »precipiendo
752 4571 927 4644 mandamus,
948 4579 1081 4646 quatenus
1107 4573 1196 4630 nullus
1218 4573 1267 4643 sit,
1286 4571 1332 4646 qui
1352 4571 1500 4646 predictum
1526 4571 1561 4628 N.
1584 4569 1688 4629 fidelem
1706 4577 1828 4628 nostrum
1852 4586 1934 4644 super

523 4675 610 4726 »arte
633 4669 691 4743 ipsa
713 4669 844 4728 medicine
867 4669 894 4726 in
919 4671 998 4728 torris
1021 4669 1102 4744 ipsis,
1124 4675 1155 4728 ut
1175 4669 1276 4729 dictum
1299 4675 1358 4742 est,
1382 4669 1545 4742 exercende,
1568 4667 1694 4744 impediat
1720 4669 1754 4726 de
1776 4675 1867 4727 cetero
1889 4667 1931 4728 vet

523 4785 536 4820 u
553 4767 730 4842 perturbet.»
