4372 5918
797 595 923 658 beent
948 595 1135 659 SICILIAE.

672 857 877 932 'I'I'I'ULUS
907 859 1053 932 LXVII.
1080 863 1150 930 ΜΔ
1174 855 1264 954 (tt).

530 1039 578 1110 Ile
593 1037 800 1110 mutuatione
816 1047 848 1110 et
866 1035 1174 1110 recommendatione
1184 1036 1324 1132 pemnie
1340 1035 1353 1130 (
1376 1035 1402 1131 l.

832 1236 925 1286 nonu
953 1237 1026 1286 nex
1050 1212 1110 1311 (b).

311 1393 417 1488 Regia
448 1393 635 1488 majestatis
665 1391 848 1489 prudentia
875 1391 986 1485 exigit
1016 1392 1116 1486 regni
1144 1393 1375 1485 subjectorum
1408 1390 1675 1466 consuetudlues

262 1537 499 1612 supervacuas
521 1515 689 1590 radicitus
713 1515 898 1610 extirpare.
925 1513 997 1586 Hac
1016 1515 1122 1609 Igitur
1145 1513 1283 1588 edictali
1307 1515 1383 1608 lege
1403 1515 1576 1588 sancimus
1596 1515 1675 1588 uui·

261 1767 403 1841 cunum
429 1776 550 1840 mutuo
575 1775 751 1863 acceptam
781 1767 838 1840 vel
867 1764 963 1860 apud
992 1787 1029 1838 se
1055 1765 1244 1862 depositam
1268 1763 1590 1859 commodatamque
1617 1767 1674 1840 vel

264 1891 456 1988 quamlibet
470 1891 572 1964 aliam
592 1912 677 1978 rem,
699 1889 787 1990 [illis
803 1911 950 1986 quorum
974 1913 1029 1962 res
1046 1911 1121 1963 esse
1140 1889 1327 1962 constiterit
1344 1889 1461 1961 invitis
1480 1885 1565 1986 (c)]‚
1586 1891 1676 1966 ultra

261 2017 449 2090 terminum
466 2017 523 2088 uel
544 2015 736 2110 legitimum
766 2025 903 2112 tempus
931 2014 1084 2088 detinere
1110 2014 1310 2107 tentaverit,
1331 2013 1500 2088 creditore
1522 2015 1579 2088 vel
1603 2014 1673 2088 de-

261 2141 413 2237 positore
434 2140 510 2214 sive
538 2139 795 2214 commodatam
809 2141 934 2230 illesis,
953 2138 1000 2213 ad
1025 2140 1159 2212 tertiam
1178 2147 1307 2236 perlem
1325 2138 1376 2236 (d)
1395 2139 1445 2212 tei
1468 2139 1504 2210 in
1531 2161 1672 2214 cansam

262 2266 414 2342 deducte
442 2264 570 2340 debere
596 2267 774 2358 mulctari,
804 2275 839 2340 et
871 2264 1029 2339 eamdem
1059 2262 1274 2360 compendiis
1304 2263 1523 2356 baJ'utationis
1557 2275 1673 2342 nostre

261 2391 396 2485 acquiri
416 2388 476 2486 (a).
506 2391 596 2463 Sane
624 2411 687 2486 per
713 2388 882 2486 presentis
914 2388 1123 2485 pragmatico
1149 2387 1335 2460 sanctionis
1365 2387 1517 2462 edictum
1545 2391 1671 2463 nostrIs

262 2515 422 2588 fidelibus
440 2513 607 2587 duximus
627 2513 910 2609 distinguendum
933 2513 1075 2610 quodsi
1098 2513 1232 2586 debitor
1255 2533 1323 2586 non
1348 2513 1452 2586 luerit
1475 2513 1521 2588 ad
1547 2513 1673 2589 callida

259 2648 465 2733 argumenta
489 2661 678 2713 conversus
704 2649 739 2714 et
755 2640 910 2714 animum
928 2659 997 2713 nou
1018 2637 1178 2712 babuerit
1195 2637 1398 2711 creditorem
1422 2659 1525 2710 suum
1540 2639 1671 2715 credito

260 2766 319 2838 vel
336 2763 453 2838 debito
472 2762 690 2856 defraudare,
708 2775 743 2839 et
756 2765 831 2837 siue
844 2762 1026 2860 dispendio
1042 2762 1221 2836 creditoris
1238 2772 1274 2836 et
1290 2763 1488 2857 fatigatione
1503 2763 1619 2858 aliqua
1634 2763 1672 2836 in

262 2892 360 2964 curia
377 2889 557 2964 ueritatem
575 2891 754 2963 consessus
776 2889 892 2982 suerit,
913 2889 1007 2962 nulla
1023 2889 1092 2962 alia
1107 2887 1165 2985 (s)
1184 2887 1364 2961 exactione
1380 2887 1570 2961 debitorem
1586 2911 1673 2985 pre-

262 3015 400 3108 grarari
420 3015 597 3108 jubemus.
618 3013 655 3086 Si
676 3023 793 3088 autern
818 3015 999 3088 veritatem
1022 3014 1159 3088 debitor
1185 3012 1364 3108 negaverit
1385 3021 1420 3086 el
1442 3013 1515 3086 suis
1536 3013 1674 3092 callidi-

262 3139 391 3212 tatibus
415 3140 596 3236 petitorem
630 3139 879 3212 circumvenire
904 3137 1053 3211 voluerit
1078 3137 1145 3234 (p),
1166 3139 1279 3212 victus
1306 3136 1351 3210 de
1374 3147 1444 3210 toto
1469 3158 1511 3210 eo
1539 3137 1576 3210 in
1601 3162 1672 3234 quo

262 3265 364 3338 tuerit
380 3264 581 3339 adversario
599 3264 863 3357 condemnatus,
882 3260 1077 3362 [integram]
1094 3263 1226 3336 tertiam
1242 3263 1338 3336 curie
1357 3271 1470 3336 nostre
1484 3265 1669 3358 persolvat.

307 3442 348 3522 (o)
370 3444 457 3504 Itane
469 3442 619 3506 rubricam
632 3443 770 3507 Afflictns
783 3443 910 3522 praetem
925 3461 934 3503 c
947 3443 990 3503 De
1006 3460 1104 3522 poeno
1125 3443 1258 3524 neqontit
1281 3441 1440 3523 depodtm
1460 3438 1509 3504 oel
1527 3449 1671 3507 motuum.

262 3551 373 3611 Graece
388 3569 397 3612 ε
412 3550 455 3610 De
462 3551 534 3631 jere
546 3547 720 3632 bajulomm.

306 3653 347 3733 (d)
368 3657 405 3716 In
417 3657 519 3718 codlce
533 3665 611 3718 teet
624 3659 653 3718 A
668 3657 775 3736 legltur
787 3675 906 3737 qnoque
920 3675 980 3718 nex
995 3656 1202 3720 Gutcuucuus.

307 3762 343 3843 (c)
369 3765 426 3842 Ap.
443 3765 566 3825 Curcum
578 3765 697 3826 Incitat.
708 3765 793 3827 Clare
806 3773 904 3826 temen
917 3783 985 3828 cum
999 3767 1100 3827 codlce
1113 3767 1268 3846 legendum
1282 3767 1392 3828 tacitis.

307 3869 351 3950 (d)
372 3869 421 3932 Slc
435 3872 560 3949 leglmus
572 3887 640 3932 cum
655 3873 833 3952 graecodp.
849 3875 974 3934 Carcaul
990 3873 1149 3951 tertiaret,
1164 3873 1321 3934 subaudlta
1331 3881 1430 3952 porte.

307 3976 344 4056 (e)
370 3979 399 4040 A
414 3979 505 4040 verbo
515 3975 671 4054 mentori,
684 3981 757 4040 baec
770 3981 879 4042 desunt
890 3983 920 4040 ln
934 3981 1049 4052 codice,
1062 3981 1114 4041 sen
1128 3987 1231 4041 extem
1245 3983 1274 4040 ln
1289 3997 1403 4058 graeco.

306 4083 357 4165 (s)
372 4087 408 4148 In
420 4085 559 4148 omntbus
569 4089 669 4162 melo,
682 4088 735 4150 sed
748 4105 784 4149 ex
799 4105 887 4150 sensu
901 4091 997 4167 graeci
1011 4095 1111 4148 mutus
1124 4091 1296 4166 cordgimus
1309 4091 1339 4148 lu
1350 4085 1422 4148 otto.

306 4193 347 4276 (p)
369 4196 404 4255 ln
419 4195 519 4258 oodlce
533 4191 663 4270 melltnr,
679 4195 758 4275 qnod
772 4199 891 4274 propius
904 4195 1017 4256 eocedlt
1028 4212 1133 4274 graeco
1153 4193 1351 4276 διῑσχυρίζεται.
