4320 5918
526 525 588 590 ers
1022 520 1238 586 rurnunrcr
1264 521 1440 584 secunur
1754 525 1837 603 [aaa.
1856 523 1946 586 rasa

526 659 714 744 Ecclesiae
732 663 865 741 contra
882 655 1075 740 Romanos
1093 655 1356 762 venientibus,
1384 681 1463 740 non
1485 654 1527 737 in
1554 655 1684 768 aliquo
1710 657 1828 740 modo
1854 682 1949 740 mo-

525 803 699 899 neantur,
718 792 814 875 dum
840 815 918 874 non
945 798 1066 874 cesset
1082 815 1153 900 pro
1170 817 1304 877 eorum
1327 799 1428 876 statu
1449 791 1710 876 conservando
1726 801 1946 902 opportuna

526 925 685 1012 consilia
707 923 887 1035 cop'tare.

607 1138 713 1220 (Edld.
727 1141 837 1217 partlm
858 1138 1038 1213 Romnum,
1053 1135 1162 1199 Annul
1186 1136 1329 1216 κοῖφι
1347 1140 1430 1222 xxi,
1446 1137 1464 1220 5
1479 1138 1523 1202 tv
1535 1139 1574 1202 ad
1591 1156 1663 1202 auu.
1681 1148 1777 1214 12³4,
1798 1156 1817 1201 e
1833 1145 1942 1220 regest.

647 1247 787 1326 engen,
802 1244 856 1307 llb.
871 1244 956 1320 Vlll,
971 1245 1058 1323 eplst.
1076 1244 1159 1326 148.)

575 1431 772 1528 Gregorius,
790 1439 874 1518 ete,
896 1429 1115 1522 Lombardis,
1138 1446 1193 1506 etc
1195 1485 1940 1506 ...................

526 1683 612 1756 Cum
630 1681 768 1756 diverse
781 1702 823 1754 ac
837 1680 936 1754 uarie
948 1681 1058 1754 forent
1075 1691 1194 1754 contra
1212 1681 1399 1756 Ecclesiam
1418 1679 1678 1777 inquietudines
1691 1682 1938 1772 Romanorum,

527 1807 575 1881 ita
592 1805 688 1901 quod
704 1805 811 1879 Sedes
828 1804 1028 1900 Apostolica
1049 1807 1127 1880 siue
1141 1807 1342 1881 confusione
1368 1829 1432 1880 sua
1446 1828 1516 1880 uon
1531 1815 1667 1903 poterat
1679 1807 1766 1903 quin
1788 1815 1943 1880 uteretur

527 1929 715 2028 imperialis
746 1929 877 2002 brachii
903 1930 1094 2004 ministerio
1122 1931 1270 2022 evitare,
1309 1930 1425 2006 dictus
1452 1933 1638 2029 imperator
1663 1931 1708 2006 ad
1733 1933 1941 2028 presentiam

526 2065 678 2130 nostram
695 2053 880 2148 accedens,
910 2053 957 2128 ad
980 2055 1132 2128 Ecclesia
1156 2057 1309 2130 Romane
1338 2057 1575 2130 defensionem
1604 2065 1640 2131 et
1663 2055 1861 2153 patrimonii
1885 2055 1941 2128 sui

526 2189 650 2278 sponte
666 2201 704 2254 se
720 2179 843 2252 obtulit
860 2179 930 2276 (l),
953 2181 1043 2252 sicut
1060 2180 1107 2254 ad
1132 2181 1169 2256 id
1186 2182 1380 2278 specialiter
1403 2183 1595 2256 tenebatm.
1616 2179 1815 2256 Undarum
1831 2181 1941 2252 auxi-

526 2305 612 2379 lium
631 2301 779 2378 militum
798 2305 1031 2378 neceesarium
1057 2316 1147 2380 esset
1163 2307 1297 2400 eidem,
1324 2308 1482 2381 vobisut
1499 2308 1646 2380 liberum
1668 2306 1852 2380 transitum
1875 2305 1939 2379 da-

527 2429 610 2503 retis
628 2428 760 2502 eisdem
784 2427 977 2502 direximus
989 2430 1117 2526 scripta
1136 2441 1252 2506 nostra
1269 2433 1337 2528 (2),
1359 2453 1465 2528 super
1481 2453 1554 2526 quo
1569 2430 1717 2526 qualiter
1733 2431 1779 2503 eit
1794 2451 1941 2526 proces-

528 2576 605 2626 sum
624 2555 725 2649 plene
745 2551 901 2626 novistis.
925 2554 1052 2626 Verum
1075 2576 1156 2626 cunr
1182 2576 1252 2628 uon
1277 2557 1423 2652 possetis
1448 2555 1580 2650 absque
1602 2554 1732 2629 ollensa
1746 2553 1940 2649 Apostolioe

528 2677 629 2752 Seme
643 2675 791 2770 olleudi,
808 2698 878 2770 que
895 2687 1030 2773 reputat
1042 2699 1105 2751 vos
1119 2679 1273 2753 membra
1288 2681 1365 2774 ejus
1375 2679 1591 2754 honorabilia
1605 2689 1640 2752 et
1657 2679 1745 2754 lilios
1758 2678 1938 2775 speciales,

564 2999 597 3074 (l)
619 3019 631 3053 α
644 2999 736 3058 tlense
747 3000 837 3058 madio
848 2999 1034 3074 [verisimiliter
1046 3000 1179 3076 exeuntel,
1193 3001 1339 3075 imperator
1350 3017 1399 3077 per
1408 3003 1536 3061 Sancum
1545 3001 1709 3060 Germanum
1721 3001 1828 3060 habens
1839 3003 1939 3060 trausi-

527 3104 585 3156 tum
599 3097 671 3172 apud
684 3099 768 3155 Reate
781 3097 815 3155 ad
833 3113 932 3172 papam
951 3098 1038 3169 vadit,
1056 3098 1158 3156 ducens
1177 3115 1269 3157 secum
1285 3100 1435 3158 comaclum
1453 3099 1537 3158 lilium
1557 3115 1638 3158 suum
1654 3106 1683 3158 et
1700 3115 1730 3157 se
1749 3101 1784 3156 ed
1801 3099 1939 3157 sesuldum

527 3197 660 3255 Ecclesiae
673 3211 808 3271 exponens
818 3204 909 3254 contra
923 3199 1065 3256 Romanos.
1081 3199 1180 3254 »Rrec
1195 3213 1230 3256 ue
1240 3200 1268 3256 S.
1282 3199 1431 3270 Gamo,
1442 3199 1578 3269 Gtrcntc,
1592 3198 1627 3256 ad
1640 3214 1702 3256 aun.
1712 3219 1773 3252 -ι
1787 3195 1871 3273 Cujus
1881 3199 1939 3258 dis·

528 3295 634 3353 cordiae
647 3311 755 3354 causam
771 3295 857 3352 dictus
875 3296 1020 3370 imperator
1036 3311 1198 3370 agnoscens,
1214 3312 1276 3354 cum
1290 3295 1451 3354 decrevisset
1464 3313 1514 3370 pro
1530 3297 1685 3354 imminente
1703 3296 1755 3354 sibi
1773 3297 1939 3356 necemilatis

527 3399 625 3452 eventu
638 3399 730 3451 contra
744 3393 897 3450 lleinn'cum
911 3394 970 3466 ejus
980 3391 1074 3464 lilium,
1087 3393 1114 3450 iu
1128 3393 1212 3467 ipsios
1222 3393 1292 3466 juris
1306 3393 1432 3451 invidiam
1446 3393 1498 3451 sibi
1508 3395 1569 3468 jura
1582 3394 1687 3468 imperii
1696 3393 1891 3465 vindicantem,
1905 3395 1939 3451 ad

527 3491 663 3550 Ecclesiae
682 3491 857 3566 patrocinium
877 3491 1088 3565 implorandum,
1109 3492 1191 3548 Reate
1209 3492 1331 3548 concitus
1344 3507 1395 3550 neo
1406 3491 1534 3549 multatus
1546 3493 1668 3563 advenit3
1682 3491 1817 3550 Ecclesiae
1830 3507 1939 3550 causam

528 3605 609 3664 qnam
623 3595 654 3646 ut
667 3589 809 3648 advocatus
822 3605 856 3646 ex
873 3589 978 3664 imperii
990 3589 1080 3646 debito
1093 3595 1121 3646 et
1134 3588 1251 3647 vasallus
1264 3605 1297 3646 ex
1315 3590 1438 3664 humano
1458 3591 1535 3664 regui
1552 3589 1659 3648 Siciliae
1675 3591 1781 3664 gemino
1798 3589 1940 3648 tenebatm

529 3685 672 3744 defendere
685 3686 851 3759 juramento,
870 3701 933 3743 cum
945 3686 1139 3760 supplicatione
1153 3687 1316 3760 suscipiens,
1336 3687 1443 3774 domipo
1458 3703 1531 3762 papa
1543 3693 1572 3744 et
1589 3685 1717 3744 tratribus
1734 3687 1769 3744 de
1787 3687 1873 3761 ipsius
1888 3687 1939 3744 lide

528 3783 721 3850 dubitantibus,
732 3789 785 3842 etc.
801 3823 808 3840 .
822 3826 829 3840 .
847 3827 853 3839 .
868 3783 920 3854 Qui
934 3789 996 3857 post
1009 3789 1139 3842 necatus
1152 3789 1180 3841 et
1188 3783 1377 3844 collocutiones
1389 3784 1558 3858 multiplum,
1572 3791 1635 3858 post
1647 3783 1778 3842 lamiliara
1788 3785 1940 3842 convivium

529 3882 601 3955 quod
613 3883 708 3940 eadem
720 3897 816 3942 mensa
827 3888 855 3940 et
868 3881 978 3940 scutella
990 3883 1139 3940 communis
1150 3883 1229 3940 simul
1241 3883 1348 3957 utrique
1359 3883 1472 3958 principi
1484 3883 1699 3954 ministraretur
1709 3883 1813 3940 cautius
1824 3881 1937 3953 falleret,

529 3981 678 4038 mulionem
691 3981 800 4054 adiecit,
819 3981 970 4038 Conradnm
989 3987 1082 4038 uatum
1095 3981 1233 4056 proprium
1250 3980 1373 4039 obsidem
1389 3980 1424 4038 ad
1440 3981 1538 4038 summi
1552 3979 1686 4054 pondtlcis
1698 3980 1784 4054 pedes
1803 3995 1940 4054 exponens

529 4077 605 4150 regui
618 4083 647 4135 et
657 4078 759 4152 imperii
768 4078 874 4154 juribus
885 4094 935 4152 pro
944 4078 996 4136 lide
1007 4079 1140 4136 servanda
1148 4077 1330 4136 iraudulenter
1338 4077 1444 4136 oblatis.
1453 4097 1466 4132 ι
1476 4081 1527 4134 Vll.
1540 4079 1650 4152 (ἕτερον.
1661 4078 1714 4146 IX,
1726 4091 1771 4152 ap.
1781 4077 1938 4148 limenun..

527 4173 642 4248 Script,
654 4181 674 4231 t.
689 4175 735 4247 ΙΙΙ,
749 4193 778 4250 p.
793 4179 856 4234 teo.
872 4177 937 4234 llam
953 4193 1059 4251 quoque
1073 4177 1130 4251 ipse
1140 4177 1284 4251 imperator
1296 4183 1429 4236 memorat
1440 4177 1468 4234 in
1484 4175 1581 4233 litteris
1590 4182 1684 4250 postea
1699 4175 1822 4250 scriptis,
1839 4175 1943 4234 scilicet

530 4275 565 4332 20
587 4272 680 4347 aprilis
699 4276 782 4344 ηδε),
809 4274 855 4332 ubi
879 4275 946 4333 haec
968 4275 1037 4332 inter
1058 4275 1108 4332 alia
1134 4275 1276 4350 lagunnnz
1292 4275 1362 4333 «ld
1383 4275 1462 4334 istius
1485 4289 1556 4349 pape
1574 4272 1741 4350 presentiam
1762 4272 1941 4348 personaliter

527 4371 636 4442 ivimus,
649 4371 731 4428 etiam
742 4388 795 4430 uon
810 4374 907 4444 vocati,
923 4373 1050 4432 ducentae
1064 4373 1204 4431 nobiscum
1218 4373 1369 4432 conradum
1383 4371 1468 4430 filium
1482 4379 1613 4431 nostrum.
1626 4413 1634 4429 .
1648 4413 1675 4428 ..
1691 4386 1725 4429 ao
1736 4369 1863 4428 eumdem
1879 4375 1942 4444 poet

526 4467 645 4527 oblatam
664 4467 783 4526 Ecclesia
806 4483 948 4542 personam
969 4475 1104 4543 posnam,
1128 4471 1157 4528 iu
1177 4475 1264 4528 worm
1287 4469 1409 4529 chudem
1431 4485 1537 4528 summo
1559 4465 1678 4544 mutila
1698 4481 1749 4526 uos
1765 4467 1862 4526 cllerre
1885 4483 1942 4525 non

527 4564 657 4640 puduit.»

564 4663 601 4738 tt)
620 4663 661 4724 cl.
676 4679 758 4739 sopra
769 4679 856 4740 papae
869 4663 1019 4738 epistolam,
1034 4681 1062 4740 p.
1077 4668 1139 4724 tto.
