4308 5910
747 627 872 687 REGNI
898 626 1084 687 SICILIAE.

609 933 812 1008 unctus
841 887 1023 1006 cxxxv.
1050 935 1106 1004 sn
1132 929 1221 1028 (aa).

513 1096 560 1166 Dc
571 1116 661 1188 pena
677 1049 798 1166 matris
818 1093 926 1186 fitium
942 1093 1073 1186 pudtice
1086 1093 1320 1186 pruste'tuantir.

762 1279 853 1328 tm
879 1277 1077 1328 AUGUSTUS.

259 1425 384 1498 Matres
402 1446 471 1520 que
494 1423 630 1520 publice
651 1424 860 1520 prostituunt
875 1421 975 1512 filias,
997 1444 1088 1518 pene
1112 1422 1187 1494 nasi
1206 1421 1353 1494 truncati
1379 1426 1415 1512 [a
1438 1421 1521 1494 divo
1540 1443 1620 1516 rege

211 1549 356 1642 Rogerio
372 1553 514 1640 statute]
534 1550 714 1642 subjacere
729 1549 916 1621 sancimus.
940 1547 1037 1620 Alias
1058 1547 1163 1620 etiem
1185 1546 1436 1618 consentientes
1456 1557 1490 1620 ct
1515 1544 1616 1634 filias,

212 1695 298 1766 quus
317 1675 404 1746 sorte
421 1683 559 1770 propter
578 1675 729 1770 inopiam
745 1670 888 1771 [nedum
906 1672 1080 1762 meriture,
1100 1670 1163 1744 sed
1181 1671 1283 1744 etiam
1301 1670 1431 1743 nutrire
1447 1691 1516 1744 non
1533 1693 1621 1766 pos-

210 1795 328 1896 sunt,]
344 1799 493 1891 alicujus
511 1800 746 1896 voluptatibus
760 1807 991 1896 exponentes,
1012 1818 1121 1892 aquo
1143 1807 1177 1870 et
1198 1797 1479 1870 sustentationem
1498 1798 1569 1869 vite
1587 1808 1622 1870 et

209 1922 354 2015 gratiam
369 1923 471 1996 aliam
484 1923 534 2019 (a)
549 1927 793 2020 prestolantur,
808 1945 896 2020 pene
909 1923 1088 2015 subjacere
1102 1943 1170 1996 non
1186 1932 1255 1995 tam
1269 1922 1435 2014 injustum
1449 1921 1620 1996 credimus

209 2069 314 2140 quam
331 2069 492 2122 severum
509 2047 569 2146 (ὁ).

603 2339 804 2414 TITULUS
828 2337 1028 2411 LXXXVI.
1056 2339 1115 2408 ΞΓ
1139 2336 1229 2431 (63).

639 2504 694 2576 Dc
715 2505 903 2577 venditione
923 2503 1018 2576 tiberi
1040 2504 1195 2577 tenente.

761 2694 832 2742 nux
863 2691 1065 2742 necamus.

256 2833 324 2920 Qui
343 2834 456 2907 scians
473 2834 619 2908 liberum
640 2833 818 2907 hominum
837 2833 1053 2923 vendiderit,
1075 2833 1142 2905 hec
1161 2855 1248 2929 pena
1263 2830 1443 2931 [legitime]
1465 2843 1618 2906 teneatur

207 2969 248 3031 ut
264 2981 311 3032 ex
327 2959 429 3032 bonis
446 2959 532 3048 suis,
551 2961 580 3032 si
600 2959 765 3055 possibile
779 2969 843 3049 est,
853 2958 1016 3032 venditus
1031 2957 1237 3049 redimatur;
1255 2957 1329 3054 ipse
1344 2977 1427 3062 vem
1441 2955 1618 3031 maleficus

208 3084 304 3156 curie
326 3103 448 3157 servus
471 3081 548 3171 flat,
568 3084 738 3156 bonorum
756 3105 896 3156 suorum
916 3083 1055 3158 residuo
1076 3083 1262 3179 publicato.
1287 3081 1389 3168 Quod
1410 3082 1440 3154 si
1461 3103 1531 3156 non
1554 3103 1617 3179 po·

207 3209 285 3280 terit
300 3207 446 3300 redimi,
465 3230 528 3304 pru
545 3229 648 3282 servo
663 3208 819 3280 tradatur
835 3209 1037 3301 parentibus
1058 3207 1206 3298 venditi,
1225 3207 1326 3280 bonis
1342 3207 1415 3279 suis
1438 3209 1533 3280 curie
1555 3207 1617 3280 ad·

206 3329 318 3402 dictis.
350 3331 579 3428 Quocumque
596 3341 712 3405 eutem
733 3353 814 3404 casn
836 3331 998 3406 venditus
1019 3333 1155 3423 redeat,
1178 3329 1354 3404 maleficus
1378 3332 1474 3404 curie
1495 3353 1617 3404 servus

207 3453 283 3544 fiat,
304 3453 383 3528 titiis
408 3457 511 3530 etiam
539 3468 617 3554 post
644 3457 738 3530 hunc
758 3477 877 3530 casum
902 3457 1125 3529 nascentibus
1145 3457 1240 3529 curie
1263 3455 1429 3549 subiectis
1453 3465 1617 3552 perpetue

206 3579 375 3652 servituti.

592 3759 798 3833 TI'IULUS
827 3759 1045 3832 LXXXVII.
1066 3760 1128 3830 ΞΔ
1145 3756 1238 3855 (ct).

760 3924 808 3993 De
826 3923 1057 3996 incendiariis.

807 4107 899 4155 rnen
929 4107 1017 4156 nnn.

253 4245 320 4330 Qui
345 4245 465 4322 dolose
490 4247 633 4322 domum
648 4246 876 4340 incenderint,
898 4249 1019 4345 cepitis
1043 4270 1133 4344 pene
1157 4250 1347 4345 plectentur
1365 4245 1475 4346 [velut
1495 4249 1613 4324 incen-

206 4366 335 4467 derit]

246 4555 285 4628 (a)
304 4553 453 4616 Addimus
466 4551 557 4615 ctiam
569 4573 607 4617 ex
621 4573 725 4636 graeco
739 4565 769 4618 et
782 4575 820 4618 ex
833 4557 896 4618 cod.
916 4567 1005 4620 4625.

247 4657 285 4734 (t)
305 4661 341 4722 In
359 4661 423 4722 end.
441 4667 519 4723 4025
536 4681 545 4723 z
561 4679 620 4723 nnn
635 4663 816 4744 tamjmtum
828 4663 968 4759 credimus
980 4683 1067 4746 mrum
1080 4667 1221 4749 iniquum.
1235 4671 1270 4730 In
1284 4687 1388 4750 graeco
1406 4689 1414 4730 :
1428 4687 1487 4730 ccc
1501 4675 1616 4730 tactem

205 4766 355 4846 injutum,
370 4765 520 4832 sedetiam
533 4767 639 4830 durum
652 4787 708 4832 cm
721 4769 870 4832 credimur.
