4360 5908
248 637 345 698 lunser.
361 637 407 713 5.]
701 625 899 691 HISTORIA
924 629 1216 692 blpbollllulctt
1606 625 1664 687 281

249 783 285 848 et
301 771 415 846 Sicilie
431 791 533 864 rege,
554 789 647 842 anno
672 765 809 864 imperii
827 767 983 860 ejusdem
1005 765 1231 858 duodecimo,
1252 762 1350 859 regui
1370 763 1557 837 Jerusalem
1577 783 1663 859 sep-

250 901 346 992 timo,
362 897 460 994 regni
477 917 560 970 vero
575 892 689 966 Sicilie
702 891 879 987 trigesimo
893 901 1030 988 quomo,
1048 891 1203 965 feliciter.
1221 887 1345 962 Amen.

303 1471 537 1584 Friderious,
556 1475 819 1560 Romanorum
844 1475 1064 1588 imperator,
1087 1476 1225 1560 Uberto
1244 1475 1415 1560 Cumano
1432 1476 1608 1588 episcopo
1625 1487 1664 1562 ct
1781 1507 1797 1539 π

249 1608 430 1694 ecelesiae
447 1607 530 1722 ejus
547 1636 664 1694 uenas
681 1609 924 1696 metallorum
943 1637 1043 1724 quae
1059 1611 1304 1696 inveniuntur
1316 1611 1357 1692 in
1370 1611 1544 1696 districtu
1561 1613 1664 1722 ejus-

248 1744 339 1828 dam
356 1743 613 1856 episcopatus,
633 1745 818 1830 concedit.

330 1959 429 2033 (Edld.
442 1959 597 2034 domu,
612 1956 702 2022 ltalia
714 1977 817 2036 moro,
830 1965 855 2021 t.
866 1959 907 2042 V,
916 1977 948 2040 p.
965 1961 1049 2036 aas.)

300 2151 340 2222 ln
364 2151 505 2224 nomine
529 2151 595 2224 Dei
620 2151 743 2225 eterni.
770 2150 964 2224 Fridericus
991 2149 1052 2224 Dei
1075 2149 1185 2244 gratia
1207 2151 1439 2224 Romanorum
1466 2148 1662 2244 imperator,

248 2295 387 2372 semper
401 2282 589 2370 augustus,
609 2275 798 2349 Jerusalem
823 2283 858 2348 et
880 2273 998 2348 Sicilie
1015 2295 1091 2347 rex.
1112 2274 1177 2346 Per
1194 2294 1335 2370 presens
1357 2271 1524 2368 scriptum
1544 2281 1665 2346 notum

247 2395 324 2472 fleti
348 2397 510 2472 volumus
531 2399 705 2474 universis
730 2399 865 2498 imperii
891 2398 1053 2476 fidelibus
1077 2407 1147 2472 tam
1171 2400 1390 2496 presentibus
1409 2421 1515 2495 quam
1540 2397 1665 2471 futuris

246 2521 344 2618 qnod
356 2523 565 2600 venerabilis
580 2523 755 2598 Cumanus
773 2525 957 2622 episcopus
973 2525 1138 2615 Ubertus,
1159 2521 1271 2597 fidelis
1284 2533 1418 2612 noster,
1434 2533 1549 2596 nostre
1560 2522 1664 2596 celsi-

250 2647 365 2721 tudini
385 2649 547 2723 attentius
566 2649 776 2748 supplicavit
792 2661 831 2722 nt
843 2672 951 2724 venas
969 2651 1184 2724 metallorum
1200 2671 1269 2746 qne
1291 2649 1516 2722 inveniuntur
1536 2647 1572 2720 in
1595 2658 1663 2722 ter-

248 2771 369 2847 ritorio
386 2782 421 2847 et
441 2773 598 2847 districtu
619 2773 765 2848 Cumani
786 2775 1024 2874 episcopatus,
1049 2773 1117 2848 sibi
1133 2782 1168 2846 et
1184 2773 1298 2848 eidem
1315 2772 1459 2846 ecclesie
1480 2771 1526 2846 de
1546 2771 1663 2846 innata

250 2897 361 2994 gratia
377 2898 567 2974 concedere
580 2897 817 2996 dignoremur.
833 2899 903 2975 Nos
917 2909 1033 2974 autam
1046 2899 1261 2973 attendentes
1275 2896 1379 2972 tidem
1393 2905 1428 2971 et
1443 2895 1663 2972 devotionem

247 3022 402 3118 episcopi
430 3024 609 3098 memorati
628 3047 733 3122 qnam
757 3024 805 3099 ad
833 3048 900 3099 nos
922 3035 958 3100 et
980 3025 1163 3122 imperium
1191 3033 1345 3098 nostrum
1366 3023 1455 3118 gerit
1474 3032 1510 3098 et
1536 3021 1660 3114 babet,

248 3147 507 3223 considerantes
540 3149 681 3245 insuper
708 3151 855 3245 qualiter
882 3150 1005 3225 eadem
1038 3149 1186 3224 ecclesia
1210 3147 1512 3246 predecessoribus
1537 3148 1662 3221 nostris

248 3269 333 3345 dive
347 3273 513 3347 memorie
530 3275 687 3366 augustis
702 3285 737 3348 et
752 3275 896 3372 imperio
913 3276 1040 3350 devota
1058 3275 1159 3348 luerit
1176 3297 1223 3347 ex
1239 3275 1395 3370 antiqno,
1413 3274 1568 3347 volentes
1583 3294 1659 3346 eam

248 3395 366 3492 dignis
379 3396 557 3472 beneficiis
570 3400 747 3498 ampliare,
767 3400 812 3474 de
823 3401 963 3500 speciali
979 3401 1088 3498 gratia
1102 3399 1325 3474 concedimus
1337 3409 1372 3473 et
1386 3398 1556 3473 donamus
1569 3399 1662 3473 dicto

247 3509 412 3620 episcopo
443 3533 478 3596 et
503 3523 617 3598 eidem
647 3527 790 3600 ecclesie
815 3549 879 3600 sue
909 3548 1018 3600 venas
1042 3526 1256 3599 metallorum
1283 3547 1353 3620 que
1376 3524 1601 3598 inveniuntur
1625 3525 1662 3597 iu

246 3647 420 3722 territorio
434 3657 469 3723 et
486 3648 643 3724 districtu
664 3651 883 3748 episcopatus
906 3651 1082 3746 ejusdem,
1103 3660 1141 3723 nt
1155 3650 1240 3746 ipsis
1263 3649 1308 3724 de
1325 3649 1526 3723 liberalitate
1546 3659 1661 3723 nostra

249 3772 405 3866 gandeat
435 3783 471 3846 et
505 3783 642 3867 utatur;
672 3776 842 3872 presentis
877 3775 994 3872 scripti
1027 3775 1229 3849 auctoritate
1261 3775 1463 3848 mandantes
1491 3785 1662 3871 quatenus

247 3897 367 3970 nnllns
388 3898 433 3972 sit
451 3899 511 3994 qui
534 3922 614 3973 eum
637 3901 694 3973 vel
710 3901 838 3974 dictam
863 3901 1042 3974 ecclesiam
1068 3922 1167 3973 suam
1192 3909 1310 3974 contre
1327 3900 1493 3996 presentis
1514 3922 1662 3974 conces-

246 4020 356 4095 sionis
371 4031 486 4096 nostre
505 4025 665 4120 paginam
684 4026 863 4100 molestam
878 4034 1067 4122 presumat.
1088 4025 1189 4110 Quod
1210 4025 1273 4120 qui
1297 4025 1544 4121 presumpserit
1564 4025 1662 4100 indi-

246 4147 445 4241 gnationem
459 4149 566 4222 nostri
583 4149 745 4224 culminis
758 4173 795 4224 se
810 4151 948 4224 noverit
961 4151 1193 4224 incursurum.
1209 4146 1265 4224 Ad
1285 4149 1390 4242 hujus
1410 4150 1529 4245 iteqne
1544 4161 1661 4224 nostre

246 4271 479 4346 concessionis
492 4275 692 4348 memoriam
709 4285 743 4350 et
759 4277 916 4350 stabilem
934 4275 1142 4365 firmitatem,
1160 4297 1300 4372 presens
1314 4275 1481 4373 scriptum
1498 4274 1572 4348 lieri
1584 4279 1660 4370 jus-

246 4393 356 4468 simus
373 4396 487 4494 sigillo
503 4408 618 4473 nostre
635 4401 820 4494 majestatis
837 4401 1023 4473 munitum.

293 4521 407 4616 Hujus
426 4523 475 4598 rui
496 4531 600 4598 testes
623 4536 705 4599 sunt
727 4554 736 4599 ε
759 4527 800 4600 Β.
822 4527 1017 4623 patriarcha
1038 4525 1300 4622 Aquilegensis,
1322 4525 1606 4624 bladebnrgensis
1624 4537 1659 4602 et

246 4643 428 4721 Ravennae
449 4649 715 4747 archiepiscopi,
738 4654 778 4724 B.
803 4651 879 4726 dux
896 4651 1091 4745 Kerinthie,
1113 4673 1227 4726 comes
1241 4652 1284 4724 H.
1310 4650 1355 4725 de
1374 4653 1655 4742 Hortbemberob,

247 4769 445 4846 Gotilradus
459 4783 494 4848 et
509 4775 690 4850 Cnnradus
704 4775 749 4850 de
765 4777 977 4873 llobenloch,
993 4789 1028 4851 et
1042 4778 1101 4852 alii
1119 4777 1352 4875 quamplures.

346 4895 401 4960 lv.
1461 4909 1498 4964 to
