4372 5918
1031 567 1388 638 cottsvtvuutotttts

948 871 1266 962 urrutos'cvr.
1294 892 1358 963 nl
1381 891 1471 988 (er).

650 1067 698 1138 Dc
707 1066 892 1160 poaopts
908 1087 1020 1137 coram
1038 1067 1096 1160 qai
1109 1066 1205 1138 citati
1220 1075 1320 1138 cotra
1336 1068 1501 1142 civitam
1517 1090 1583 1142 aaa
1599 1073 1771 1146 mebant

886 1200 918 1262 ct
936 1189 976 1261 de
991 1190 1239 1284 pricilepioram
1257 1191 1446 1265 irritatione
1465 1190 1530 1290 (a).

1050 1389 1141 1464 roan
1166 1390 1367 1442 nucusrus.

468 1585 473 1596 ·
551 1543 733 1640 Privilegia
750 1545 961 1640 quibusdam
975 1545 1097 1619 locisa
1113 1545 1214 1619 nobis
1230 1546 1285 1620 vel
1300 1546 1602 1644 predecessoribus
1618 1550 1745 1624 nostris
1762 1550 1912 1640 indulta,

503 1690 636 1742 necnon
660 1670 928 1744 consuetudines
945 1669 982 1743 in
997 1669 1081 1742 locis
1098 1670 1184 1766 ipsis
1201 1670 1378 1762 obtentas,
1393 1673 1501 1744 veluti
1512 1673 1691 1763 Messana,
1711 1671 1913 1774 [Neapoli]‚

503 1793 651 1884 Averso,
673 1790 831 1891 [Salerni]
849 1794 904 1866 vel
922 1793 999 1866 aliis
1013 1792 1303 1888 quibuscumque,
1322 1816 1385 1889 per
1396 1815 1466 1889 que
1475 1795 1569 1868 citati
1583 1817 1604 1869 a
1619 1797 1715 1871 curin
1731 1806 1847 1870 nostm
1858 1799 1914 1871 vel

504 1937 526 1990 a
539 1917 740 2010 justiciariis
755 1918 934 2012 regionum
948 1917 1175 2012 supercausis
1192 1938 1261 2012 que
1274 1917 1321 1991 ad
1339 1918 1743 2012 eorumjurisdictionem
1757 1931 1915 2016 spectare

505 2053 706 2128 noscuntur,
727 2064 766 2116 so
779 2042 948 2114 hactenus
961 2041 1160 2131 tuebantur,
1180 2063 1225 2115 ne
1236 2051 1335 2116 extra
1351 2043 1426 2116 loca
1444 2043 1521 2140 ipsa
1539 2054 1735 2118 tenerentur
1752 2047 1851 2120 exire
1868 2047 1915 2120 ad

500 2167 669 2259 justitium
688 2151 902 2257 iaciendam3
922 2188 964 2239 ac
982 2177 1160 2262 propterea
1179 2166 1398 2240 citationibus
1416 2168 1542 2263 spretis
1562 2191 1688 2264 penam
1703 2172 1916 2244 contumacis

503 2290 696 2382 evitabant,
718 2300 752 2363 et
767 2291 818 2362 sic
838 2289 996 2364 licentius
1015 2289 1183 2364 maleficia
1204 2291 1479 2379 committebant,
1502 2293 1651 2388 presenti
1674 2294 1916 2369 constitutione

503 2413 597 2486 irrita
619 2423 654 2487 et
676 2415 793 2488 inania
819 2435 895 2487 esse
920 2435 1113 2488 censemus.
1134 2413 1203 2488 Sed
1223 2415 1318 2487 omni
1340 2416 1482 2488 omnino
1510 2415 1717 2490 discretione
1740 2417 1912 2506 submota,

504 2537 703 2633 quicunque
721 2547 755 2612 et
767 2537 1107 2632 undecunqueluerit
1122 2560 1142 2610 a
1157 2537 1277 2630 judice
1292 2548 1508 2636 competente
1523 2539 1661 2632 citatus,
1681 2539 1710 2612 si
1726 2550 1914 2616 contumax

502 2661 547 2734 sit
563 2662 599 2734 in
618 2662 778 2736 civilibus
799 2663 854 2734 vel
871 2663 908 2733 in
924 2661 1161 2734 criminalibus
1179 2662 1310 2750 causis,
1331 2663 1429 2758 penis
1449 2661 1629 2756 subjaceat
1645 2663 1769 2739 nostris
1786 2665 1913 2738 consti-

503 2787 693 2861 tutionibus
708 2785 927 2861 introductis.

932 3103 1134 3176 TITULUS
1159 3102 1269 3176 cvtt.
1297 3105 1358 3173 ΠΒ
1384 3099 1475 3198 (82).

868 3281 918 3352 Dc
935 3281 1139 3353 contumacia
1153 3281 1295 3374 aldajas
1312 3280 1551 3351 universitates.

1046 3481 1138 3530 roan
1164 3479 1364 3530 incusans.

551 3637 805 3712 Dubitationem
820 3635 1097 3730 jurisperitorum
1117 3658 1187 3709 nou
1204 3645 1275 3709 tam
1294 3635 1445 3730 benigna
1462 3655 1569 3730 qoam
1585 3634 1778 3708 necessaria
1796 3633 1912 3729 legum

504 3762 783 3858 interpretatione
812 3761 985 3850 tollentes,
1011 3760 1195 3832 statuimus
1219 3760 1248 3832 si
1276 3758 1419 3854 quaudo
1446 3757 1654 3832 universitas
1675 3759 1793 3854 aliqua
1817 3761 1913 3854 regni

503 3885 609 3958 nostri
628 3883 849 3979 personaliter
867 3893 902 3957 et
924 3881 1070 3956 civiliter
1085 3889 1255 3956 conventa
1270 3878 1325 3979 [et
1348 3876 1469 3976 citata]
1486 3889 1674 3954 contumax
1690 3881 1911 3976 apparuerit,

504 4031 569 4083 nec
589 4005 786 4082 inveniatur
804 4029 987 4083 commune
1006 4008 1081 4100 ejus
1099 4006 1233 4103 aliquid
1250 4003 1347 4102 quod
1369 4014 1508 4102 propter
1524 4004 1635 4100 ipsius
1660 4006 1911 4078 contumaciam

503 4133 549 4206 ab
570 4131 769 4206 adversario
789 4133 901 4206 valeat
921 4130 1089 4228 possideri
1109 4132 1167 4206 vel
1193 4150 1298 4226 super
1318 4150 1389 4223 quo
1407 4125 1586 4202 definitiva
1607 4129 1776 4203 sententia
1802 4129 1915 4202 valeat

501 4255 699 4332 executioni
717 4254 887 4346 mandari,
904 4255 1057 4350 singulos
1078 4253 1123 4328 de
1139 4254 1363 4328 universitate
1380 4251 1536 4348 predicta
1554 4251 1600 4326 ad
1622 4252 1799 4326 collectam
1818 4271 1913 4326 com·

501 4380 679 4478 pellendos
696 4399 773 4454 esse
790 4379 804 4471 j
810 4378 974 4470 abemus,
1003 4379 1066 4474 qui
1086 4379 1123 4452 in
1143 4379 1285 4452 collecta
1303 4377 1378 4472 ipsa
1390 4377 1567 4450 conterant
1584 4397 1647 4472 pro
1674 4374 1779 4450 modo
1800 4376 1912 4450 lacul-

541 4584 583 4668 (α)
603 4586 714 4649 Graece
727 4605 736 4649 r
751 4585 793 4648 Dc
805 4583 959 4648 abolitione
968 4581 1187 4666 mblbpr'orran
1200 4581 1302 4668 quibat
1314 4579 1453 4646 moolli
1463 4581 1504 4646 ad
1512 4600 1571 4646 aaa
1583 4580 1788 4665 madum
1799 4600 1829 4645 rc
1844 4588 1914 4645 toe-

503 4691 624 4756 bantur.
