4320 5918
483 526 545 591 suu
988 524 1205 590 rrrnnnrcr
1232 524 1407 590 srcuunr
1708 529 1791 609 [nn.
1809 530 1898 594 reue

485 663 621 740 dudum
650 661 864 760 temporibus
888 661 1051 736 divorum
1076 670 1305 756 augustorum
1334 661 1617 760 predecessorum
1641 675 1838 740 nostrornm
1863 679 1900 742 et

485 809 598 885 nsque
618 787 665 863 ud
683 787 749 861 bec
767 787 881 861 ieiiciu
895 795 1049 884 tempore
1066 797 1183 864 nostru
1202 787 1447 864 inviolabiliter
1462 789 1672 864 observastis
1688 789 1754 886 (a),
1774 812 1898 888 perso-

484 937 607 989 narum
621 913 783 1011 periculis
795 921 831 987 et
846 935 961 986 rernm
976 912 1171 1010 dispendiis
1183 933 1254 988 non
1270 923 1465 1010 puroentes;
1480 913 1601 988 scituri
1613 913 1710 1011 quod
1723 916 1761 988 in
1772 915 1895 992 εοᾱοω

482 1039 638 1114 adventu
655 1046 771 1112 nostro
796 1037 898 1112 telem
918 1057 999 1132 erge
1017 1058 1080 1112 vos
1102 1037 1290 1134 imperialis
1312 1037 1484 1113 celsitudo
1506 1038 1740 1134 provisionem
1755 1039 1898 1116 babebit

481 1163 580 1261 quod
595 1184 642 1237 ex
661 1161 909 1237 beneficiorum
930 1161 1112 1236 collatione
1130 1161 1357 1258 dampnorum
1377 1172 1414 1254 et
1428 1163 1584 1238 omnium
1600 1185 1670 1260 qne
1686 1185 1750 1260 pro
1766 1163 1897 1240 bonore

482 1289 588 1362 nostri
606 1287 755 1361 nominis
775 1295 810 1361 et
824 1287 1085 1362 conservatione
1101 1309 1188 1384 pure
1212 1286 1295 1364 fidei
1312 1288 1405 1385 pnssi
1430 1289 1530 1380 estis,
1549 1289 1704 1386 poteritis
1719 1289 1891 1364 oblivisci.

479 1415 550 1488 Vos
567 1413 672 1508 igitur
688 1432 785 1486 moro
804 1411 905 1486 solito
920 1411 1030 1486 initio
1045 1412 1180 1486 iervore
1201 1409 1283 1488 fidei
1298 1412 1487 1510 persistetis
1503 1413 1565 1510 qui
1582 1412 1685 1488 vobis
1701 1435 1826 1488 versos
1842 1423 1896 1488 est

480 1539 515 1610 in
532 1538 690 1611 bebitum
702 1557 750 1611 ex
766 1537 926 1632 antiquo,
943 1545 982 1610 nt
995 1558 1120 1612 nornen
1135 1537 1172 1610 in
1190 1547 1378 1636 conspectu
1401 1537 1580 1614 bominum
1593 1537 1719 1613 clureet
1735 1549 1771 1612 et
1785 1537 1894 1632 digne

479 1687 540 1762 pro
558 1663 688 1738 meritis
703 1659 870 1738 beneficis
885 1663 1074 1760 reportetis.

530 2231 736 2342 Gregorius
758 2257 858 2342 pepe
879 2231 1059 2316 omnibus
1086 2233 1320 2344 principibus
1349 2260 1417 2346 per
1443 2233 1646 2346 imperium
1677 2232 1891 2318 constitutis

474 2366 633 2450 mendut
650 2375 694 2448 ut
709 2363 914 2449 Hennioum
940 2365 1064 2451 filium
1089 2366 1270 2453 Friderioi
1295 2367 1557 2454 Romanorum
1583 2365 1820 2478 imperatoris
1838 2365 1889 2453 ed

473 2497 709 2582 rectitudinis
737 2498 913 2582 semitam
938 2499 1144 2609 reducent,
1163 2513 1202 2586 et
1215 2502 1434 2612 juramenta
1460 2526 1560 2614 quae
1579 2501 1703 2586 eidem
1728 2499 1887 2610 quidem

472 2631 741 2742 praestiterunt
757 2631 865 2715 irritu
882 2657 965 2718 esse
981 2633 1164 2719 decernit.

553 2836 655 2916 (Edtd.
668 2837 844 2918 Rursum„
857 2833 966 2900 Acutri
979 2833 1087 2916 ecus,
1101 2843 1173 2901 tom.
1186 2838 1259 2902 xxi
1271 2837 1311 2902 ud
1323 2855 1394 2902 nnn.
1408 2835 1585 2922 mmlx,
1600 2853 1618 2900 e
1631 2842 1738 2918 reget
1748 2835 1883 2918 drogon,

591 2943 890 3024 uu.v1n,n·ru.)

521 3117 726 3214 Gregorius,
743 3125 831 3210 etc,
853 3115 1136 3216 archiepiscopis,
1159 3119 1348 3217 episcopis,
1370 3119 1563 3216 ceterisque
1580 3118 1792 3216 principibus
1814 3129 1886 3193 tum

472 3241 711 3318 ecclesiasticis
727 3264 834 3340 quum
849 3241 1038 3318 mundonis
1050 3265 1114 3340 per
1125 3243 1311 3342 imperinm
1331 3243 1544 3334 constitutis,
1563 3253 1738 3340 presentes
1755 3243 1886 3318 littores

472 3367 696 3466 inspecturis,
716 3377 783 3444 etc.
803 3369 886 3444 Rern
912 3369 1094 3467 multipiici
1117 3371 1249 3446 ratione
1269 3369 1429 3468 placitum
1452 3378 1487 3446 et
1505 3368 1726 3443 evidentibus
1746 3367 1886 3444 indiciis

471 3495 681 3570 fructuosum
699 3493 761 3589 qui
782 3492 915 3592 diligit,
937 3494 1067 3568 invitus
1083 3494 1154 3570 ledi
1172 3495 1300 3592 potitur
1321 3505 1356 3570 ct
1377 3493 1555 3570 studiosus
1574 3493 1733 3568 eumdem
1749 3513 1885 3592 oppor-

472 3628 557 3692 tuno
581 3626 734 3716 ternpore
749 3627 939 3714 protuetur.
957 3618 1045 3692 Hinc
1062 3628 1115 3694 cst
1133 3619 1230 3716 qnod
1252 3641 1332 3694 curn
1359 3619 1556 3694 oedssimns
1578 3617 1613 3690 in
1632 3615 1765 3692 Christo
1792 3615 1885 3694 fitius

471 3753 588 3818 noster
614 3740 816 3818 Fredericus
841 3763 888 3818 ex
915 3764 958 3817 ec
986 3743 1087 3818 nobis
1107 3744 1283 3842 potissime
1300 3744 1448 3819 dilectus
1476 3752 1511 3818 et
1535 3741 1736 3837 diligendus
1756 3741 1884 3816 existet

469 3867 566 3966 quod
581 3867 628 3944 ud
642 3867 811 3944 tuendum
824 3866 1055 3943 suoerdotinm
1068 3869 1184 3966 ipsum
1201 3870 1401 3946 noverimus
1414 3889 1435 3944 u
1449 3868 1597 3944 Domino
1613 3867 1831 3966 deputatum,
1846 3877 1883 3940 et

469 3995 553 4090 quie
566 3991 784 4068 devotionern
800 3993 876 4086 ejus
889 3992 1038 4068 diversis
1050 3993 1185 4092 experti
1203 3993 1430 4092 temporibus,
1447 3993 1541 4067 illem
1556 3993 1744 4068 ferventem
1758 3992 1796 4064 in
1811 3989 1882 4066 de-

470 4099 626 4196 tensione
639 4119 850 4196 senserimus
865 4117 1093 4196 ecclesiastice
1109 4119 1291 4211 libertatis,
1311 4120 1381 4218 poti
1397 4119 1569 4208 nolentes,
1584 4117 1674 4190 sicut
1694 4115 1799 4191 etium
1817 4135 1883 4189 nec

470 4245 659 4336 debemus,
678 4243 775 4342 qnod
790 4267 812 4320 a
827 4266 1006 4342 quoquam
1021 4244 1089 4320 sibi
1104 4245 1222 4344 ulique
1239 4245 1406 4322 inierutur
1420 4245 1548 4342 injurie
1561 4243 1618 4318 vel
1627 4243 1778 4336 jactura,
1793 4239 1882 4314 uui-

405 4431 407 4436 .
470 4372 670 4450 versitatem
692 4381 839 4446 vostrum
859 4392 1024 4468 rogemus
1040 4381 1076 4446 et
1092 4371 1313 4448 obsecremus
1331 4373 1367 4446 in
1382 4371 1528 4447 Domino
1548 4369 1629 4444 Iesu
1644 4367 1776 4442 Christo
1790 4387 1879 4462 quu-

469 4511 571 4578 tenus
586 4493 735 4596 prouida
749 4495 970 4572 meditatione
985 4507 1170 4594 pensantes
1182 4519 1288 4594 quem
1305 4495 1469 4572 indecens
1485 4505 1519 4572 et
1533 4493 1738 4592 probrorum
1753 4491 1882 4566 existet

508 4670 553 4754 (a)
573 4668 724 4744 noue
736 4663 876 4730 namu
1020 4747 1024 4756 ,
