4360 5908
238 587 404 672 inormi]
689 587 888 654 tttt'ronttt
914 591 1206 659 otatounatca
1594 593 1656 656 355

238 722 604 805 montecassino
627 722 709 822 re'ge
731 725 859 820 anglie
878 730 929 802 sic
946 729 1016 803 erit
1035 727 1132 824 quod
1158 727 1287 800 nnllam
1313 749 1393 800 cnm
1420 749 1461 801 eo
1487 719 1652 803 faciemus

239 851 424 924 amicitiam
459 873 521 926 sen
555 851 868 930 confederationem
898 877 962 927 nec
991 876 1025 928 a·
1041 845 1166 927 nostris
1193 851 1266 925 fleri
1298 854 1533 949 permittemus
1566 855 1653 926 nbi—

234 973 391 1071 uon'nque
411 970 620 1072 pausatam
637 973 852 1074 impediendi
865 973 1081 1066 habeamus,
1105 978 1180 1051 sine
1197 979 1375 1051 voluntate
1392 979 1537 1073 predicti
1561 980 1653 1072 regis

239 1101 458 1173 Francorum.
481 1101 524 1172 Et
545 1100 635 1172 hanc
652 1100 963 1174 confederationem
982 1101 1061 1174 fecit
1078 1101 1257 1174 nobiscum
1277 1101 1456 1174 bonafide
1477 1101 1569 1174 idem
1588 1118 1653 1178 rex

239 1222 436 1296 Ludovicus
450 1223 547 1318 qnod
565 1246 633 1296 non
649 1225 713 1297 erit
729 1225 842 1317 dicto,
864 1227 971 1314 facto,
988 1225 1131 1298 oonsilio
1146 1226 1201 1298 vel
1217 1247 1361 1298 assensu
1377 1225 1524 1320 qualiter
1539 1246 1601 1298 nos
1618 1233 1653 1298 et

238 1347 385 1420 heredes
400 1349 507 1421 nostri
522 1349 630 1422 vitam
650 1357 711 1421 aut
728 1348 893 1423 honorem
913 1351 1070 1424 amittant
1088 1371 1150 1423 seu
1172 1350 1364 1444 captionem
1385 1369 1568 1445 corporum
1586 1349 1653 1422 ba·

240 1471 344 1546 beant
357 1470 424 1568 (c);
441 1482 476 1544 et
490 1474 520 1544 ei
534 1472 670 1568 aliquid
683 1473 825 1546 istorum
839 1475 997 1565 sciverit,
1016 1474 1103 1548 illud
1120 1473 1326 1547 disturbabit
1343 1473 1433 1546 bona
1451 1472 1539 1558 fide;
1555 1473 1651 1568 qnod

416 591 423 600 -ν

413 653 422 666 d

237 1597 268 1668 ei
288 1597 482 1686 disturbare
497 1619 566 1670 non
578 1597 727 1692 poterit,
745 1597 952 1692 significabit
968 1598 1068 1673 nobis
1088 1607 1148 1672 ant
1171 1598 1275 1671 alicui
1298 1599 1354 1672 vel
1374 1597 1548 1692 aliquibus
1567 1620 1651 1693 pcr-
1754 1671 1757 1677 .

238 1707 332 1793 sonis
352 1721 444 1794 bona
462 1719 533 1794 fide
553 1743 623 1816 que
640 1722 706 1794 hoc
723 1723 862 1794 valeant
880 1722 1094 1814 disturbare,
1116 1745 1178 1796 seu
1196 1746 1256 1820 per
1271 1723 1422 1818 aliquam
1443 1724 1499 1794 vel
1518 1723 1651 1817 aliquae

236 1823 402 1939 ¹personas
417 1843 625 1942 significabit
645 1845 861 1942 nobisipsis.
881 1847 963 1918 ltem
985 1869 1057 1918 non
1079 1847 1267 1940 consentiet
1283 1847 1379 1943 quod
1398 1847 1443 1919 de
1460 1869 1568 1942 regno
1585 1869 1649 1938 suo

236 1969 659 2062 ethominibns‘ejusdem
684 1971 784 2066 regni
808 1972 863 2044 sni
885 1971 940 2044 vel
960 1969 1133 2066 aliquibus
1149 1971 1210 2064 qui
1230 1981 1346 2044 contra
1371 1993 1433 2043 nos
1451 1981 1485 2042 et
1505 1971 1649 2059 heredes

236 2093 594 2188 bostrnsinpereonis,
607 2093 809 2186 bonoribus,
823 2071 1646 2190 terrisnostrisquioquamfecerintvelfacereat·

236 2219 498 2312 temptaverint,
519 2229 589 2296 tam
608 2219 653 2292 da
674 2221 828 2314 personis
845 2243 950 2314 quam
967 2219 1072 2318 rebus
1089 2217 1233 2314 aliquod
1250 2219 1445 2296 subsidium
1462 2219 1644 2314 tribuatur,

237 2339 300 2414 sed
310 2364 451 2437 prorsus
466 2341 634 2414 inhibebit
648 2342 745 2438 qnod
755 2365 823 2417 non
841 2344 900 2418 liat
913 2343 1070 2420 etnefiat
1082 2343 1391 2418 disturbabitbona
1408 2343 1490 2416 liele.
1505 2346 1649 2439 Insuper

235 2465 330 2572 idem
358 2488 421 2538 rex
446 2467 603 2539 homines
623 2467 757 2563 imperii
779 2469 885 2541 nostri
910 2490 973 2542 seu
996 2468 1042 2542 ad
1067 2469 1248 2564 imperium
1270 2479 1423 2542 nostrum
1443 2469 1650 2563 pertinentes

237 2579 457 2666 contumaces
473 2602 535 2667 ant
556 2591 655 2664 nobis
677 2591 822 2676 rebelles
840 2615 902 2666 seu
928 2602 1107 2666 moventes
1127 2614 1287 2688 guerram
1307 2577 1424 2664 contra
1448 2613 1511 2664 nos
1532 2601 1565 2663 et
1583 2591 1650 2664 he·

234 2703 335 2809 redes
358 2728 492 2790 nostros
513 2717 569 2790 vel
595 2717 841 2792 forlsbannitos
859 2719 993 2816 imperii
1019 2719 1127 2791 nostri
1149 2703 1427 2812 non'reoeptabit
1445 2737 1510 2787 nec
1528 2737 1651 2810 recep-

233 2825 302 2912 tari
319 2841 438 2932 faciet,
463 2863 527 2914 nec
547 2841 583 2912 in
607 2862 715 2936 regno
737 2865 801 2916 suo
818 2844 879 2915 nbi
896 2852 1097 2942 potestatem
1122 2843 1246 2916 habeat
1269 2863 1331 2938 por
1353 2861 1390 2913 se
1409 2851 1469 2911 aut
1493 2840 1650 2912 homines

235 2963 318 3062 suos
340 2953 525 3038 sustinebit
541 2967 724 3062 receptari,
746 2977 928 3064 postquam
947 2965 1118 3064 idipsum
1139 2967 1204 3039 sibi
1224 2965 1326 3038 fuerit
1346 2963 1562 3054 intimatnm;
1585 2961 1648 3055 sed

234 3109 294 3162 eos
312 3089 524 3185 ubicumque
543 3091 693 3164 inveniri
710 3101 885 3188 poterunt,
909 3115 971 3190 per
986 3115 1131 3188 regnum
1146 3114 1247 3163 suum
1272 3090 1347 3184 capi
1366 3089 1467 3162 faciet
1487 3089 1524 3160 in
1544 3087 1648 3160 rebus

235 3212 361 3306 pariter
378 3223 413 3286 et
430 3214 585 3308 personis
602 3215 778 3289 bonafide
797 3218 857 3290 ubi
879 3240 982 3314 snper
996 3217 1062 3290 boc
1077 3223 1277 3312 potestatem
1296 3213 1434 3286 babeat.
1457 3211 1648 3286 Prediotam

235 3337 352 3430 itaque
374 3337 686 3438 confederationem
711 3342 921 3438 precipimus
947 3351 982 3415 et
1009 3340 1228 3433 injunximus
1248 3337 1436 3432 jurandam
1456 3329 1649 3435 pronubis

234 3471 268 3532 et
282 3461 318 3531 in
334 3461 451 3535 anima
468 3471 584 3536 nostra
604 3465 768 3539 adilectn
789 3467 946 3539 familiari
967 3475 1083 3538 nostro
1104 3463 1267 3558 magistro
1288 3463 1435 3536 Henrico
1458 3445 1648 3535 venerabili

233 3584 443 3660 Catbanensi
477 3587 584 3661 electo
613 3587 665 3684 (l)
696 3600 730 3662 et
756 3591 908 3665 Henrico
932 3590 977 3666 de
1002 3591 1221 3687 aquisgrano
1245 3588 1450 3683 camerario,
1485 3586 1647 3707 fidelibus

232 3705 370 3781 nostris.

274 3869 317 3952 (o)
340 3871 419 3935 Atlas
435 3875 648 3938 amoenare
663 3826 825 3940 matre.

243 4039 709 4056 *fflm*
1134 4043 1308 4054 ..μμ-...μ-
1315 4037 1642 4052 --ι--μ--ι--ι--ιο-ο

267 4132 302 4205 (t)
320 4135 397 4194 Unde
409 4135 494 4208 liquat
507 4135 674 4196 Goellerium
692 4139 726 4196 de
739 4139 875 4212 Palearia,
892 4141 1067 4200 catanensem
1081 4141 1251 4215 episcopum,
1266 4139 1367 4196 dudum
1381 4138 1409 4196 in
1420 4135 1527 4196 exilium
1538 4134 1646 4208 relega·

233 4238 306 4301 tum,
321 4237 386 4290 tunc
409 4233 538 4308 temporis
555 4235 630 4294 senio
651 4239 839 4312 aerumnisque
863 4239 1013 4300 confectum
1033 4240 1087 4298 fato
1104 4238 1259 4316 cessisset
1273 4235 1297 4294 ll
1310 4236 1387 4310 cujus
1400 4240 1487 4292 morte
1501 4234 1645 4291 llenrieum

231 4329 266 4385 de
278 4330 447 4405 Palimberga
459 4331 512 4406 (sc.
524 4331 716 4407 Polfmlerpc,
728 4337 874 4412 Bamberq)
887 4353 954 4396 amu
968 4337 1109 4396 temerario
1131 4337 1159 4393 in
1180 4335 1359 4394 Cannensem
1380 4333 1472 4392 eedem
1494 4331 1645 4389 Fridericue

231 4425 346 4486 inmisit.
357 4428 442 4502 Hujus
453 4429 601 4487 meminere
616 4437 698 4491 testes
710 4435 811 4509 recepti
825 4434 942 4493 &tanae
956 4437 1035 4506 tate,
1045 4433 1108 4491 abbi
1120 4433 1237 4506 allegati,
1249 4447 1331 4507 quem
1343 4445 1442 4504 genere
1451 4427 1643 4486 Tbeutonicum

231 4524 380 4597 appellant,
392 4526 522 4600 urbisque
534 4535 643 4587 nostrae
653 4537 810 4606 strategum,
819 4533 899 4606 vulgo
908 4532 1100 4606 justitiarium,
1114 4530 1317 4588 llacbarionnm
1332 4527 1475 4604 quemdam
1486 4527 1520 4583 de
1534 4524 1643 4583 munia

231 4619 346 4694 ⁰¹0lli⁸⁸0
366 4625 510 4686 affirmant.
530 4631 665 4689 ttenricus
686 4627 732 4687 bic
750 4629 882 4688 Grossnm
902 4635 934 4687 et
951 4630 1055 4686 Pirum
1073 4629 1184 4687 omnino
1201 4627 1288 4685 latuit.
1304 4645 1318 4680 a
1336 4624 1639 4692 illucescerent,

232 4717 331 4777 Coton.
347 4721 461 4795 illustr„
477 4743 541 4801 pars
554 4728 592 4801 ll,
610 4745 640 4802 p.
652 4728 697 4786 tt.
719 4729 928 4787 instrumentum
950 4728 1007 4785 sira
1031 4727 1120 4802 potius
1141 4725 1276 4799 inquisitio
1297 4724 1332 4782 de
1353 4737 1406 4798 qua
1424 4721 1496 4796 apud
1518 4721 1640 4778 Amicum
