4372 5918
514 583 553 644 78
1045 580 1399 648 CONSTITUTIONES

516 737 640 791 narum
672 724 707 788 et
737 714 889 788 locorum
922 715 1098 812 ipsorum,
1134 718 1171 791 in
1203 719 1461 797 universitatem
1497 721 1606 818 ipsam
1640 723 1775 816 justitia
1810 730 1930 825 previa

518 838 737 938 procedatur.

1003 1064 1206 1140 TITULUS
1229 1066 1291 1140 tv.
1320 1071 1348 1140 Δ
1377 1063 1443 1163 (i).

974 1215 1024 1288 De
1042 1215 1241 1288 redimendis
1258 1217 1396 1312 captivis
1413 1217 1472 1313 (c).

1066 1389 1157 1440 rcum
1183 1389 1385 1442 rucusrus.

567 1515 752 1590 Clementia
778 1515 966 1612 imperialis
990 1517 1147 1614 vestigiis
1173 1519 1391 1608 inherentes,
1420 1520 1589 1616 presentis
1621 1521 1710 1616 legis
1733 1522 1934 1597 auctoritate

519 1641 663 1714 bannito
679 1639 902 1714 concedimus
923 1652 1126 1738 potestatem
1146 1645 1234 1718 inira
1252 1645 1341 1718 duos
1357 1667 1493 1718 menses
1511 1668 1532 1719 a
1550 1643 1609 1720 die
1625 1646 1835 1720 bannitiouis
1852 1668 1933 1720 cou-

520 1763 618 1838 tinuo
643 1765 877 1839 numerandos
901 1766 1033 1860 absque
1058 1767 1205 1862 alicujus
1229 1768 1419 1842 offensione
1444 1769 1551 1843 libere
1567 1780 1602 1844 et
1619 1771 1823 1844 auctoritate
1846 1793 1934 1867 pro-

521 1889 599 1984 pria
618 1889 781 1982 magistro
795 1889 981 1981 justitiario
1000 1891 1055 1963 vel
1070 1889 1256 1984 justitiario
1274 1891 1432 1986 quicum
1458 1891 1664 1968 banniverat
1681 1914 1719 1967 se
1734 1895 1931 1991 conspectui

521 2023 737 2110 presentare;
764 2013 926 2087 omnibus
953 2016 1049 2110 regni
1075 2017 1182 2088 nostri
1210 2015 1370 2090 fidelibus
1392 2017 1590 2114 expressius
1617 2019 1812 2094 inhibentes
1838 2019 1933 2116 quod

522 2136 611 2209 inira
633 2137 827 2232 predictum
846 2137 891 2236 (b)
909 2149 1045 2234 tompus
1072 2140 1107 2211 in
1135 2161 1280 2236 persona
1305 2141 1362 2214 vel
1392 2141 1496 2214 rebus
1523 2142 1637 2238 ipsum
1663 2143 1840 2218 offendere
1864 2165 1934 2217 nou

522 2271 740 2356 presumant3
754 2261 850 2358 quod
865 2265 926 2358 qui
943 2273 1060 2338 contra
1077 2265 1208 2354 iecerit,
1222 2287 1285 2362 pro
1299 2265 1465 2360 qualitate
1482 2263 1600 2338 delicti
1618 2265 1763 2363 perinde
1771 2268 1934 2364 puniatur

521 2387 610 2459 acsi
629 2387 818 2481 quemlibet
839 2388 945 2461 alium
970 2389 1031 2484 qui
1058 2389 1233 2482 subjectus
1252 2389 1368 2463 banuo
1392 2411 1463 2462 uon
1485 2399 1575 2464 esset
1599 2411 1662 2486 per
1688 2391 1853 2484 injuriam
1878 2391 1934 2464 oi-

521 2511 698 2585 iendisset.
727 2513 808 2585 Post
833 2511 1026 2608 predictum
1056 2535 1138 2586 vero
1162 2515 1325 2610 temporis
1352 2513 1522 2610 spatium,
1553 2513 1654 2589 liceat
1678 2514 1822 2589 bannito
1846 2515 1933 2589 iutra

521 2639 688 2734 reliquam
716 2648 848 2733 partem
875 2641 957 2711 anni
981 2637 1192 2713 denunciare
1214 2641 1421 2736 cuicumque
1444 2639 1582 2714 officiali
1611 2649 1725 2714 nostre
1753 2638 1850 2714 cu'rie
1877 2637 1934 2738 [et

520 2764 671 2836 officium
701 2761 950 2858 quodcumque
979 2763 1131 2858 gerenti,
1156 2767 1256 2858 cujus
1290 2765 1580 2862 opportunitatem
1607 2765 1772 2859 majorem
1807 2763 1935 2838 babere

522 2889 673 2985 potuerit
689 2884 742 2984 et]
761 2889 818 2960 cui
838 2887 949 2981 magis
975 2888 1117 2984 clegerit
1133 2889 1321 2982 nunciare,
1346 2889 1442 2984 quod
1461 2899 1619 2985 paratum
1635 2909 1673 2962 se
1687 2889 1808 2962 offerat
1824 2911 1935 2962 accu-

521 3011 625 3085 satori
643 3033 707 3084 suo
724 3012 761 3084 iu
783 3009 918 3104 judicio
941 3011 1170 3107 respondere;
1205 3035 1267 3110 per
1286 3015 1387 3107 cujus
1412 3013 1568 3086 officialis
1586 3015 1715 3087 litteras
1733 3013 1799 3086 bec
1820 3014 1936 3086 omnia

524 3137 620 3209 curie
637 3146 750 3209 nostre
768 3137 823 3210 vel
838 3137 1031 3231 justiciaric
1049 3137 1109 3232 qui
1128 3159 1209 3210 eum
1229 3137 1410 3211 bannitum
1432 3138 1612 3211 bannierat
1628 3137 1853 3226 nunciantur,
1871 3136 1936 3209 sub

525 3263 687 3361 expensis
703 3273 818 3336 tamen
837 3261 969 3335 banniti
986 3261 1152 3358 predicti3
1168 3273 1203 3335 et
1218 3262 1270 3335 sic
1286 3271 1405 3358 postea
1423 3285 1483 3358 per
1495 3261 1697 3356 magistrum
1711 3261 1936 3356 justitiarium

525 3392 580 3466 vel
597 3389 799 3484 justitiarios
815 3387 936 3461 litteris
958 3386 1149 3459 securitatis
1165 3385 1314 3460 obtentis
1335 3407 1377 3460 ac
1400 3386 1434 3460 ei
1452 3387 1514 3481 qui
1533 3385 1690 3482 predicta
1708 3386 1776 3460 sibi
1792 3385 1937 3460 denun-

525 3515 668 3590 ciaverit
687 3513 885 3601 destinatis,
904 3511 1052 3606 receptis
1072 3507 1187 3608 [prius
1203 3511 1271 3584 sub
1293 3519 1386 3584 certa
1405 3512 1514 3585 forma
1531 3507 1595 3608 (c)]
1618 3509 1664 3584 de
1685 3509 1842 3584 iacienda
1854 3511 1938 3604 jus-

523 3641 599 3715 titia
629 3635 890 3732 fidejussoribus
917 3632 1090 3734 [idoneis]
1116 3658 1137 3708 a
1165 3635 1306 3710 bannito
1336 3658 1397 3732 per
1427 3635 1607 3710 officialem
1637 3633 1850 3732 predictum,
1876 3635 1937 3731 qui

526 3766 754 3841 nunciaverat
781 3762 897 3835 omnia
924 3761 1141 3856 supradicta,
1166 3783 1315 3856 quorum
1341 3761 1481 3834 nomina
1506 3771 1541 3834 et
1570 3759 1803 3852 fidejussionis
1830 3759 1936 3832 torma

523 3913 586 3987 per
603 3887 765 3964 eumdem
784 3885 986 3981 magistrum
1004 3885 1233 3979 justiciarium
1252 3887 1308 3958 vel
1325 3883 1527 3977 justitiarios
1546 3883 1597 3980 (d)
1614 3884 1860 3974 resorbentur,
1880 3884 1936 3956 vet

525 4017 562 4086 in
600 4013 736 4088 deiectu
764 4011 1007 4106 fidejussorum
1039 4010 1105 4082 sub
1141 4009 1211 4084 fida
1241 4009 1399 4084 custodia
1430 4011 1596 4084 bannitus
1626 4011 1780 4106 prefatus
1818 4029 1939 4082 secure

566 4201 611 4286 (c)
631 4203 739 4266 Mettus
759 4208 859 4263 mmcn
878 4205 910 4262 tn
933 4197 1361 4280 metamaucensem
1374 4197 1458 4263 liceat
1469 4199 1552 4263 intra
1563 4197 1635 4261 dccc
1645 4213 1752 4260 memor
1763 4195 1859 4258 redae
1870 4202 1899 4258 et
1910 4211 1940 4257 rc

519 4311 687 4397 jmticicrio
699 4309 857 4392 meipncrc.
868 4309 1003 4372 »Graece
1014 4307 1072 4371 :ca
1085 4315 1234 4388 expectato
1246 4315 1371 4389 tempore
1384 4305 1510 4372 manat.
1522 4307 1595 4371 God.
1611 4314 1691 4370 46²4
1704 4307 1731 4369 A
1747 4305 1809 4368 :Da
1819 4301 1939 4368 manc

527 4417 643 4504 parando
647 4417 813 4500 justitiario
825 4433 855 4477 ee
858 4421 1019 4496 procum.

566 4525 610 4608 (b)
631 4527 667 4589 ln
679 4525 747 4587 cod.
761 4533 839 4586 4625
853 4523 972 4585 additur
986 4519 1128 4585 bimam.

569 4631 608 4714 (c)
638 4631 688 4694 stc
700 4631 764 4696 cod.
783 4639 861 4692 toas
876 4645 930 4707 pro
940 4645 1019 4709 perra
1032 4628 1112 4707 quod
1126 4627 1207 4706 apud
1220 4628 1343 4691 caream
1355 4633 1449 4690 extat.

570 4737 613 4820 (d)
634 4740 692 4818 Ap.
707 4735 972 4818 cacantjrcttttao
982 4753 1146 4817 perperam.
1161 4735 1271 4799 Gracco
1283 4733 1303 4809 ἥ
1316 4742 1371 4804 τοῖς
1383 4733 1472 4804 more
1486 4731 1646 4801 δικαιώταις.
