4288 5912
210 505 309 566 hnrcr.
325 501 370 581 b]
659 492 856 560 HISTORIA
879 490 1172 556 ntctottarlch
1559 492 1620 556 eta

209 637 448 727 Chandcrers,
465 631 611 709 ccclesia
627 631 674 706 de
685 633 845 707 liacnset
862 640 930 704 tres
943 629 1054 704 mansi
1071 628 1108 700 in
1121 625 1245 700 eadem
1258 625 1341 700 villa
1359 634 1393 700 ct
1409 649 1517 702 unum
1534 651 1615 725 pra·

208 771 301 853 tum,
322 759 468 834 ecclesia
486 757 532 832 de
546 756 774 851 Cholmargis,
792 753 936 830 ecclesia
949 751 1188 846 deiuvingcy.
1206 751 1279 822 Hec
1290 750 1406 826 omnia
1419 751 1616 848 supradicta

207 906 279 980 que
294 905 402 980 supra
421 882 597 956 nominata
623 881 767 956 occimia
787 880 824 952 iu
844 877 994 976 presenti
1017 874 1170 973 possidet
1185 883 1219 948 et
1235 896 1305 968 que
1328 873 1364 947 in
1380 876 1535 950 laturum
1556 880 1614 952 vel

206 1006 411 1081 liberalitate
425 1005 615 1100 regumvel
628 1004 889 1110 imperatorum,
910 1000 1090 1096 largitione
1102 1000 1315 1095 principum,
1336 998 1518 1076 donatione
1527 1023 1614 1098 pon·

206 1127 359 1221 tificnm,
384 1127 559 1201 oblatione
583 1125 740 1202 fidelium
766 1149 829 1200 eeu
854 1125 1122 1222 quibuscunque
1145 1121 1322 1196 beneficiis
1349 1123 1615 1198 elemosinarum

206 1251 354 1349 adipisci
370 1252 494 1349 possit,
512 1259 629 1325 nostra
645 1250 850 1324 authoritate
864 1248 1079 1334 confirmata,
1103 1248 1220 1344 quiete
1245 1249 1291 1322 de
1310 1255 1423 1320 cetero
1445 1256 1562 1322 teneat
1580 1257 1616 1322 et

207 1377 401 1473 possideat,
418 1376 574 1450 omnium
592 1375 772 1448 hominum
789 1373 1057 1448 contradictione
1072 1381 1107 1446 et
1120 1372 1305 1446 vexatione
1317 1380 1352 1444 et
1367 1371 1494 1466 injusta
1506 1393 1613 1446 exac-

208 1502 304 1575 tione
319 1509 464 1576 remota.
484 1501 652 1596 Precipua
672 1507 789 1573 autem
807 1497 962 1572 Castrum
980 1496 1108 1586 Caroli,
1128 1496 1242 1590 ipsum
1258 1495 1389 1568 scilicet
1407 1505 1556 1570 montem
1575 1496 1612 1568 in

207 1649 280 1722 quc
296 1627 436 1700 abbatia
451 1624 595 1700 lundata
616 1633 686 1717 est,
712 1623 758 1698 ab
778 1622 864 1718 ipsis
878 1621 1118 1696 fundatoribus
1135 1621 1255 1694 divino
1272 1629 1405 1692 tantum
1423 1619 1613 1694 ministerio

207 1750 431 1846 deputatum,
449 1750 598 1823 liberum
615 1757 650 1822 et
668 1748 826 1842 quietum
839 1746 885 1820 ab
902 1746 995 1820 omni
1009 1746 1122 1819 aliena
1143 1745 1201 1820 rel
1217 1745 1369 1818 molente
1386 1745 1565 1819 invasione
1578 1755 1614 1820 et

207 1874 355 1948 abcmui
367 1873 497 1948 ducum
510 1874 721 1948 etoomitnm
732 1894 795 1948 seu
803 1871 1036 1968 quarumlibet
1043 1870 1187 1944 aliarum
1199 1889 1421 1965 personarum
1434 1871 1614 1944 exactione

207 2021 284 2074 esse
300 1998 529 2074 decernimus.
556 1997 608 2072 Sit
623 1996 742 2093 itaque
762 2004 928 2093 perpetuu
944 1995 1046 2090 quies
1063 2003 1098 2068 et
1114 1992 1278 2068 inviolata
1292 1992 1415 2087 religio
1435 2003 1470 2066 et
1486 1994 1613 2068 incon-

206 2143 308 2196 cussa
325 2123 465 2196 libertas
485 2121 657 2196 abbatisse
679 2129 715 2194 et
732 2120 859 2194 sanctis
877 2119 1084 2192 monialibus
1107 2117 1193 2190 inibi
1216 2121 1288 2192 Deo
1309 2127 1345 2190 et
1364 2125 1482 2190 sancte
1503 2117 1612 2192 blarie

206 2267 344 2343 semper
360 2245 487 2340 virgini
507 2255 543 2318 et
557 2253 676 2318 sancto
692 2245 790 2318 Petro
804 2244 1036 2340 apostolorum
1059 2242 1206 2338 principi
1227 2241 1333 2337 digne
1348 2243 1610 2336 famulantibus,

207 2380 243 2444 et
258 2368 448 2444 decedente
459 2367 650 2457 abbatissa,
667 2366 803 2460 relique
816 2366 961 2440 liberam
972 2366 1123 2440 habeant
1138 2365 1338 2439 electionem
1350 2364 1387 2438 in
1404 2365 1526 2440 codem
1538 2388 1612 2442 mo·

206 2494 355 2568 nusterio
367 2493 426 2566 vel
440 2501 539 2568 exoa
552 2491 598 2568 de
609 2492 678 2566 alia
688 2493 862 2568 abbatissa
872 2491 1121 2589 promovenda.
1140 2490 1297 2564 Ceterum
1312 2499 1470 2588 utsupra
1486 2493 1613 2588 scripta

205 2618 322 2692 omnia
335 2626 410 2692 rata
421 2626 456 2690 ct
472 2617 678 2692 inconcussa
689 2617 886 2712 supradicte
898 2617 1042 2692 ecclesie
1053 2615 1147 2690 omni
1160 2624 1311 2711 tempore
1320 2616 1468 2690 valitura
1479 2617 1614 2712 possint

205 2749 241 2814 et
255 2739 407 2815 debeant
421 2761 637 2836 permanere,
654 2739 841 2837 imperialis
853 2740 957 2816 edicti
971 2740 1130 2816 firmitate
1142 2749 1177 2813 et
1192 2740 1401 2836 pragmatica
1414 2741 1607 2830 sanctione,

205 2865 313 2938 nosci
331 2885 473 2960 qnoque
488 2865 694 2938 characteris
709 2865 933 2961 inscriptione
952 2873 987 2938 et
1005 2885 1227 2962 quocumque
1243 2884 1426 2958 possumus
1443 2865 1611 2938 corrobo-

204 2989 346 3064 rationis
352 2988 544 3062 munimine
552 2987 806 3062 confirmamus.
818 2987 1023 3084 Quicunque
1033 2997 1150 3062 autem
1158 2987 1353 3062 mortalium
1362 2987 1611 3062 hancnostram

205 3111 481 3186 constitutionem
491 3112 548 3186 vel
560 3112 869 3186 corroborationem
884 3111 1071 3206 infringere
1084 3111 1265 3186 temerario
1274 3133 1360 3184 ausu
1372 3113 1608 3204 attentaverit,

204 3237 374 3331 imperiali
388 3235 503 3310 banno
515 3236 709 3329 subjaceat,
724 3246 759 3310 et
772 3245 911 3310 centum
921 3236 1028 3309 libras
1040 3235 1116 3310 auri
1129 3245 1164 3310 et
1177 3236 1344 3311 ducentas
1359 3236 1465 3310 libras
1478 3239 1610 3332 argenti

204 3368 343 3434 coactus
361 3361 406 3434 ab
421 3361 626 3457 imperatore
640 3361 708 3436 eibi
724 3370 759 3436 et
775 3361 1092 3436 sanctimonialibus
1107 3361 1157 3434 ibi
1175 3354 1449 3436 deservientibus
1469 3383 1532 3459 pro
1551 3383 1609 3436 sa·

202 3484 395 3558 tislactione
412 3486 599 3580 persolvat.

251 3609 364 3701 Hujus
378 3617 572 3684 sunttestes
587 3609 765 3686 Conradus
776 3607 1067 3709 Wormaoi[ensis]
1080 3611 1279 3708 episcopus,
1296 3610 1468 3684 Hubertus
1482 3610 1607 3684 Bisan-

202 3733 299 3806 tinus
315 3733 463 3828 electus,
481 3733 659 3809 Ebrardus
676 3735 910 3810 thesaurarius
931 3735 1077 3810 ecclesie
1095 3735 1210 3808 Sancti
1226 3734 1383 3824 loannis,
1406 3733 1609 3808 Fredericus

200 3855 485 3950 archidiaconus,
505 3859 668 3953 magister
680 3858 795 3932 Guido
807 3858 965 3953 ejusdem
977 3858 1121 3932 ecclesie
1138 3858 1341 3948 canonicus,
1357 3858 1531 3933 Wihertus
1549 3881 1607 3934 cc·

201 3981 307 4054 clesie
316 3983 431 4056 Sancti
443 3982 607 4079 Stephani
620 3983 866 4076 thesaurarius,
879 3983 1073 4078 Stephanus
1083 3983 1237 4077 ejusdem
1249 3983 1391 4056 ecclesio
1402 3983 1603 4076 canonicus,

200 4100 280 4176 Ado
297 4103 405 4177 abbas
422 4106 538 4178 Sancti
549 4106 729 4202 Eugendi,
749 4107 909 4202 Iphridue
919 4107 1027 4180 abbas
1037 4106 1280 4200 Luxovieusis,
1301 4104 1487 4180 Guttardus
1500 4106 1609 4179 abbas

200 4223 444 4318 Faverniacue,
459 4230 641 4303 Enselinus
654 4231 763 4308 abbas
775 4231 942 4325 Comeoli,
959 4252 1073 4305 comes
1086 4229 1292 4326 Stephanus,
1306 4229 1480 4305 Amedeus
1493 4251 1608 4304 comes

201 4347 247 4422 de
260 4349 377 4424 Monte
393 4353 586 4448 Beligardo,
607 4355 793 4430 Waicheus
806 4356 1006 4450 salinensis,
1025 4356 1204 4431 Bonardus
1216 4355 1261 4430 de
1275 4355 1380 4448 Asve,
1398 4353 1608 4452 Magnardus

200 4471 246 4546 de
265 4471 456 4550 Grombach
466 4532 477 4572 ,
500 4477 704 4553 Thiebertus
724 4479 769 4555 de
783 4481 1050 4576 Montemorct03
1078 4479 1124 4556 de
1139 4480 1270 4556 clericis
1283 4479 1426 4556 ecclesie
1443 4479 1607 4574 magister

199 4596 404 4695 Umbcrtus,
428 4603 592 4698 magister
602 4603 730 4680 Guido.
