4308 5910
1045 567 1401 636 CONSTITUTIONES

956 867 1159 940 TITULUS
1182 867 1318 938 XXXI.
1347 867 1362 936 l
1385 861 1477 962 (l0).

514 1047 562 1117 De
581 1045 918 1118 administrationibus
936 1069 1050 1118 reram
1075 1045 1370 1118 ecclesiasticorum
1387 1051 1463 1136 post
1482 1050 1619 1113 mortem
1637 1043 1842 1136 prelatorum
1860 1045 1921 1144 (a).

1006 1245 1077 1296 unx
1103 1245 1342 1294 aususausus
1366 1219 1428 1316 (b).

561 1396 721 1472 Pervenit
745 1399 792 1473 ad
813 1399 1026 1474 audientiam
1047 1408 1197 1472 nostram
1216 1399 1312 1495 quod
1333 1397 1440 1492 bajoli
1462 1395 1524 1492 qui
1546 1396 1628 1470 olim
1648 1399 1765 1470 statuti
1788 1399 1923 1476 lucrant

511 1543 617 1618 super
633 1525 787 1598 ecclesiis
802 1527 1001 1622 pastoribus
1019 1525 1227 1614 carentibus,
1241 1523 1288 1597 ad
1304 1521 1549 1596 custodiendas
1562 1532 1597 1594 et
1614 1524 1726 1596 salvas
1744 1526 1919 1601 iaciendas

512 1669 567 1720 res
585 1649 825 1741 ecclesiarum,
846 1651 1015 1745 quamdiu
1034 1649 1166 1723 eisdem
1189 1648 1235 1722 de
1250 1648 1445 1744 pastoribus
1462 1647 1699 1743 provideatur,
1719 1671 1789 1722 non
1806 1651 1855 1725 ita
1874 1653 1924 1725 fi-

513 1771 635 1845 deliler
652 1783 687 1846 et
712 1774 867 1848 studiose
890 1775 1017 1848 sicula
1037 1783 1153 1848 nostra
1169 1775 1265 1846 curia
1282 1783 1355 1846 erat
1371 1773 1580 1865 injunctum,
1607 1773 1720 1868 ipsum
1743 1776 1923 1850 servitium

510 1897 735 1991 peragebant,
759 1897 821 1972 sed
848 1899 939 1971 male
965 1899 1155 1971 tractabant
1178 1893 1226 1994 [et
1250 1895 1489 1968 custodiebant
1509 1915 1566 1968 res
1588 1895 1741 1990 ipsarum
1760 1900 1921 1974 acclesia-

510 2017 618 2119 rum.]
633 2023 761 2095 Verum
779 2023 862 2117 quia
880 2044 1000 2096 omues
1024 2023 1186 2096 eeclesias
1210 2020 1308 2115 regni
1334 2019 1441 2092 nostri
1464 2029 1499 2093 et
1523 2021 1716 2116 specialiter
1738 2021 1832 2118 ipsas
1854 2049 1923 2121 que

511 2147 708 2243 pastoribus
726 2157 843 2221 carent
861 2149 896 2220 in
910 2171 1014 2221 manu
1032 2158 1066 2222 et
1080 2145 1291 2244 protectione
1309 2154 1425 2218 nostra
1440 2146 1623 2234 habemus,
1638 2146 1792 2220 nolentes
1811 2159 1850 2221 ut
1868 2173 1923 2224 ras

512 2272 732 2344 ecclesiarum
752 2273 885 2345 illarum
905 2273 940 2344 in
956 2273 1073 2368 aliquo
1093 2274 1294 2344 minuantur
1310 2267 1380 2369 [val
1397 2269 1658 2362 defraudentur,
1673 2273 1857 2347 statuimus
1873 2275 1921 2376 et]

511 2396 685 2468 sancimus
707 2405 746 2468 ut
766 2395 930 2492 deinceps
949 2398 980 2470 si
996 2399 1076 2492 quis
1093 2397 1371 2492 archiepiscopus
1387 2395 1446 2468 vel
1467 2395 1651 2492 episcopus
1676 2397 1774 2491 regni
1801 2399 1923 2474 deces-

513 2520 612 2613 serit,
633 2543 688 2594 res
705 2521 812 2617 ipsius
827 2522 971 2595 ecclesie
989 2522 1026 2592 in
1042 2520 1199 2594 custodia
1222 2530 1257 2592 at
1273 2541 1357 2592 eura
1376 2519 1479 2592 trium
1499 2518 1544 2592 de
1561 2521 1759 2594 melioribus
1779 2533 1814 2596 et
1835 2523 1922 2600 fide·

510 2645 653 2717 lioribus
667 2666 801 2718 necnon
823 2654 859 2719 et
876 2645 1139 2742 sapientioribus
1158 2644 1311 2740 personis
1323 2643 1432 2740 ipsius
1450 2643 1593 2717 ecclesie
1611 2644 1657 2717 ad
1676 2646 1921 2722 custodiendas

509 2779 544 2841 et
566 2771 821 2844 conservandas
839 2793 899 2844 eas
918 2771 964 2844 ad
985 2791 1074 2866 opus
1100 2771 1243 2844 ecclesie
1264 2791 1375 2865 nsque
1399 2768 1482 2843 dum
1502 2769 1548 2843 de
1571 2781 1707 2866 pastore
1725 2769 1774 2870 [in
1797 2772 1920 2845 eadem

509 2891 667 2992 ecclesia]
692 2895 929 2991 provideatur,
958 2895 1488 2989 committantur31antummodo
1516 2895 1561 2969 da
1590 2894 1758 2968 reditibus
1780 2905 1815 2969 et
1839 2919 1921 2993 pro·

507 3021 670 3093 ventibus
686 3021 798 3116 ipsius
816 3022 962 3096 ecclesie
988 3023 1035 3096 ad
1058 3044 1160 3094 usum
1183 3023 1407 3096 servientium
1428 3021 1558 3094 ibidem
1577 3019 1783 3094 morantium
1802 3045 1921 3097 neces-

509 3143 600 3216 saria
631 3145 876 3218 rationabiliter
905 3156 939 3220 et
973 3147 1181 3220 sufficienter
1223 3147 1476 3238 ministrentur3
1508 3169 1554 3220 ex
1591 3147 1642 3220 eis
1672 3123 1740 3244 ip'si
1776 3149 1921 3222 ecclesie

507 3267 653 3338 multum
672 3268 761 3342 bene
778 3279 812 3342 et
828 3269 1073 3344 rationabiliter
1091 3275 1278 3364 serviatur3
1295 3273 1474 3345 residuum
1492 3273 1537 3345 ab
1555 3271 1640 3370 ipsis
1653 3273 1855 3347 custodibus
1873 3276 1921 3350 ad

508 3411 597 3485 opus
615 3392 725 3487 ipsius
745 3395 888 3467 ecclesie
908 3397 1004 3468 salve
1026 3406 1061 3468 et
1080 3397 1210 3491 integre
1236 3397 1462 3487 custodiatur,
1482 3397 1594 3470 donec
1612 3397 1661 3469 ibi
1679 3409 1794 3494 pastor
1817 3399 1921 3473 luerit

508 3516 724 3588 constitutus.
749 3517 940 3590 Constituto
960 3529 1075 3591 autem
1100 3519 1136 3590 in
1155 3519 1299 3592 ecelesia
1321 3529 1474 3616 pastore,
1498 3521 1666 3616 quicquid
1691 3521 1859 3595 derebus
1885 3533 1920 3595 at

506 3639 701 3714 introitibus
729 3641 839 3737 ipsius
857 3643 1001 3717 ecclesie
1026 3645 1245 3738 remanserit,
1264 3645 1331 3742 ipsi
1355 3647 1480 3742 pastori
1499 3668 1619 3720 eorum
1642 3647 1818 3742 assignent
1833 3658 1867 3720 et
1885 3647 1917 3719 ei

502 3764 669 3838 munnam
684 3763 768 3840 inde
784 3765 945 3840 reddant.

547 3967 591 4050 (a)
613 3971 724 4033 Graeca
738 3989 747 4032 t
763 3971 806 4034 lta
818 3970 999 4035 mrototibur
1011 3927 1191 4034 calabrum
1203 3991 1277 4056 quar
1288 3971 1449 4036 viduantur
1457 3979 1583 4055 pertore.

548 4074 588 4156 (b)
611 4077 657 4138 lta
671 4095 790 4156 quoque
802 4081 835 4142 tn
847 4080 914 4143 cod.
931 4089 1021 4144 tort.
1042 4082 1192 4144 Editlonss
1213 4097 1284 4144 vero
1306 4080 1433 4160 sugam,
1448 4080 1600 4158 llndebr„
1616 4081 1736 4156 venet„
1750 4079 1844 4160 nugo.
1860 4079 1916 4142 lm·

505 4181 577 4243 bant
588 4199 648 4243 nsx
661 4185 826 4248 Iloonurus.
