4372 5918
497 571 540 634 ao
1013 523 1387 637 'consurrurrouns

500 707 623 780 locem.
645 705 747 792 Quod
766 706 798 780 si
815 727 885 782 non
903 707 1035 796 fecerit,
1055 717 1204 803 quatuor
1221 707 1420 804 augustales
1436 703 1489 800 (f)
1505 704 1542 776 in
1560 723 1686 800 penum
1703 713 1773 779 tarn
1789 707 1914 780 nocive

501 829 638 904 desidie
662 851 797 904 camera
825 839 941 905 nostre
964 842 1157 928 componat.
1179 833 1249 906 Nec
1269 831 1316 906 ud
1338 829 1538 904 euitandam
1566 850 1693 924 penam
1714 831 1840 926 aliquis
1867 832 1915 906 si·

502 953 635 1026 mutare
653 954 802 1049 potuerit
824 954 1029 1028 obauditum
1049 955 1320 1048 vociferationis,
1340 955 1403 1052 qui
1424 963 1485 1028 aut
1506 952 1573 1026 sub
1598 953 1723 1029 codam
1742 965 1833 1029 tecto
1855 965 1917 1030 aut

502 1078 581 1150 foco
598 1077 713 1168 fuerit,
733 1077 828 1152 uude
845 1099 966 1152 vocem
983 1079 1105 1154 audire
1122 1080 1283 1176 potuerit,
1300 1079 1360 1174 qui
1383 1076 1527 1166 surdus,
1548 1089 1611 1150 aut
1632 1077 1707 1150 sine
1728 1076 1809 1152 doto
1824 1081 1915 1153 mafo

503 1199 665 1290 claudus,
685 1209 746 1274 ant
763 1202 860 1276 aliter
878 1201 1072 1296 imbecillis,
1098 1213 1159 1276 aut
1181 1201 1436 1279 vociferationis
1452 1210 1608 1298 tempore
1625 1201 1818 1296 dormiens,
1845 1223 1914 1276 non

503 1324 679 1420 probetur.

902 1605 1120 1680 TITULUS
1150 1606 1289 1680 XXIV.
1318 1611 1387 1679 KH
1412 1603 1522 1702 (28).

829 1784 876 1854 De
887 1805 977 1878 penu
991 1783 1166 1855 mulierum
1181 1785 1301 1876 injusto
1316 1785 1589 1880 conquerentium.

1055 1979 1144 2031 anun
1174 1979 1372 2032 AUGUSTUS.

551 2133 739 2206 Pessimum
756 2144 791 2208 et
808 2133 1015 2208 horrendam
1032 2145 1177 2231 questus
1196 2137 1375 2210 materiam
1395 2133 1463 2233 (o),
1484 2156 1554 2232 que
1570 2136 1737 2210 hacteuus
1755 2135 1791 2208 in
1810 2157 1917 2230 grave

502 2257 725 2354 dispendium
740 2259 974 2353 subjectorum
997 2271 1190 2334 nostrornm
1211 2262 1374 2354 invaluit,
1393 2271 1608 2353 resecantas;
1631 2259 1717 2334 dum
1734 2259 1912 2354 mulieres,

503 2403 573 2476 qua
600 2393 721 2479 raptus
745 2383 906 2478 iniuriam
933 2385 990 2458 vel
1013 2385 1213 2460 violentiam
1235 2407 1338 2482 passe
1358 2407 1427 2460 non
1451 2395 1566 2476 erant,
1590 2384 1635 2459 ds
1656 2383 1832 2481 aliquibus
1855 2404 1916 2480 per

505 2505 725 2579 mendacium
754 2509 1007 2603 querebantur3
1039 2520 1074 2584 et
1100 2511 1151 2584 sic
1176 2511 1405 2584 accusationis
1438 2507 1649 2584 instituende
1677 2507 1732 2582 vaf
1764 2509 1917 2582 institute

504 2630 637 2722 timore,
659 2631 744 2706 dum
756 2633 969 2725 judiciorum
987 2636 1149 2732 strepitus
1166 2638 1222 2710 vel
1246 2645 1392 2712 eventus
1404 2636 1455 2710 rei
1473 2643 1632 2708 metuunt
1655 2633 1826 2723 accusati,
1851 2635 1917 2704 im·

505 2755 601 2850 paria
627 2757 843 2830 matrimonia
865 2751 1054 2832 sortiuntur
1078 2759 1269 2853 interdum3
1292 2760 1464 2834 interdum
1480 2759 1584 2833 etium
1601 2759 1725 2855 stipem
1741 2767 1875 2853 turpem
1895 2779 1917 2830 a

503 2877 572 2949 reis
591 2879 785 2952 velamento
802 2877 958 2974 predicto
976 2881 1204 2956 accusationis
1224 2881 1430 2977 acquirunt3
1448 2881 1610 2954 volumus
1632 2887 1668 2952 et
1688 2877 1913 2964 mandamus,

505 3009 544 3072 ut
569 3023 779 3100 quocunque
808 3013 884 3100 post
911 3004 977 3078 beo
1002 3002 1047 3078 de
1074 3006 1133 3078 tati
1163 3007 1267 3079 fuerit
1290 3007 1375 3080 falsa
1400 3005 1573 3079 delatione
1595 3003 1773 3091 convicta,
1797 3002 1915 3076 mortis

507 3123 639 3220 laqueis
661 3127 789 3200 irretita
813 3131 849 3200 in
873 3130 1006 3202 foveam
1025 3127 1188 3204 incidisse
1206 3151 1244 3203 sa
1264 3129 1407 3218 sentiat,
1426 3151 1531 3224 quam
1557 3129 1698 3204 alterius
1716 3127 1812 3202 casui
1836 3148 1914 3222 pre·

507 3249 667 3344 parabat,
695 3251 725 3323 si
754 3273 797 3325 ca
831 3275 901 3348 qne
934 3252 1103 3327 detulerat
1133 3253 1400 3349 comprobasset.
1425 3253 1501 3338 Qua
1525 3251 1555 3325 si
1581 3251 1741 3349 supplicii
1764 3259 1916 3346 tempore

508 3397 680 3472 pregnans
708 3375 922 3471 inveniatur,
948 3376 1132 3474 usquead
1158 3376 1389 3474 qnadraginta
1413 3376 1507 3470 dias,
1530 3385 1609 3472 post
1626 3385 1762 3473 partum
1787 3373 1912 3468 ipsius,

507 3522 651 3596 penam,
672 3500 886 3576 humanitate
903 3503 1088 3595 suadente,
1111 3505 1274 3576 volumus
1297 3501 1491 3598 prorogari3
1512 3509 1548 3573 et
1565 3509 1701 3595 partum
1719 3519 1767 3571 ex
1781 3519 1823 3570 ea
1840 3495 1915 3570 cdi·

508 3633 603 3716 tum,
631 3625 661 3698 si
687 3647 757 3699 non
788 3627 915 3702 babeat
943 3627 1140 3723 proximos,
1162 3637 1325 3722 cognatos
1346 3625 1488 3699 forsitan
1517 3625 1574 3699 vaf
1596 3623 1734 3716 affines,
1759 3644 1847 3717 quos
1870 3622 1916 3695 ad

508 3750 731 3825 nutriendum
760 3751 875 3848 ipsum
898 3747 1031 3824 affectio
1061 3750 1290 3847 proximitatis
1317 3749 1477 3838 inducat,
1498 3750 1543 3823 de
1570 3747 1672 3822 bonis
1694 3747 1837 3838 nostris,
1856 3766 1916 3841 per

508 3875 672 3948 officiales
695 3886 830 3951 nostros
853 3877 915 3972 qui
948 3883 1031 3949 tuno
1054 3876 1216 3970 temporis
1238 3877 1274 3948 in
1297 3875 1365 3948 illis
1389 3875 1545 3971 partibus
1568 3881 1747 3970 preerunt,
1775 3870 1916 3946 educari

503 3998 677 4092 jubemus.

550 4209 594 4292 (o)
615 4212 726 4274 Gracco
741 4231 750 4274 a
765 4213 922 4275 Porrimam
936 4219 964 4277 cf
975 4209 1150 4275 Ιιοπιηᾰαηι
1162 4207 1280 4293 ruputas
1291 4229 1417 4274 manum.

545 4504 580 4578 (t)
598 4503 688 4562 Prima
700 4521 771 4566 nnuc
784 4505 818 4563 de
831 4505 882 4564 hac
894 4521 975 4564 aurea
988 4511 1097 4565 moneta
1108 4507 1218 4564 mantio.
1232 4505 1360 4565 Eandem
1371 4511 1462 4564 tantm
1473 4521 1528 4565 uon
1539 4511 1600 4563 anta
1615 4517 1737 4562 mensem
1749 4500 1919 4560 decembrem

509 4603 589 4676 bujrrs
602 4603 665 4661 anui
678 4605 743 4664 taut
760 4610 894 4664 memomt
909 4603 1056 4662 Riocardus
1067 4604 1102 4662 de
1115 4604 1146 4662 S.
1160 4605 1306 4677 Germano,
1321 4604 1368 4678 qui
1381 4603 1419 4662 ita
1435 4621 1442 4659 ε
1461 4603 1595 4662 «Nummi
1614 4601 1688 4660 aurei
1708 4604 1754 4674 qni
1767 4598 1918 4674 augustales

512 4721 526 4754 u
541 4706 671 4760 vocantur
684 4701 718 4761 de
738 4702 864 4762 mandato
877 4701 1045 4779 imperatoris
1056 4701 1209 4778 inutraque
1220 4703 1296 4779 sycfa
1309 4700 1453 4760 Brundusii
1462 4707 1490 4759 et
1502 4701 1641 4761 Messanae
1648 4698 1793 4758 cuduntur.
1804 4714 1819 4750 r
