4298 5906
537 597 598 700 eoo
987 626 1124 690 nouas
1150 625 1506 689 consurrurronns

537 773 847 866 mittere'poterunt
862 765 920 841 vel
938 764 1070 856 locare,
1091 771 1194 863 prout
1208 763 1334 838 melius
1350 761 1424 837 fisci
1440 763 1547 838 nostri
1568 725 1779 861 profectibus
1798 765 1948 843 viderint

536 896 715 995 expedire.

943 1031 1083 1104 LIBER
1112 1031 1148 1122 Ι,
1178 1029 1381 1104 TITULUS
1408 1029 1543 1102 LXlll.

779 1183 826 1253 Da
843 1182 1063 1276 questionibus
1077 1184 1166 1254 tuter
1184 1181 1303 1276 fiscum
1318 1189 1350 1252 ct
1361 1180 1512 1274 priootos
1532 1179 1707 1251 movendis.

585 1334 787 1422 Quostiones
804 1355 923 1407 omnes
941 1335 1031 1407 inter
1046 1331 1169 1406 liscum
1186 1343 1341 1406 nostrum
1354 1342 1388 1406 et
1403 1331 1556 1429 privatos
1574 1329 1776 1424 movendas,
1786 1341 1856 1406 tam
1871 1355 1948 1430 per·

538 1460 672 1536 sonales
689 1481 793 1555 quam
811 1459 940 1549 reales,
961 1479 1032 1554 que
1050 1479 1120 1532 uon
1139 1458 1210 1531 sint
1225 1457 1270 1532 de
1288 1456 1402 1532 lendis
1417 1457 1475 1530 val
1494 1456 1600 1530 rebus
1619 1454 1838 1551 feudalibus,
1860 1479 1950 1554 cog-

537 1584 684 1659 nitiones
704 1569 963 1679 atque'jndicia
988 1581 1145 1678 magistri
1170 1583 1350 1656 camerarii
1376 1581 1563 1678 accipiant,
1588 1589 1623 1654 et
1640 1581 1751 1678 ipsas,
1776 1581 1950 1676 adjunctis

533 1709 727 1802 justitiariis
750 1730 831 1780 cum
856 1717 973 1781 contra
997 1707 1121 1780 fiscum
1140 1707 1272 1800 agitur,
1294 1715 1329 1780 et
1350 1715 1509 1804 presente
1532 1704 1607 1779 fisci
1632 1716 1777 1803 patrono
1794 1715 1830 1780 et
1851 1705 1950 1780 insti·

538 1842 614 1907 tuto
630 1833 779 1930 provido
794 1843 830 1906 et
842 1831 938 1906 fideli
956 1841 1179 1927 procuratore
1199 1853 1262 1927 pro
1284 1840 1381 1929 parte
1402 1841 1517 1904 nostre
1536 1830 1651 1920 curie,
1673 1853 1786 1926 nsque
1803 1829 1850 1905 ad
1869 1851 1951 1904 sen-

540 1959 664 2034 tentias
683 1958 915 2050 examinatas,
937 1956 1021 2031 dato
1041 1957 1131 2053 parti
1153 1955 1252 2030 alteri
1274 1957 1503 2053 peremptorio
1528 1955 1687 2048 termino,
1706 1977 1769 2052 per
1782 1955 1950 2029 nuncium

540 2094 576 2158 et
591 2083 720 2157 litteras
743 2103 824 2156 suas
843 2082 890 2157 ad
910 2081 1045 2154 curiam
1068 2091 1219 2154 nostram
1241 2080 1377 2154 mittant
1391 2079 1457 2179 (t).
1476 2081 1521 2154 Ut
1541 2089 1657 2154 tamen
1678 2101 1783 2176 super
1804 2078 1952 2175 quibus·

538 2206 625 2282 libet
642 2207 767 2282 debitis
785 2227 854 2302 qne
877 2228 898 2280 a
920 2206 1015 2280 cuna
1036 2215 1153 2280 nostra
1170 2213 1336 2302 petuntur
1357 2215 1393 2280 et
1415 2227 1485 2301 que
1509 2205 1700 2280 consistunt
1724 2204 1762 2276 in
1784 2225 1949 2297 numero,

539 2331 693 2430 pondere
710 2340 745 2406 et
761 2353 936 2425 mensura,
949 2331 1039 2406 hanc
1053 2333 1197 2406 formam
1214 2331 1399 2406 observent
1412 2357 1421 2402 :
1433 2329 1596 2404 videlicet
1612 2327 1708 2426 quod
1725 2349 1796 2402 non
1811 2351 1874 2426 per
1889 2329 1952 2401 in-

538 2465 765 2530 strumentum
784 2455 1039 2549 tantummodo,
1062 2455 1125 2530 sed
1145 2477 1208 2552 per
1221 2463 1325 2528 testes
1341 2455 1403 2551 qui
1419 2454 1649 2528 numerationi
1665 2453 1831 2546 naturali,
1852 2475 1951 2527 men·

539 2601 621 2654 sure
635 2581 689 2654 vel
709 2579 855 2676 ponderi
872 2579 1096 2676 personaliter
1112 2579 1348 2669 interfuerint,
1367 2599 1438 2652 non
1456 2577 1636 2673 pauciores
1649 2578 1819 2674 quinque,
1840 2577 1868 2650 si
1887 2599 1954 2674 pe-

538 2705 599 2778 tita
616 2705 789 2799 quantitas
811 2704 888 2777 auri
905 2704 1027 2777 libram
1047 2703 1212 2796 excedat,
1233 2703 1386 2800 alioquin
1404 2725 1466 2800 per
1481 2702 1675 2796 legitimum
1697 2725 1881 2777 numerum
1898 2701 1951 2800 (2)

537 2830 644 2926 petita
659 2829 860 2926 probentur.
877 2827 1034 2903 Ceterum
1047 2827 1094 2903 ad
1107 2827 1174 2903 hoc
1190 2837 1231 2902 ut
1246 2828 1314 2925 ipsi
1331 2827 1486 2921 magistri
1503 2827 1681 2900 camerarii
1700 2849 1780 2900 cum
1798 2828 1954 2924 personis

539 2955 607 3028 sibi
630 2975 692 3050 per
712 2964 863 3028 nostram
886 2955 1018 3029 curiam
1037 2953 1212 3052 deputatis
1232 2954 1269 3026 iu
1287 2951 1510 3048 dispendium
1535 2951 1586 3025 rei
1610 2949 1786 3024 familiaris
1804 2951 1878 3024 suis
1900 2952 1954 3024 la-

538 3079 661 3154 borare
674 3079 855 3176 etipendiis
870 3101 940 3153 non
957 3089 1137 3175 cogantur,
1157 3101 1220 3175 per
1233 3078 1398 3174 speciales
1414 3097 1530 3150 sacros
1546 3085 1661 3150 nostre
1674 3075 1954 3150 mansuetudinis

538 3203 669 3300 apices.
690 3213 793 3302 prout
815 3213 923 3278 emtus
948 3204 1131 3297 cujuslibet
1155 3224 1216 3299 pro
1239 3214 1392 3298 tempore
1407 3201 1528 3294 inerit,
1550 3210 1741 3276 statuemus
1763 3198 1895 3278 eisdem
1913 3201 1952 3274 in

537 3332 701 3428 expensis
717 3331 902 3405 annalibus
916 3341 951 3404 et
965 3329 1214 3404 sufficientibus
1229 3327 1405 3429 provideri
1423 3324 1489 3434 (3).

591 3707 692 3818 §Vl
715 3704 1010 3791 Constitutiones
1037 3705 1217 3816 speciales
1244 3732 1359 3817 super
1383 3705 1517 3791 officiis
1546 3717 1586 3792 et
1616 3707 1764 3791 salariis
1790 3706 1953 3820 bajulo-

535 3865 642 3951 rum,
658 3839 853 3951 judicum,
873 3839 1128 3948 notariorum,
1149 3841 1419 3924 advocatorum
1437 3849 1475 3925 et
1492 3840 1765 3952 apparitorum.

821 4057 964 4131 LIBER
993 4057 1026 4150 1,
1060 4057 1263 4130 'llTUlUS
1291 4058 1427 4149 LXVI,
1459 4055 1582 4132 Plus
1611 4057 1658 4132 ll.

1074 4203 1182 4306 [Novo
1199 4203 1414 4308 constitutio]

586 4357 642 4432 Ad
665 4357 817 4433 officium
840 4357 1038 4453 bajulorum
1059 4359 1222 4456 precipue
1243 4359 1407 4433 volumus
1432 4359 1602 4456 pertinere
1626 4368 1838 4457 contemptas
1862 4363 1952 4437 assi-

573 4581 610 4656 (4)
629 4581 690 4640 vid.
705 4597 788 4657 supra
800 4581 1017 4642 constitutionem
1027 4581 1146 4642 Prcatdea
1157 4585 1376 4660 provinciarum,
1388 4585 1430 4644 tit.
1444 4585 1499 4658 LV,
1513 4601 1543 4660 p.
1556 4587 1620 4644 4944.

570 4677 610 4754 (2)
629 4677 736 4738 Scilicet
747 4695 797 4754 per
807 4685 863 4738 tres
875 4685 968 4740 estes
979 4679 1021 4740 Cl.
1035 4679 1081 4740 lib.
1096 4681 1135 4754 ll,
1149 4682 1192 4740 tit
1205 4682 1333 4755 XXXIV,
1348 4699 1378 4757 p.
1392 4684 1455 4741 4446.

470 4865 476 4876 ι
572 4776 608 4852 (3)
625 4775 728 4836 liudem
740 4774 842 4837 scilieet
855 4775 970 4838 formula
981 4793 1052 4854 quaa
1066 4794 1150 4854 supra
1162 4795 1213 4855 pro
1224 4779 1376 4852 jmtit'ariis
1387 4780 1541 4855 monum,
1555 4797 1584 4856 p.
1599 4783 1663 4840 494.
