4308 5910
749 606 876 667 beent
904 605 1094 665 sicttttttt.
1573 605 1625 663 lli

217 764 296 815 eum
313 763 352 815 se
369 739 534 816 defendat
548 739 594 814 ab
618 741 686 814 alio
708 741 941 836 propulsatus,
963 763 1026 813 sue
1041 739 1252 812 defensionis
1272 739 1414 812 modum
1438 759 1507 812 uon
1525 736 1627 812 debet

218 868 372 941 amittere
397 889 563 964 pereum
589 866 650 961 qui
673 875 859 962 antequam
883 867 1017 940 veniret
1043 865 1088 939 ad
1115 885 1289 962 pugnam,
1319 865 1460 938 oonsilio
1488 865 1627 938 lorsitau

218 990 436 1065 fraudulento
459 1000 664 1065 tractaverat
681 1011 751 1084 qua
777 990 1045 1084 impugnationis
1063 989 1179 1086 specie
1196 987 1246 1084 (a)
1263 999 1382 1062 contra
1400 1010 1538 1061 omnem
1560 1010 1627 1094 pe-

217 1115 352 1188 ritatem
370 1115 559 1210 aliquando
576 1112 788 1187 eoulundere
803 1115 917 1186 valeat
933 1124 1144 1186 accusatum.
1162 1113 1231 1186 Sed
1247 1113 1276 1186 si
1291 1114 1389 1187 miles
1402 1114 1504 1187 luerit
1517 1113 1547 1184 is
1565 1115 1624 1208 qui

217 1257 334 1330 pugna
353 1235 529 1331 impetitur
540 1245 574 1308 et
588 1255 695 1330 eques
711 1255 749 1308 se
765 1234 912 1308 voluerit
930 1234 1129 1327 defendere,
1145 1234 1365 1308 adversarius
1377 1236 1453 1327 ejus
1465 1235 1626 1328 quamvis

217 1361 316 1432 miles
330 1382 400 1433 uou
418 1361 476 1451 sit,
493 1381 601 1454 eques
615 1359 772 1433 similiter
790 1359 905 1456 ipsum
923 1359 1114 1456 impugnet.
1128 1355 1169 1456 [E
1182 1359 1348 1432 contrario
1362 1360 1391 1431 si
1405 1359 1511 1455 pedes
1526 1361 1625 1432 luerit

216 1486 335 1578 quise
354 1484 541 1558 defendere
566 1483 698 1575 nititur,
721 1484 799 1556 lieet
814 1483 844 1556 is
862 1484 923 1578 qui
946 1506 1099 1580 pugnum
1121 1483 1281 1557 obtulerit
1300 1485 1402 1556 luerit
1420 1485 1533 1574 miles,
1556 1508 1623 1558 uon

216 1619 256 1680 ut
271 1611 389 1698 miles,
409 1611 472 1684 sed
499 1619 537 1682 ut
555 1609 701 1706 quilibet
725 1611 814 1682 alius
837 1609 934 1705 pugil
961 1617 1160 1682 accusatum
1178 1605 1384 1706 impugnet]
1406 1609 1625 1683 Deleudeutis

215 1757 419 1830 senemque
437 1736 542 1809 debet
557 1757 632 1808 esse
653 1735 773 1807 electio
796 1735 942 1829 qualiter
960 1733 1082 1806 melius
1103 1755 1141 1807 se
1159 1733 1342 1807 defendere
1360 1735 1473 1808 valeat
1493 1735 1538 1806 ab
1556 1737 1623 1808 alio

215 1859 404 1954 impetitus.
425 1858 516 1932 lllud
531 1859 634 1931 etium
655 1858 806 1954 presenti
825 1857 993 1930 sanctioni
1012 1857 1179 1932 duximus
1203 1858 1457 1932 adnectendum
1477 1869 1515 1932 ut
1531 1857 1573 1957 [si
1594 1863 1624 1932 is

213 1983 274 2077 qui
293 2005 449 2079 pugnam
465 1983 640 2073 obtulerit,
662 1984 753 2056 lesus
779 1982 881 2056 luerit
896 1983 932 2054 iu
946 1983 1062 2078 aliqua
1081 1993 1177 2079 parte
1193 1984 1247 2055 sui
1266 1987 1428 2078 corporis,
1444 1995 1621 2081 propterea

212 2107 328 2202 isqui
353 2129 471 2202 pugna
497 2107 692 2202 impetitur,
716 2107 752 2178 iu
777 2107 872 2180 nullo
900 2127 964 2180 sue
988 2106 1195 2180 detensionis
1219 2109 1389 2180 auxilium
1421 2110 1616 2184 minorabit.

211 2228 387 2328 Ceterum]
409 2231 438 2303 si
464 2231 641 2326 impetitus
662 2233 749 2304 torte
771 2231 816 2304 sit
840 2233 934 2304 lesus
958 2231 994 2302 iu
1021 2253 1242 2327 quacumque
1263 2243 1357 2328 parte
1382 2237 1619 2332 corporisque

211 2356 407 2428 neeessaris
425 2355 470 2426 sit
487 2355 534 2428 ad
550 2357 790 2451 pugnandum,
807 2355 912 2450 isqui
929 2376 1006 2430 eam
1022 2356 1145 2428 obtulit
1162 2357 1198 2428 iu
1215 2378 1255 2430 ea
1276 2369 1369 2452 purte
1387 2381 1424 2431 se
1441 2361 1620 2435 debilitare

212 2479 354 2553 debebit
368 2481 403 2550 iu
417 2501 490 2574 qua
504 2479 702 2552 debilitatus
717 2481 811 2553 estis
824 2480 882 2552 oui
900 2480 1055 2554 duellum
1071 2480 1230 2572 offertur3
1249 2482 1355 2553 veluti
1370 2483 1399 2554 si
1414 2506 1521 2555 uuum
1540 2495 1620 2558 tan·

212 2615 286 2676 tum
299 2605 438 2678 oculum
453 2604 578 2678 babeat
590 2605 777 2701 impetitus,
797 2605 825 2678 is
842 2606 903 2702 qui
916 2628 1070 2702 pugnam
1081 2605 1180 2680 offert
1192 2607 1365 2702 aliquibus
1383 2607 1507 2681 diebus
1519 2621 1620 2682 autea

209 2730 309 2801 illum
327 2730 466 2804 oculum
485 2729 641 2826 apposito
663 2728 781 2825 aliquo
798 2731 865 2804 sibi
883 2730 1039 2822 claudet,
1058 2731 1093 2803 iu
1111 2753 1181 2826 quo
1198 2731 1270 2827 pati
1288 2731 1502 2826 dignoscitur
1516 2755 1619 2806 aceu-

209 2863 319 2926 satus.
340 2853 504 2926 Similiter
522 2863 558 2927 et
582 2855 618 2926 iu
649 2855 767 2950 digitis
787 2865 822 2928 et
844 2855 880 2926 iu
902 2855 1065 2930 membris
1089 2855 1167 2928 aliis
1184 2855 1250 2929 boc
1265 2857 1427 2929 volumus
1450 2858 1615 2951 obtinere,

203 2979 309 3071 juxta
335 2979 520 3075 proborum
533 2980 686 3053 virorum
703 2981 884 3055 eonsilium
902 2991 938 3055 et
959 2979 1199 3055 discretionem
1217 2981 1398 3078 providam
1411 2982 1613 3076 judicantis.

207 3103 281 3176 Nec
305 3103 394 3176 illud
425 3105 742 3199 pretermittendum
763 3104 917 3179 vidimus
934 3103 980 3202 (b)
1007 3105 1103 3200 quod
1126 3106 1317 3180 necessario
1338 3109 1482 3200 gratiam
1505 3118 1618 3182 nostre

207 3227 435 3320 benignitatis
451 3230 633 3326 exposcit:
655 3230 769 3325 utqui
790 3231 888 3304 etatis
912 3253 1041 3303 anuum
1066 3231 1320 3326 sexagesimum
1346 3228 1564 3330 [tetigerunt]
1585 3244 1619 3308 ot

206 3350 270 3446 qui
286 3351 442 3424 noudum
457 3354 551 3426 XXV
569 3376 738 3427 annorum
752 3355 960 3428 curriculum
977 3355 1223 3451 impleverunt,
1243 3377 1305 3452 per
1321 3376 1359 3428 se
1379 3377 1535 3451 pugnare
1552 3359 1618 3430 mi·

206 3476 304 3549 nime
316 3486 510 3569 teneantur,
521 3477 583 3552 sed
596 3479 727 3575 possint
737 3479 783 3553 ad
795 3479 1029 3554 detonsionem
1042 3501 1231 3572 suam,u0u
1245 3501 1324 3553 eum
1336 3480 1615 3578 aliosimpetuut,

207 3601 382 3694 subjicere
396 3603 610 3698 campionem
630 3626 675 3676 ue
686 3605 741 3677 vel
753 3601 1096 3702 etatis(b)[iualtero]
1108 3606 1254 3678 naturali
1273 3605 1476 3700 lrigesoeute
1491 3608 1615 3696 calore,

206 3729 267 3798 vel
290 3727 457 3819 juvenilis
480 3727 617 3800 virtutis
642 3725 696 3826 [iu
720 3725 843 3826 altero]
867 3729 988 3801 robore
1015 3751 1084 3800 nou
1108 3729 1271 3824 impleto,
1298 3751 1367 3802 uon
1396 3739 1466 3802 tam
1490 3732 1619 3806 iueerto

205 3873 315 3945 quam
334 3851 527 3948 periculoso
541 3873 659 3948 pugne
670 3853 817 3946 judicio,
836 3853 931 3946 qued
950 3863 1040 3928 esset
1054 3853 1292 3950 asperrimum,
1311 3853 1556 3950 relinquamus.

250 4051 296 4132 (a)
316 4053 365 4114 Sie
384 4056 559 4135 eorrlgtmus
576 4072 612 4116 ex
633 4056 700 4119 eod.
723 4065 811 4118 ⁴625.
831 4055 887 4134 Ap.
910 4055 1032 4120 Gnreaut
1050 4065 1224 4121 tractaverat
1238 4059 1465 4141 impopnattonta
1481 4059 1619 4138 speciem,

204 4177 298 4224 sensu
310 4163 406 4224 multo
417 4164 518 4224 miuus
529 4163 635 4226 nltldo.

250 4265 294 4348 (b)
315 4271 351 4330 lu
368 4269 435 4330 eod.
451 4277 530 4330 tete
543 4267 683 4334 volamus.

250 4373 290 4454 (c)
310 4377 359 4437 ste
371 4379 546 4456 eorrtgtmns
562 4395 598 4439 ex
613 4379 716 4442 eodem
729 4379 843 4440 eodlea.
857 4381 916 4460 Ap.
931 4379 1053 4442 cneum
1065 4385 1181 4441 natata.
