4372 5918
502 583 543 646 50
1034 583 1389 649 constitutiones

502 717 653 794 mediate
670 719 773 792 nobis
793 719 848 792 vel
861 719 1065 794 officialibus
1089 723 1214 796 nostris
1229 744 1300 798 non
1318 743 1380 818 pro
1405 721 1559 818 ipsorum
1582 720 1744 805 servitiis,
1767 720 1830 796 sed
1853 744 1916 817 pro

505 842 631 917 uostris
648 842 829 930 assistant,
855 843 915 934 [in
933 845 1051 938 aliquo
1068 846 1182 919 forsan
1204 846 1250 919 ab
1268 846 1318 918 eis
1333 845 1447 920 officio
1462 845 1681 938 consututil,
1707 846 1784 920 sive
1800 857 1917 940 agant,

506 969 582 1042 sive
595 968 858 1061 conveniantur,
872 972 1033 1064 magister
1047 971 1254 1062 justitiarius
1267 971 1444 1046 examinet
1453 979 1489 1043 et
1501 969 1640 1045 decidat
1652 967 1725 1065 (o);
1739 971 1802 1066 qui
1816 971 1919 1044 etiam

505 1094 722 1190 prerogativa
744 1095 882 1188 speciali
907 1097 1056 1168 letantur
1081 1105 1120 1169 ut
1138 1096 1207 1170 illic
1231 1095 1277 1193 (b)
1295 1095 1512 1172 adversarios
1537 1117 1621 1168 suos
1644 1095 1681 1167 in
1702 1095 1864 1170 civilibus
1885 1107 1919 1168 et

506 1218 743 1292 criminalibus
758 1221 872 1293 causis
890 1222 1029 1294 valeant
1042 1243 1201 1296 evocare.
1217 1220 1474 1318 Appellationes
1489 1222 1591 1296 etiam
1606 1231 1641 1297 et
1653 1221 1917 1296 consultationes

507 1343 706 1418 inferiorum
720 1345 879 1438 judicum
899 1350 976 1438 [seu
999 1347 1103 1420 etiam
1127 1345 1362 1442 delegatorum
1379 1369 1400 1422 a
1417 1347 1548 1438 nobisl,
1564 1368 1634 1442 que
1653 1347 1700 1420 ad
1720 1346 1826 1420 nostri
1845 1347 1917 1419 cul·

507 1469 611 1542 minis
632 1469 844 1543 audientiam
870 1469 1089 1566 deferuntur,
1117 1471 1202 1545 dum
1228 1472 1411 1546 nobiscum
1441 1472 1476 1544 in
1506 1479 1621 1545 nostra
1645 1469 1741 1544 curia
1767 1490 1917 1543 commo·

508 1605 603 1668 ratur
621 1593 679 1692 (c),
708 1617 771 1690 pro
793 1595 1035 1689 jurisdictione
1057 1619 1122 1670 sua
1141 1597 1305 1694 suscipiat
1331 1594 1525 1671 audiendas
1551 1603 1586 1669 et
1614 1592 1684 1668 fine
1711 1593 1829 1668 debito
1847 1605 1916 1666 ter-

509 1720 692 1793 minandas
706 1717 771 1815 (d).

1017 1952 1257 2042 [TlTULUS
1291 1953 1409 2041 XLl.]

914 2156 981 2249 [De
999 2156 1109 2228 codem
1126 2158 1283 2252 moqr'stro
1294 2158 1511 2250 justitiario]

1035 2365 1147 2452 [rona
1173 2363 1389 2450 succurris]

557 2563 744 2664 [Honorem
757 2561 912 2638 debitum
930 2574 1035 2660 atque
1052 2565 1255 2662 precipuum
1274 2575 1388 2640 nostre
1399 2564 1495 2638 curie
1512 2571 1740 2652 reservantes,
1753 2559 1920 2636 edicimus

506 2685 565 2787 nt]
585 2688 774 2784 siquando
797 2688 901 2764 etiam
918 2687 1095 2786 predictus
1122 2691 1289 2783 magister
1303 2689 1510 2784 justitiarius
1529 2688 1707 2762 civitatem
1731 2686 1919 2781 quamlibet

506 2813 563 2888 vel
581 2814 695 2886 locum
722 2809 769 2910 (e)
788 2812 987 2904 intraverit,
1009 2833 1193 2910 quousque
1219 2815 1256 2887 in
1283 2814 1407 2890 eodem
1431 2815 1507 2890 loco
1530 2813 1693 2910 magister
1713 2809 1919 2904 justitiarius

507 2941 582 3037 ipso
598 2963 669 3013 una
685 2960 765 3012 eum
783 2938 963 3032 judicibus
981 2939 1107 3012 nostris
1131 2940 1261 3012 curiam
1281 2948 1430 3014 nostram
1448 2939 1612 3032 tenuerit,
1627 2935 1839 3032 Justiciarius
1857 2957 1918 3009 re-

509 3065 651 3160 gionum
676 3064 738 3158 qui
764 3063 833 3138 illic
858 3065 1021 3140 inventus
1042 3065 1145 3138 luerit
1162 3065 1262 3138 silere
1285 3063 1445 3154 debebit,
1464 3074 1504 3138 ut
1528 3073 1613 3160 puta
1639 3061 1765 3136 minori
1787 3061 1918 3134 lumine

509 3211 573 3288 por
590 3189 761 3264 luminare
778 3191 891 3285 majus
909 3191 1159 3289 superveniens
1176 3191 1370 3266 obscurato.

555 3393 596 3475 (o)
618 3395 665 3456 Ita
678 3411 715 3457 ex
730 3395 794 3458 eod.
812 3404 890 3459 tots
905 3402 935 3457 ct
947 3413 986 3458 ex
999 3412 1105 3476 gruem
1129 3398 1304 3476 configimus
1323 3411 1377 3476 pro
1397 3391 1530 3476 nequet
1540 3389 1703 3472 justitiarii
1713 3391 1879 3454 mouent
1892 3398 1919 3451 ct

381 3517 385 3526 ·
510 3497 654 3564 madent.

553 3606 595 3690 (i)
617 3608 734 3672 scillcet
746 3605 788 3670 ad
798 3624 937 3692 muqnum
955 3607 1087 3685 aidum,
1101 3614 1136 3671 ut
1148 3610 1181 3670 ln
1195 3624 1310 3690 macco.

554 3715 592 3796 (c)
618 3716 702 3780 Slcut
713 3717 746 3778 ln
759 3732 864 3796 graeco
877 3717 1003 3796 legimus
1021 3721 1215 3780 commoratur
1234 3724 1262 3780 et
1278 3715 1430 3797 meoipiut,
1445 3717 1517 3779 dum
1540 3715 1577 3777 dc
1598 3714 1739 3792 maglstro
1760 3711 1920 3790 Justltlnrlo

509 3831 624 3904 agatur

554 3929 597 4010 (d)
618 3931 654 3992 In
667 3930 731 3992 cod.
745 3939 835 4012 tort,
849 3933 927 3994 sicut
941 3932 973 3992 ln
985 3948 1100 4012 graeco,
1115 3933 1241 4012 legitur:
1256 3929 1419 3994 immediato
1434 3927 1642 3994 terminum·
1657 3927 1693 3990 Si
1705 3923 1821 4010 quando
1833 3924 1918 3986 etium

509 4035 611 4110 dctus,
624 4043 682 4098 eto.
701 4037 739 4098 In
760 4039 876 4101 duobus
889 4040 968 4101 enlm
981 4055 1057 4118 quae
1069 4055 1118 4118 up.
1135 4038 1259 4102 Curcum
1270 4055 1382 4102 novum
1393 4039 1514 4102 titulum
1527 4037 1678 4112 elidunt,
1692 4037 1755 4098 sine
1768 4033 1919 4096 intervallo

509 4143 696 4224 praecedeuti
708 4145 795 4206 tilulo
808 4146 1033 4209 subnectuntur.

552 4249 592 4332 (a)
618 4251 1042 4316 meod.rorsodd1turuna
1059 4253 1230 4318 cubicum:
1249 4255 1330 4336 quod
1352 4253 1426 4318 benc
1451 4253 1579 4334 quadrat
1601 4267 1671 4316 oum
1693 4250 1793 4314 codice
1815 4265 1920 4328 gruem

512 4359 672 4423 Barberino
685 4357 713 4418 dv
727 4381 779 4420 τινι
792 4357 869 4422 πόλει
882 4360 941 4441 μεθ’
955 4363 1032 4442 ἡμῶν
1048 4359 1178 4425 σύνεστιν.
