4360 5908
200 576 295 636 burm.
312 574 357 652 5.]
650 571 848 634 HISTORIA
874 572 1166 637 statunculus.
1550 573 1608 635 271

199 731 240 782 ac
266 707 455 783 heredibus
479 707 660 803 utriusque
684 707 874 784 concedere
899 721 934 782 et
961 708 1163 783 confirmare
1188 707 1235 782 de
1261 717 1377 782 nostre
1400 709 1612 784 celsitudinis

198 834 309 928 graba
340 833 581 928 dignaremur.
606 833 678 906 Nos
704 842 821 906 autem
848 833 1065 908 attendentes
1090 833 1312 907 devotionem
1333 842 1369 906 st
1394 831 1500 908 lidum
1527 833 1611 908 dicti

199 956 376 1051 quondam
397 957 528 1030 Alberti
555 957 764 1032 marchionis
784 957 891 1052 patris
911 977 1044 1050 eorum,
1069 955 1239 1052 quemad
1257 958 1612 1054 nostrametimperii

199 1081 440 1154 celsitudinem
463 1081 585 1155 babuit
607 1091 641 1154 et
667 1103 775 1176 quam
805 1081 933 1156 devote
961 1081 1061 1156 nobis
1085 1090 1120 1154 et
1147 1081 1291 1176 imperio
1316 1081 1473 1154 servierit
1496 1083 1613 1176 quoad

198 1206 303 1296 vixit,
318 1213 497 1301 sperantes
515 1205 657 1300 insuper
673 1206 718 1280 ab
733 1205 865 1280 eisdem
881 1205 1037 1279 Iohanne
1053 1215 1089 1278 et
1106 1203 1252 1278 Oddcne
1269 1205 1432 1278 iratribus
1449 1215 1611 1300 tanquam

198 1337 338 1423 paterne
355 1351 569 1404 successores
592 1329 676 1404 fidei
695 1329 837 1404 seruitia
857 1329 1009 1425 recipere
1031 1330 1195 1424 gratiora,
1214 1327 1402 1424 predictam
1422 1330 1612 1402 marchiam

200 1453 571 1548 brandenburgensem
599 1455 797 1528 cumomni
823 1453 971 1547 honore,
989 1455 1213 1550 proventibus
1241 1463 1276 1525 et
1298 1453 1438 1546 juribus
1461 1453 1509 1528 ad
1535 1475 1612 1528 eum

198 1578 449 1672 spectantibus,
465 1601 530 1653 nec
547 1600 617 1652 non
641 1586 676 1652 et
693 1579 759 1652 alia
778 1578 885 1652 leuda
906 1601 976 1678 que
991 1578 1191 1652 nominatus
1204 1577 1359 1650 marcbio
1377 1586 1475 1672 pater
1491 1599 1611 1651 eorum

198 1723 218 1772 a
238 1701 338 1774 nobis
356 1710 391 1774 et
412 1701 558 1798 imperio
579 1703 733 1776 noscitur
751 1701 921 1791 tenuisse,
941 1702 1032 1774 sicut
1047 1703 1129 1774 clim
1151 1723 1194 1774 ec
1212 1701 1394 1796 superstite
1413 1701 1479 1774 eibi
1498 1710 1534 1774 et
1550 1701 1612 1775 be·

199 1825 342 1898 nedibus
358 1826 432 1900 suis
447 1826 693 1914 concessimus,
713 1827 795 1900 item
811 1825 1056 1922 prenominatis
1067 1825 1214 1898 Iohanni
1227 1825 1416 1898 marchioni
1427 1833 1462 1898 et
1472 1825 1611 1900 Oddoni

198 1951 293 2022 butri
308 1951 396 2044 ejus,
415 1951 446 2024 si
462 1951 611 2046 premori
628 1950 809 2046 contigerit
826 1949 990 2024 eumdem
1007 1951 1211 2040 Iohannem,
1230 1971 1273 2022 ac
1287 1949 1474 2023 heredibus
1490 1947 1611 2024 eorum
1646 2023 1652 2036 ,

196 2095 244 2146 ex
261 2084 352 2148 certe
379 2075 523 2148 scientia
541 2075 643 2168 juxta
666 2074 955 2150 consuetudinem
977 2075 1114 2172 imperii
1140 2073 1364 2147 concedimus
1386 2084 1422 2147 et
1443 2085 1610 2171 perpetuo

197 2197 460 2290 confirmamus;
490 2198 536 2272 do
560 2198 909 2296 superabundantiori
937 2199 1047 2294 gratia
1075 2207 1190 2272 nostra
1220 2196 1455 2271 confirmando
1480 2198 1611 2271 eisdem

198 2321 363 2396 ducatum
385 2324 601 2416 Pomerunie‚
625 2333 728 2420 prout
749 2325 863 2400 dictus
883 2324 1061 2420 quondam
1086 2320 1266 2422 [marchio]
1293 2333 1329 2395 et
1351 2321 1611 2419 predecessores

196 2468 317 2520 eorum
343 2459 534 2521 noscuntur
559 2471 581 2522 a
605 2449 729 2522 nostris
755 2449 1056 2545 predecessoribus
1082 2449 1243 2522 tenuisse.
1275 2448 1445 2520 Presentis
1471 2471 1611 2544 quoque

197 2571 372 2665 privilegii
402 2574 604 2646 auctoritate
637 2573 843 2647 mandamus
869 2583 1042 2670 quatenus
1070 2573 1165 2645 nulla
1194 2594 1339 2668 persona
1369 2572 1528 2645 sublimis
1555 2575 1611 2646 vel

197 2695 353 2789 humilis,
373 2697 605 2772 ecclesiastica
622 2700 678 2772 uel
696 2696 887 2789 mundana,
906 2697 1100 2794 predictum
1119 2697 1309 2770 Iohannem
1327 2697 1560 2770 marchionem
1576 2708 1611 2768 et

196 2819 380 2894 Oddonem
395 2824 533 2897 iratrem
548 2823 625 2915 ejus
638 2843 680 2895 ac
696 2843 817 2896 eorum
833 2821 979 2896 heredes
994 2830 1112 2894 contra
1129 2819 1358 2894 concessionis
1375 2828 1409 2893 et
1426 2818 1609 2892 confirma·

197 2943 301 3016 tionis
319 2953 436 3032 nostre
449 2948 609 3040 paginam
626 2947 808 3020 molestare
821 2943 1120 3042 presumat.Quod
1134 2944 1195 3039 qui
1209 2941 1468 3040 presumpserit,
1485 2963 1609 3038 penam
1682 3017 1685 3024 ,

195 3068 466 3163 quingentarum
484 3071 649 3144 librarum
665 3071 742 3144 auri
758 3091 796 3142 se
814 3069 1084 3166 compositurum
1097 3080 1272 3160 agnoscat,
1286 3068 1502 3142 medietatem
1517 3065 1610 3138 curie

196 3203 314 3266 nostre
330 3204 364 3268 et
380 3197 549 3290 reliquam
568 3195 727 3289 injuriam
743 3195 898 3292 patienti.
914 3194 970 3268 Ad
984 3193 1089 3286 hujus
1104 3193 1220 3289 itaque
1234 3191 1466 3265 concessionis
1480 3201 1513 3262 et
1528 3213 1611 3264 ocn-

195 3315 400 3392 firmationis
425 3329 542 3394 nostre
563 3321 764 3394 memoriam
786 3330 821 3392 et
841 3319 949 3392 robur
968 3328 1134 3415 perpetuo
1157 3319 1362 3406 valiturum,
1378 3337 1518 3411 presens
1536 3317 1611 3411 pri-

195 3442 365 3536 vilegium
384 3442 458 3516 lieri
476 3454 511 3518 et
531 3445 627 3518 bulla
646 3467 752 3520 aurea
774 3445 909 3542 typario
927 3454 1041 3518 nostre
1059 3442 1246 3536 majestatis
1263 3443 1429 3538 impressa
1444 3442 1610 3535 jussimus

195 3567 417 3638 communiri.

247 3692 357 3784 Hujus
370 3702 486 3765 autem
505 3693 553 3766 rei
571 3703 674 3767 testes
690 3702 771 3764 sunt
792 3694 832 3766 B.
848 3690 1307 3789 patriarcbadquilegensis,
1330 3744 1339 3764 .
1358 3744 1367 3762 .
1387 3743 1396 3762 .
1413 3691 1607 3781 Ravennae,

194 3867 204 3886 .
227 3869 237 3887 .
257 3869 266 3887 .
285 3817 612 3911 Magdeburgeusls,
633 3819 672 3890 Β.
697 3817 960 3890 Panormitanus
978 3815 1246 3911 archiepiscopi,
1271 3819 1312 3890 Ε.
1338 3813 1389 3912 (a)
1410 3815 1609 3887 bebenber-

195 3941 328 4032 gensis,
346 3944 382 4014 S.
403 3943 661 4038 llatlsponensis
682 3943 869 4038 imperialis
889 3943 968 4015 aule
989 3941 1228 4032 cancellarius,
1251 3994 1314 4013 ...
1337 3940 1606 4030 Wcrmatiensis,

199 4117 208 4135 .
229 4117 266 4136 ..
289 4065 574 4160 osenburgensis,
591 4069 634 4140 N.
651 4067 871 4160 Baginensis,
893 4121 902 4138 .
924 4122 932 4140 .
951 4121 959 4139 .
975 4065 1188 4155 Ymolensis,
1212 4119 1222 4138 .
1242 4119 1251 4136 .
1269 4119 1277 4136 .
1298 4064 1511 4137 Brixinensis
1529 4063 1610 4158 epi-

195 4189 313 4284 scopi,
337 4189 380 4262 A.
409 4189 485 4263 dux
509 4191 678 4282 Saxonis,
700 4189 741 4264 0.
766 4193 842 4266 dux
866 4191 1035 4282 lllerauie,
1057 4193 1096 4262 ll.
1119 4191 1194 4264 dux
1213 4189 1402 4278 Carintbie,
1424 4243 1489 4261 ...
1511 4189 1610 4262 land·

195 4313 340 4407 gravius
359 4313 559 4410 Thuringie,
579 4317 622 4388 H.
640 4338 755 4389 comes
773 4317 818 4389 de
835 4315 1080 4409 waldenberg,
1097 4317 1135 4387 L.
1152 4315 1378 4408 landgravius
1395 4313 1439 4386 de
1454 4303 1608 4388 Luclren·

196 4437 306 4530 burg,
325 4437 369 4509 A.
391 4459 506 4511 comes
519 4438 564 4512 de
583 4439 800 4534 Schweburg
813 4441 871 4535 (b),
890 4441 931 4512 H.
954 4461 1068 4514 comes
1083 4441 1127 4514 de
1143 4440 1355 4533 Orlenburg,
1376 4441 1413 4510 L.
1434 4459 1548 4512 comes
1567 4441 1610 4513 de

240 4594 281 4674 (a)
303 4597 339 4658 lu
353 4598 491 4659 cmulbus
507 4597 553 4673 6.,
568 4573 655 4661 mule.

241 4698 283 4782 (b)
304 4703 440 4766 Forsitan
452 4702 600 4785 Adolptiru
612 4723 702 4767 comer
714 4704 749 4767 da
762 4703 976 4788 uctacaturq.
