4308 5910
765 623 889 686 utem
913 623 1098 688 SICILIAE.
1574 617 1628 681 Idl

223 764 396 860 obligatur
421 770 482 835 aut
499 759 536 832 iu
560 757 733 832 dotarium
756 760 988 851 eonstituitur,
1015 759 1268 834 matrImoninm
1292 759 1407 856 ipsum
1425 756 1470 832 de
1490 755 1631 853 speciali

226 898 341 962 nostru
361 886 497 962 lioeutIa
515 882 748 958 eontrahatur.
778 883 885 960 Aliter
910 905 1031 960 omues
1052 886 1298 960 conventiones
1323 883 1434 957 nullas
1449 881 1543 957 virae
1565 881 1632 955 ha-

225 1011 368 1084 bebunt.

651 1215 853 1290 TITULUS
876 1217 1015 1291 xvtlt.
1039 1219 1102 1290 ΞΗ
1119 1217 1209 1315 (68).

572 1395 619 1466 Ile
634 1396 874 1470 wemrutt'oae
894 1395 1098 1469 demiroram
1117 1421 1140 1469 o
1158 1395 1304 1470 -oosullr'a

656 1595 874 1646 ruuuurnoa
898 1595 1132 1647 ruuunurcus
1157 1572 1222 1670 (o).

286 1748 423 1822 Domini
441 1748 620 1822 avasallis
637 1749 710 1822 suis
727 1749 916 1824 assecurari
936 1748 1081 1836 debent,
1105 1751 1266 1825 videlieet
1292 1749 1337 1824 de
1359 1749 1451 1841 vita,
1480 1748 1641 1823 membris

236 1887 270 1947 et
293 1873 452 1972 uaptione
472 1873 625 1970 eorporis
646 1875 701 1948 sui
719 1882 754 1948 et
777 1883 912 1948 terreum
929 1873 1058 1948 honore
1078 1873 1146 1971 (t);
1172 1874 1353 1948 eonsilium
1370 1871 1467 1968 quod
1490 1873 1541 1946 eis
1565 1893 1643 1946 ore·

236 1997 390 2073 diderint
408 1997 494 2071 nulli
520 1999 691 2089 revelent,
711 2007 745 2072 et
758 1999 788 2072 si
806 1998 947 2094 aliquod
963 1999 1139 2070 sinistrum
1153 1998 1199 2072 de
1216 1999 1266 2072 als
1286 1997 1458 2072 audierint
1471 1997 1566 2092 quod
1583 2019 1644 2092 per

234 2145 273 2195 se
290 2123 347 2196 vel
364 2121 548 2218 paralium
573 2120 767 2196 disturbare
790 2143 859 2196 nou
889 2131 1046 2218 possunt,
1072 2123 1123 2197 eis
1146 2133 1207 2196 aut
1229 2123 1306 2196 aliis
1333 2143 1394 2219 pro
1410 2131 1508 2218 parte
1526 2143 1645 2196 eorum

238 2269 301 2341 per
316 2269 354 2321 se
370 2247 427 2321 vel
445 2267 508 2342 per
525 2247 610 2322 alios
627 2268 734 2342 quam
755 2247 856 2322 nitius
877 2255 1039 2344 poterunt
1054 2248 1220 2322 nunciare
1240 2246 1428 2338 curabunt,
1453 2266 1522 2320 uon
1546 2255 1647 2318 erunt

238 2373 376 2459 inerte,
397 2371 540 2444 oonsilio
559 2373 615 2444 vel
633 2392 803 2445 eonsensu
815 2372 962 2467 qualiter
978 2370 1109 2446 domini
1125 2381 1249 2446 terram
1269 2393 1373 2469 quam
1394 2369 1522 2444 habent
1544 2371 1649 2444 amit-

242 2506 332 2588 tant,
354 2495 460 2570 Immo
483 2516 559 2569 eam
578 2495 664 2594 ipsis
682 2505 800 2570 eontra
823 2517 960 2568 omnem
985 2497 1159 2570 hominem
1178 2495 1364 2571 defendere
1382 2517 1445 2592 pro
1461 2516 1562 2592 posse
1587 2517 1649 2566 cu·

240 2619 388 2706 nabunt,
414 2619 509 2693 salvo
535 2641 598 2716 per
625 2619 740 2692 omnia
771 2617 955 2710 fidelitate,
983 2618 1145 2694 mandato
1172 2629 1207 2692 et
1233 2617 1449 2694 ordinatione
1473 2628 1589 2692 nostra
1617 2627 1651 2690 et

242 2741 408 2817 heredum
425 2727 632 2818 uostromm.

689 2994 891 3070 TITULUS
915 2995 1018 3068 XIX.
1037 2995 1102 3069 ΞΘ
1120 2993 1209 3092 (69).

601 3176 647 3246 Ile
664 3175 877 3268 fidejussione
895 3174 1101 3248 domiuomm
1124 3171 1307 3248 amatis.

761 3374 855 3424 rnnrr
879 3373 1064 3423 ruousuus
1089 3349 1147 3448 (c).

297 3527 331 3600 Si
352 3529 505 3604 vasallus
522 3528 699 3604 adomino
715 3552 780 3604 suo
796 3531 933 3626 publiea
951 3531 1138 3626 requisitus
1154 3551 1216 3625 pro
1232 3550 1274 3602 eo
1291 3528 1482 3623 fidejubere
1495 3531 1653 3621 noluerit,

253 3653 306 3724 vel
329 3651 503 3726 felloniam
522 3663 640 3728 contra
658 3656 790 3750 ipsum,
811 3655 902 3728 filios
916 3657 974 3728 vel
992 3675 1138 3729 uxorem
1154 3654 1379 3748 oommisarit,
1402 3657 1460 3730 vel
1479 3656 1657 3730 servitium

250 3777 346 3872 quod
366 3778 400 3851 ei
418 3778 523 3852 debet
549 3789 602 3854 tar
627 3781 843 3854 submonitus
872 3802 941 3854 non
970 3781 1174 3877 praetiterit,
1200 3782 1256 3852 vel
1278 3781 1445 3856 rationem
1470 3803 1534 3878 pro
1557 3803 1600 3856 eo
1623 3782 1660 3856 in

251 3903 346 3974 suma
369 3925 434 3976 sua
461 3905 751 4000 oonquereutibus
775 3905 821 3979 de
844 3927 886 3980 eo
909 3906 1004 4000 quod
1021 3904 1067 3979 ad
1090 3905 1268 3980 dominum
1285 3915 1417 4000 spectat
1433 3927 1495 4002 per
1516 3914 1661 3978 seuten-

251 4026 333 4099 tiam
352 4026 483 4120 judicie
503 4029 616 4104 Iacere
639 4031 802 4121 noluerit,
830 4029 993 4104 domiuus
1016 4040 1127 4128 potest
1145 4029 1190 4105 da
1214 4052 1257 4105 eo
1285 4030 1380 4126 quod
1403 4039 1495 4105 tenet
1515 4031 1561 4106 ab
1584 4031 1660 4128 ipso

128 4237 139 4250 .
254 4153 368 4248 ipsum
386 4173 448 4248 per
464 4152 697 4249 exguardium
716 4153 892 4228 dleeasire.

297 4327 339 4409 (a)
360 4331 396 4392 ln
409 4329 476 4392 uod.
491 4339 570 4394 luat
584 4347 662 4392 murt
675 4349 754 4406 uua,
770 4333 833 4396 sall.
851 4331 1066 4410 Gumnuurrua,
1079 4339 1180 4394 nostra
1192 4335 1337 4394 senmutta
1349 4333 1447 4393 mlnus
1459 4337 1549 4392 reate,

299 4433 339 4516 (b)
361 4435 471 4498 Graoett
490 4445 589 4500 aulem
604 4457 613 4502 t
628 4436 716 4523 τρίτον
737 4437 765 4500 δὲ
784 4439 830 4502 καὶ
849 4439 910 4523 περὶ
930 4441 978 4513 τῆς
996 4442 1077 4520 τιμῆς
1095 4439 1194 4515 αὐτῶν,
1208 4446 1237 4501 tl
1256 4439 1341 4501 terlt'o
1352 4435 1388 4499 de
1400 4437 1505 4500 Imm
1521 4438 1665 4518 t'ptomm

258 4543 338 4604 uude
357 4545 389 4605 ln
402 4545 495 4606 latino
507 4563 660 4624 perperam
680 4557 792 4610 terrem
811 4551 953 4627 seriptum
967 4550 1088 4627 mnjldt
1101 4547 1249 4610 Camanm
1262 4565 1317 4625 pro
1330 4547 1425 4610 tertio.
1441 4545 1487 4608 Gl.
1499 4545 1572 4628 quId
1585 4546 1664 4610 dlcut

262 4649 431 4710 Arrururus
442 4667 530 4728 super
543 4655 662 4714 ooustlt.
678 4651 786 4715 Mulier
795 4672 859 4736 qve,
872 4653 988 4714 rubrlea
1003 4655 1061 4715 XII
1074 4653 1163 4730 huius
1176 4653 1261 4728 llbrl,
1276 4670 1306 4730 p.
1326 4661 1380 4714 tlt
1388 4698 1398 4729 ,
1413 4653 1470 4715 eol.
1487 4663 1513 4714 t.

304 4754 340 4834 (c)
366 4757 402 4817 lu
413 4757 480 4822 eod.
497 4767 574 4821 tote
593 4777 669 4821 mma
688 4779 764 4840 anx,
778 4763 839 4826 sall.
855 4761 1063 4835 dermannus,
1075 4763 1173 4822 mlnns
1186 4769 1273 4822 recte.
