4288 5912
199 573 296 636 lrnrcr.
311 573 356 652 ἃ]
645 569 841 633 HISTORIA
866 568 1159 632 Illl‘LOldll'l'lCA.
1551 571 1613 634 3¹17

247 706 452 804 Gregorius,
472 713 561 796 etc,
583 704 777 802 patriarche
796 705 1011 781 Antiocheno
1031 705 1101 802 (t),
1121 713 1188 780 etc.
1211 707 1301 778 Sane
1322 703 1478 779 nondum
1498 704 1609 782 deluit

199 831 383 926 Agarenus
399 839 440 906 ut
466 829 672 905 christianus
697 840 911 906 converteret
925 832 962 904 in
981 852 1019 905 se
1035 851 1194 916 manum3
1215 829 1372 904 nondum
1397 830 1449 904 sic
1465 841 1519 905 est
1539 830 1610 906 ad-

198 956 344 1031 versarii
370 955 485 1030 attrita
502 955 655 1054 putentia
672 963 712 1028 ut
726 956 873 1052 pusillus
898 977 986 1052 grex
1000 954 1140 1028 Domini
1165 963 1287 1028 mutua
1308 977 1347 1028 se
1363 954 1611 1052 disceptatione

198 1080 412 1178 disrumpat;
434 1078 590 1155 nendum
613 1080 665 1154 sic
682 1080 732 1152 ibi
750 1088 833 1152 sunt
852 1087 970 1153 nostra
988 1079 1131 1154 dilatata
1147 1079 1293 1154 tentoria
1311 1087 1351 1153 ut
1369 1079 1406 1152 iu
1424 1079 1520 1177 pacis
1537 1081 1611 1154 lae

196 1205 322 1279 tidium
343 1204 450 1280 libeat
474 1215 510 1280 et
532 1205 633 1281 liceat
655 1205 722 1278 sub
739 1227 865 1301 guerra
886 1204 1083 1279 voluntaria
1106 1204 1277 1278 lascivire.
1297 1204 1401 1279 Porro
1422 1207 1609 1280 multorum

197 1339 249 1404 mt
270 1330 479 1426 acquisitum
500 1329 679 1404 laboribus
700 1328 796 1426 quod
814 1329 851 1402 hi
869 1337 1003 1419 tenent,
1026 1329 1283 1404 seminaveruut
1299 1329 1437 1426 plurimi
1460 1330 1556 1425 quod
1572 1329 1610 1404 hi

198 1463 349 1547 metuut3
374 1453 470 1528 unde
492 1475 558 1528 nec
584 1454 666 1528 licet
692 1453 815 1529 offerre
838 1456 973 1550 jactura
998 1454 1098 1528 multi
1120 1453 1300 1550 sanguinis
1324 1454 1433 1550 pretio
1460 1453 1611 1549 conqui-

197 1578 302 1652 situm
318 1600 385 1654 nec
403 1578 547 1676 expedit
565 1577 650 1654 dare
670 1579 823 1676 periculo
840 1579 878 1655 id
896 1577 943 1653 ad
962 1577 1058 1675 quod
1079 1600 1149 1653 non
1170 1579 1302 1674 absque
1319 1578 1481 1675 periculis
1499 1579 1609 1654 chris·

195 1703 290 1778 tiana
308 1704 550 1779 sollicitudinis
569 1703 724 1778 studium
745 1705 809 1776 vix
827 1705 995 1802 pervenit.
1016 1703 1182 1780 Miramur
1199 1711 1315 1777 autem
1334 1703 1430 1799 quod
1452 1702 1609 1780 homines

197 1827 293 1902 illius
312 1828 464 1924 regionis
479 1828 659 1904 induxerit
676 1836 715 1900 ut
732 1836 851 1902 contra
869 1827 1108 1902 charissimum
1125 1829 1161 1900 in
1179 1826 1312 1900 Christo
1328 1825 1437 1900 lilium
1455 1838 1611 1902 nostrum

195 1951 410 2028 Fridericum
432 1955 663 2028 Romanorum
687 1953 928 2050 imperatorem
949 1974 1084 2050 semper
1107 1961 1314 2046 augustum,
1342 1951 1554 2026 Hierusalem
1577 1961 1613 2028 et

197 2078 313 2152 Sicilie
338 2099 454 2170 regem
482 2079 668 2168 illustrem,
698 2076 911 2170 rebellionis,
945 2087 983 2150 ut
1011 2077 1134 2170 lemur,
1164 2076 1400 2172 protenderint
1428 2077 1609 2170 conjectu-

196 2225 272 2277 ram
298 2203 369 2302 (2),
393 2205 455 2300 qui
483 2213 602 2278 eontra
628 2224 689 2278 eos
715 2213 756 2274 ut
784 2201 911 2276 dicitur
934 2201 1064 2274 nullius
1084 2201 1245 2275 exhibuit
1266 2201 1476 2296 gravaminis
1501 2223 1610 2297 argu-

196 2338 365 2402 mentum.
385 2328 455 2402 Sed
475 2327 557 2403 dato
575 2326 672 2424 quod
689 2335 869 2425 appareret
888 2347 1077 2422 gravamen
1094 2327 1130 2398 in
1150 2335 1262 2422 patre;
1284 2324 1377 2399 lilius
1394 2325 1495 2400 heres
1511 2325 1610 2422 regni

197 2453 393 2550 legitimus,
415 2454 451 2526 iu
471 2475 542 2550 quo
559 2461 678 2528 tenera
699 2461 774 2526 etas
790 2451 950 2526 allectum
968 2451 1157 2546 injuriandi
1175 2472 1244 2525 uon
1263 2451 1403 2548 patitur,
1425 2449 1512 2548 quid
1529 2473 1611 2549 pec·

199 2577 314 2652 cavit?
331 2577 480 2665 Quodsi
496 2578 604 2676 patris
626 2585 662 2652 et
683 2575 745 2650 lilii
769 2576 916 2652 dextera
934 2578 1055 2652 luisset
1072 2577 1242 2652 adversus
1263 2577 1340 2651 illos
1361 2577 1463 2673 plena
1486 2578 1612 2652 moles·

199 2701 270 2797 tiis,
290 2713 422 2800 potarat
437 2713 472 2779 et
487 2703 638 2780 debebat
652 2703 848 2802 Apostolica
864 2703 964 2778 Sedis
976 2703 1148 2777 auxilium
1164 2701 1338 2796 invocari,
1358 2723 1428 2798 que
1444 2723 1507 2799 pro
1520 2702 1614 2776 illius

199 2838 292 2903 terre
311 2829 469 2905 subsidio
486 2830 566 2926 plus
584 2829 705 2903 calens
720 2829 903 2904 laboravit.
921 2829 1006 2902 Cum
1022 2828 1129 2924 igitur
1148 2848 1211 2901 nos
1226 2830 1303 2922 ejus
1318 2826 1520 2902 scandalum
1536 2837 1616 2902 urat

199 2962 235 3027 et
254 2954 292 3028 in
313 2954 423 3052 ipsius
443 2952 700 3028 infirmitatibus
719 2952 950 3045 iulirmamur,
973 2954 1130 3028 volentes
1152 2954 1331 3028 vulnerato
1356 2953 1527 3050 principio
1546 2954 1615 3028 ies-

198 3078 305 3152 tinato
328 3077 481 3152 remedio
503 3078 682 3153 subveniri
706 3099 850 3154 nesam
870 3077 1044 3152 medicina
1067 3087 1217 3174 paratur,
1241 3077 1271 3152 si
1294 3078 1383 3151 mala
1406 3099 1470 3174 per
1491 3079 1612 3173 longas

198 3203 412 3297 contingeret
426 3203 638 3278 invalescere
652 3225 777 3294 moras,
794 3203 995 3278 lratcmitati
1012 3212 1071 3276 tue
1084 3224 1147 3298 par
1165 3203 1352 3300 apostolica
1368 3203 1496 3299 scripta
1512 3225 1613 3277 man·

199 3325 324 3402 damus
340 3338 512 3425 quatenus
528 3327 647 3402 habito
662 3329 806 3402 consssio
824 3328 1065 3424 magistrorum
1078 3327 1209 3424 Templi
1225 3337 1260 3401 et
1274 3328 1458 3425 Hospitalis
1476 3348 1611 3402 necnon

202 3528 951 3540 ...η--οο-οο--υ-η-υ--υ--ο--ι--ι--ι-ι,
957 3532 985 3540 .-
991 3530 1151 3539 *mo-o...
1157 3531 1181 3538 -ι
1186 3530 1415 3540 --ω--Πη--υ
1420 3534 1429 3540 -
1435 3530 1605 3544 ---—--

239 3637 275 3713 (t)
293 3637 342 3697 Vir
354 3635 398 3695 illa
410 3637 457 3711 qui
470 3637 625 3712 imperaturi
638 3637 760 3696 addictus
771 3636 919 3708 dicebatur,
932 3635 1102 3711 magnatibus
1113 3635 1326 3711 lemsolymitani
1338 3638 1413 3711 regui
1426 3637 1504 3696 valde
1516 3637 1614 3714 displi-

200 3735 289 3795 cebat.
304 3737 376 3794 Dum
395 3735 465 3793 iuter
481 3735 643 3794 lhelinomrn
662 3735 781 3795 lautores
793 3741 822 3794 et
835 3736 981 3794 Caesam
994 3750 1059 3793 suas
1069 3735 1179 3810 saepius
1190 3739 1284 3810 partes
1295 3733 1488 3810 interponeret,
1501 3736 1529 3794 in
1549 3753 1613 3797 eum

199 3833 304 3892 invehit
315 3834 445 3905 Bushun,
459 3849 541 3908 qnam
556 3833 638 3892 atium
652 3833 783 3892 auditam
795 3833 944 3892 Lcmburdu
956 3839 1043 3892 vocat

236 3929 273 4006 (2)
293 3931 442 4006 Praecipue
457 3931 528 4008 apud
541 3932 647 4003 locon,
661 3931 709 3989 ubi
722 3931 844 4007 plerique
859 3930 965 3991 nobiles
982 3937 1011 3989 et
1027 3931 1139 3990 ditiores
1152 3931 1226 4006 regni
1240 3930 1378 4006 privilegia
1390 3931 1615 3996 couimtemitatis

200 4028 292 4088 Sancti
307 4029 429 4088 morene
440 4029 591 4104 juramento
602 4029 775 4088 firmaverant
791 4036 822 4088 ut
840 4029 936 4088 foedus
949 4029 1020 4088 inter
1034 4045 1064 4088 sa
1077 4030 1269 4104 coniungerent
1279 4029 1408 4089 adversus
1419 4041 1614 4097 marescalcum

200 4126 376 4200 lliccamum,
390 4143 472 4202 quem
481 4125 541 4185 vice
555 4143 605 4188 sua
616 4126 743 4186 ballivum
755 4127 905 4187 instituerat
915 4127 1070 4202 imperator.
1079 4127 1119 4186 Ci.
1129 4128 1237 4186 Guntia.
1253 4127 1339 4186 Guill.
1350 4129 1471 4204 ipram,
1485 4147 1529 4207 ap.
1542 4132 1613 4191 Gur-

201 4239 264 4296 zor,
279 4223 362 4293 xlx,
376 4225 428 4281 let
441 4230 470 4283 et
482 4239 559 4299 seqq.
573 4226 640 4284 liam
658 4241 708 4284 suo
719 4241 795 4283 more
814 4225 942 4298 breviter,
957 4227 1006 4284 aad
1024 4223 1145 4303 praecise
1155 4231 1287 4284 memorat
1301 4226 1375 4284 llice.
1387 4227 1421 4285 de
1433 4227 1462 4286 S.
1478 4228 1615 4291 Gemens

203 4321 232 4378 iu
244 4321 339 4380 chron.
355 4321 391 4380 ad
405 4337 468 4380 aun.
483 4325 552 4384 liti
564 4341 572 4380 a
585 4343 599 4380 a
612 4325 705 4384 llense
725 4323 819 4400 aprilis
840 4323 976 4384 lohannes
992 4324 1027 4382 de
1048 4323 1153 4382 Baruch
1165 4324 1301 4404 clumam
1315 4325 1507 4386 Acuouitanum
1519 4330 1615 4406 recipit

202 4418 230 4475 in
245 4418 336 4476 odium
347 4419 526 4496 imperatoris.
533 4423 625 4480 Mense
632 4421 701 4497 julio
713 4422 860 4497 imperator
870 4437 920 4498 pru
931 4437 1060 4480 succursu
1072 4421 1188 4480 civitatis
1198 4421 1376 4482 Anconitanae
1387 4440 1469 4498 quam
1479 4424 1614 4486 lohannes

203 4515 237 4575 de
249 4515 354 4575 llamch
369 4523 526 4593 occupatam
538 4519 660 4592 tenebat,
674 4525 751 4594 parte
764 4520 880 4578 civitatis
893 4535 923 4578 se
936 4536 985 4595 pro
997 4520 1159 4595 imperatore
1174 4526 1297 4594 tenente,
1311 4522 1458 4580 exercitum
1469 4531 1615 4600 congregat

204 4608 317 4671 midtum
331 4621 359 4673 et
371 4615 511 4676 baronum.
529 4619 621 4676 hensa
634 4623 748 4692 augusto
765 4619 912 4693 imperator
925 4623 1114 4693 congregatum
1128 4619 1272 4678 Brundusii
1284 4620 1430 4680 exercitum
1444 4629 1568 4696 revocat,
1585 4627 1615 4683 et

201 4709 263 4786 ipso
276 4711 419 4772 mandante
429 4714 543 4789 quilibet
553 4721 617 4776 mut
629 4716 657 4775 in
670 4733 721 4777 sua
733 4716 845 4776 reversi.
857 4735 872 4771 a

302 4813 359 4878 lv.
1416 4827 1455 4882 rs
