4360 5908
556 568 616 634 336
1057 569 1272 634 inluminet
1295 569 1469 634 SECUNDI
1783 573 1864 654 [dn.
1882 573 1976 639 1232.

556 691 753 790 principum
782 689 938 764 omniurn
966 691 1029 789 qui
1056 693 1285 768 interfuerunt
1305 695 1519 792 approbante
1545 695 1733 787 mutentia,
1762 718 1883 772 omnes
1899 697 1979 772 illos

554 816 616 912 qui
633 823 711 913 post
726 813 882 912 predicte
897 825 1011 888 nostre
1030 819 1282 893 constitutionis
1299 819 1452 894 edictum
1471 820 1507 892 in
1522 819 1645 894 eadem
1660 820 1800 896 civitate
1817 819 1977 896 Worma·

556 940 656 1014 tieusi
673 940 855 1014 consitium
872 941 985 1016 facere
1003 950 1038 1014 et
1054 942 1129 1038 ipso
1145 945 1197 1017 uti
1211 943 1326 1019 officio
1343 952 1590 1040 attemptarent
1607 945 1662 1016 rel
1680 945 1808 1019 amodo
1830 953 1979 1042 attemp·

555 1063 699 1153 tabunt,
719 1065 920 1138 auctoritate
946 1065 1114 1162 imperiali
1135 1067 1304 1142 duximus
1323 1067 1602 1164 proscribendos,
1623 1089 1713 1164 pene
1729 1069 1766 1140 in
1789 1069 1977 1166 privilegio

555 1197 715 1262 contente
738 1208 802 1285 pro
828 1209 948 1262 eorum
967 1198 1183 1285 transgressu
1208 1193 1364 1268 similiter
1387 1191 1604 1266 addicentes.
1621 1189 1678 1265 Ad
1701 1193 1802 1286 cujus
1827 1193 1877 1265 rei
1900 1213 1976 1266 me·

555 1311 718 1406 moriam,
735 1333 878 1410 presens
904 1315 1070 1411 scriptum
1092 1313 1168 1390 fieri
1187 1317 1356 1412 jussimus
1381 1317 1496 1413 sigillo
1520 1317 1707 1410 majestatis
1728 1325 1843 1390 nostre
1862 1317 1976 1391 mbo-

554 1447 680 1512 ratum.
1856 1441 1859 1446 “

600 1564 712 1655 Hujus
741 1562 790 1636 rei
811 1571 915 1636 testes
938 1572 1020 1636 sunt
1036 1565 1077 1638 B.
1104 1566 1298 1662 patriarcha
1317 1565 1590 1664 Aquilegiensis,
1623 1565 1664 1639 Ε.
1690 1565 1970 1662 Salzburgensis,

555 1687 599 1762 Α.
617 1687 926 1784 Magdeburgonsis
951 1675 1216 1788 archiepiscopi,
1243 1693 1282 1765 u.
1307 1691 1621 1787 Babenbergonsis,
1651 1693 1686 1764 S.
1711 1691 1975 1788 Ratispouensis

555 1814 741 1910 imperialis
756 1815 835 1888 aule
850 1815 1076 1888 cancellarius
1089 1826 1125 1890 et
1192 1817 1447 1914 Herbipoleusis
1461 1815 1630 1913 episcopi,
1645 1815 1874 1912 Frisingensis
1885 1817 1975 1890 olec-

557 1950 626 2030 tus,
640 1937 683 2010 A.
706 1937 782 2011 dux
798 1939 966 2028 Saxonis,
987 1941 1065 2014 Otto
1082 1939 1158 2014 dux
1175 1941 1344 2034 Meraoie,
1364 1943 1404 2012 B.
1426 1939 1502 2014 dux
1516 1939 1708 2030 Kerinthie,
1727 1961 1843 2013 comes
1864 1942 1909 2012 Η.
1930 1939 1975 2014 de

556 2061 756 2156 Ortenberg,
775 2082 890 2135 comes
903 2061 1084 2159 Adelphos
1104 2063 1149 2138 de
1162 2063 1408 2153 Scaeiuburch,
1419 2065 1608 2138 Warnerus
1622 2062 1668 2138 do
1686 2063 1871 2156 Bolandia,
1885 2065 1974 2138 Cou-

558 2187 665 2262 radus
680 2197 715 2260 et
732 2186 892 2261 Siffridus
905 2187 1108 2285 (Gotiridus)
1126 2191 1172 2264 de
1189 2191 1406 2284 Hohenioch,
1427 2200 1462 2264 et
1477 2190 1536 2264 alii
1550 2212 1655 2286 quam
1671 2190 1799 2286 piures.

607 2312 732 2384 Datum
773 2311 868 2408 apud
904 2311 1045 2385 Utinum
1078 2313 1115 2385 in
1143 2313 1231 2386 Fom
1261 2313 1370 2398 Iulii,
1396 2335 1489 2387 anuo
1523 2311 1696 2388 dominice
1729 2313 1974 2388 incarnationis

559 2435 786 2530 mccxxxlt,
807 2457 927 2510 mense
949 2437 1057 2510 madii
1075 2436 1139 2534 (c),
1161 2435 1350 2511 indictione
1365 2437 1409 2511 V.

613 3023 846 3130 Fridericus,
875 3023 1136 3107 Romanorum
1163 3021 1383 3132 imperator,
1404 3019 1564 3105 chrico
1589 3021 1860 3108 Wormatiensi
1890 3021 1976 3133 epi-

473 3195 478 3209 ·
561 3183 675 3267 scopo
692 3157 760 3240 dat
776 3155 816 3238 iu
834 3155 1024 3238 mandatis
1043 3165 1086 3240 ut
1103 3154 1262 3238 domum
1279 3153 1563 3238 communitatis
1580 3155 1619 3236 in
1640 3154 1852 3238 Wormatia
1874 3153 1974 3238 iun-

560 3291 663 3376 ditus
685 3290 786 3376 dirui
804 3289 936 3396 faciat,
952 3289 987 3372 ei
1005 3289 1160 3400 insuper
1177 3289 1388 3374 concedens
1406 3289 1570 3372 fundum
1588 3287 1759 3400 ejusdem
1776 3289 1917 3374 domus
1934 3291 1973 3372 in

560 3425 788 3538 proprietate
805 3423 984 3508 ecclesiae
1001 3423 1305 3508 Wormatiensis.

643 3615 745 3698 (Edd.
757 3615 917 3694 Bostarem,
930 3613 1036 3676 Fontes
1048 3630 1106 3676 rer.
1124 3611 1273 3692 Gomon,
1288 3621 1361 3676 tom.
1377 3615 1425 3690 11,
1439 3630 1470 3692 p.
1484 3621 1554 3690 218,
1565 3621 1598 3676 u·
1611 3611 1656 3693 t.)

609 3805 801 3881 Fridericus
814 3803 878 3877 Dei
892 3803 1001 3900 gratia
1015 3803 1245 3876 Romanorum
1261 3803 1445 3898 imperator
1457 3811 1492 3875 et
1505 3823 1640 3898 semper
1652 3809 1837 3895 augustus,
1856 3797 1974 3872 Iberu-

561 3933 667 4006 sadem
694 3939 730 4004 ot
755 3929 870 4002 Sicilie
895 3951 973 4002 rex.
1002 3929 1067 4002 Per
1090 3949 1231 4024 presens
1262 3927 1429 4024 scriptum
1452 3926 1624 4000 universis
1652 3924 1787 4021 imperii
1812 3923 1974 3997 fidelibus

563 4057 723 4130 volumus
748 4076 823 4128 esse
852 4063 972 4128 uotum
996 4051 1095 4148 quod
1124 4051 1251 4125 dilecto
1278 4049 1424 4148 principi
1447 4059 1563 4124 nostro
1590 4048 1762 4141 Heinrico,
1783 4045 1973 4121 vonerabili

561 4179 810 4254 Wormacieusi
829 4179 1007 4275 episcopo,
1032 4175 1195 4252 dedimus
1218 4176 1255 4247 in
1273 4175 1445 4250 mandatis
1462 4185 1503 4248 ut
1526 4174 1671 4248 domum
1695 4195 1765 4268 quo
1785 4173 1974 4247 vocabatur

562 4302 817 4380 communitatis
828 4301 866 4374 in
882 4301 1070 4375 Wormatio
1082 4299 1239 4374 funditus
1257 4299 1350 4373 dirui
1369 4300 1472 4373 indat
1487 4308 1524 4372 et
1546 4297 1584 4372 id
1604 4295 1746 4370 tirmiter
1760 4305 1795 4370 et
1810 4295 1974 4369 instanter

562 4428 763 4502 auctoritate
781 4427 887 4500 nostri
902 4425 1062 4498 culminis
1084 4433 1306 4520 exsequatur.
1324 4423 1563 4497 Concessimus
1586 4423 1727 4518 insuper
1747 4420 1780 4494 oi
1800 4419 1846 4495 de
1866 4421 1973 4516 gretia

562 4563 678 4629 nostra
692 4551 839 4626 fundum
854 4549 1012 4644 ejusdem
1025 4548 1150 4623 domus
1165 4559 1205 4622 ut
1222 4548 1478 4646 improprietate
1500 4547 1645 4622 ecclesie
1663 4546 1788 4620 debeat
1808 4554 1972 4643 perpetuo

604 4719 645 4800 (a)
668 4717 757 4798 Apud
770 4716 922 4780 Schennut
939 4713 1058 4795 curtio,
1070 4713 1159 4778 male.
1174 4713 1260 4790 Quod
1272 4715 1335 4794 ipss
1347 4719 1448 4776 umen
1459 4714 1492 4776 ur
1504 4716 1590 4774 textu
1602 4711 1738 4774 correxit
