4360 5908
487 587 549 648 304
987 579 1201 644 Falouulcl
1226 577 1398 640 SECUNDl
1714 577 1793 662 [Ans.
1811 578 1897 640 1232

492 722 692 819 episcopatu
711 719 886 792 Bremensi
904 720 961 792 vel
977 719 1060 792 alibi
1078 717 1144 816 (l),
1164 715 1367 790 confirmare
1383 713 1451 788 sibi
1475 713 1520 788 de
1537 713 1770 788 munilioentio
1787 725 1902 789 nostre

493 848 604 942 gratia
633 843 865 940 dignaremur.
895 845 966 917 Nos
993 853 1110 918 autom
1137 841 1284 939 predicti
1312 839 1560 936 archiepisoopi
1589 839 1708 913 dilecti
1739 841 1903 937 principis

491 971 599 1045 nostri
619 969 927 1066 supplicationibus
945 969 1177 1042 favorabiliter
1190 975 1392 1054 annuentes,
1409 962 1624 1038 attendentes
1640 987 1781 1060 quoque
1797 963 1901 1039 lidsm

492 1105 527 1168 ot
545 1093 763 1168 devotionem
782 1093 951 1166 sinceram
973 1093 1133 1187 ejusdem
1157 1089 1404 1187 arohiopisoopi
1424 1109 1557 1162 necnon
1585 1099 1682 1182 grata
1702 1097 1738 1164 et
1761 1099 1903 1185 aceepta

492 1218 632 1290 servitia
646 1239 715 1312 que
729 1217 829 1289 nobis
842 1226 877 1290 et
891 1217 1036 1313 imperio
1051 1239 1187 1312 semper
1201 1215 1362 1289 exhibuit
1378 1225 1413 1287 et
1428 1213 1571 1286 exhibet
1582 1213 1802 1302 incessanter,
1820 1236 1903 1310 pre-

493 1340 622 1414 dictam
647 1339 868 1414 donationem
894 1342 1018 1414 lactum
1046 1351 1231 1414 memorate
1252 1339 1427 1413 Bremensi
1447 1337 1594 1412 ecclesio
1616 1359 1677 1434 per
1695 1338 1901 1431 jamdictum

492 1466 535 1538 Η.
553 1465 713 1538 comitam
733 1465 925 1538 Palatinum
946 1475 1014 1538 tam
1034 1465 1070 1537 in
1090 1465 1217 1561 prediis
1233 1487 1339 1559 quam
1358 1465 1394 1536 in
1411 1463 1692 1536 ministerialibus
1707 1465 1903 1559 patrimonii

492 1591 566 1683 sui,
587 1591 662 1663 sivo
687 1590 724 1660 iu
743 1589 864 1662 eodem
883 1589 1084 1686 episcopatu
1105 1589 1281 1662 Bremensi
1299 1589 1355 1661 vel
1379 1588 1591 1686 ubicumque
1613 1587 1697 1678 siut,
1719 1587 1764 1660 de
1787 1589 1902 1662 innata

492 1713 666 1788 serenitati
684 1721 797 1787 nostro
813 1713 992 1788 elementia
1013 1715 1079 1787 sibi
1098 1724 1264 1810 perpetuo
1284 1711 1537 1786 oonbrmamus.
1557 1711 1744 1784 Statuimus
1763 1713 1905 1809 insuper

493 1851 529 1913 et
546 1839 713 1935 presentis
732 1839 904 1934 privilegii
927 1841 1128 1913 auctoritate
1146 1837 1352 1912 mandamus
1373 1847 1543 1934 quatenus
1558 1837 1653 1909 nulla
1674 1859 1818 1934 persona
1836 1861 1904 1909 su·-

494 1963 610 2035 blimis
625 1963 681 2036 vel
702 1964 859 2057 humilis,
878 1965 1109 2037 aoclesiastioa
1125 1965 1183 2037 vel
1200 1964 1394 2054 mundana,
1417 1965 1587 2058 prelatum
1606 1962 1904 2059 archiepisoopum

496 2087 657 2161 dilectum
685 2087 875 2183 principem
899 2099 1052 2162 nostrum
1078 2097 1195 2162 contra
1217 2089 1386 2186 presentis
1406 2085 1672 2161 confirmationis
1695 2098 1810 2160 nostro
1834 2111 1905 2184 pa-

496 2212 614 2304 ginam
632 2213 812 2286 molestare
830 2225 1018 2308 presumat.
1040 2217 1143 2302 Quod
1162 2215 1224 2311 qui
1242 2215 1489 2312 presumpserit
1510 2235 1635 2310 penam
1652 2213 1718 2284 XX
1738 2213 1905 2286 librarum

497 2339 574 2410 auri
598 2337 676 2433 puri
701 2359 739 2411 se
763 2339 1032 2434 oompositurum
1057 2349 1238 2435 agnoscat,
1253 2361 1402 2436 quarum
1426 2337 1643 2412 medietatem
1671 2339 1767 2412 ourie
1792 2350 1907 2413 nostre

496 2463 669 2558 persolvat
686 2474 721 2536 et
743 2464 914 2559 reliquum
933 2467 1023 2562 parti
1045 2467 1206 2560 injuriam
1231 2467 1386 2564 patienti.
1405 2465 1449 2539 Ut
1465 2475 1580 2538 autem
1601 2462 1666 2536 hoo
1691 2463 1906 2538 confirmatio

495 2595 570 2658 rata
588 2597 786 2682 permaneat
800 2597 834 2660 et
852 2589 958 2660 robur
977 2589 1133 2664 obtineat
1151 2601 1313 2687 perpetue
1326 2589 1507 2682 firmitatis,
1526 2609 1666 2686 presens
1683 2589 1903 2684 privilegium

495 2707 569 2782 lieri
587 2711 732 2784 lecimus
754 2721 789 2785 et
806 2713 900 2786 bulla
921 2737 1026 2788 aurea
1044 2715 1179 2812 typario
1203 2726 1317 2789 nostre
1342 2715 1527 2810 majestatis
1550 2714 1715 2810 impressa
1737 2715 1907 2806 jussimus

494 2856 665 2928 rnsrgnrrr.

543 2961 654 3052 Hujus
678 2961 796 3057 itaque
817 2963 867 3036 rei
890 2971 992 3036 testes
1010 2975 1092 3038 sunt
1110 2992 1119 3035 :
1140 2965 1180 3038 B.
1200 2965 1395 3062 patriarcba
1417 2964 1677 3061 Aquilegensis,
1699 2961 1741 3036 A.
1762 2961 1903 3058 Magdo-

493 3083 677 3180 burgensis
699 3095 734 3158 et
839 3089 1021 3162 Ravennae
1045 3091 1312 3188 archiepisoopi,
1335 3093 1376 3164 ll.
1399 3091 1687 3184 Babiubergousis
1705 3089 1903 3185 episeopus,

494 3211 538 3282 Η.
564 3211 831 3285 wormaciensis
850 3213 1048 3310 episeopus,
1072 3217 1304 3292 ...Polausis
1319 3214 1370 3314 (a)
1383 3217 1577 3314 episcopus,
1598 3217 1640 3288 N.
1659 3215 1811 3308 Reginus
1827 3214 1907 3310 epi-

494 3355 638 3431 soopus,
659 3333 699 3407 G.
720 3337 934 3410 Brixinonsis
954 3339 1156 3437 episcopus,
1178 3341 1222 3414 Α.
1242 3341 1318 3414 dux
1336 3341 1505 3434 Saxonie,
1521 3341 1563 3414 Ο.
1580 3341 1655 3416 dux
1673 3339 1841 3431 blerauie,
1862 3341 1904 3411 B.

495 3458 571 3533 dux
594 3459 789 3550 Kariutbie,
813 3483 928 3537 comos
953 3466 996 3538 Η.
1022 3466 1067 3540 de
1088 3467 1342 3560 Horleuberob,
1368 3469 1407 3540 l..
1431 3467 1632 3558 langravius
1656 3465 1701 3540 do
1723 3466 1908 3538 Luobtim-

493 3583 596 3679 berg,
621 3607 735 3658 onmes
758 3589 815 3660 W.
837 3589 882 3662 de
901 3590 1093 3663 Halrenaoh
1111 3591 1177 3690 lb),
1203 3573 1317 3665 comes
1340 3591 1380 3664 G.
1402 3591 1447 3665 do
1466 3591 1605 3664 Sauniis
1625 3589 1689 3687 (c),
1716 3589 1909 3664 Manlridos

494 3709 648 3782 marchio
665 3711 803 3801 Lamia,
819 3733 934 3785 comes
947 3715 987 3784 B.
1008 3712 1054 3787 de
1071 3717 1205 3809 loreto,
1224 3737 1339 3788 comes
1357 3714 1541 3788 Alduinus.

543 3831 629 3908 bota
661 3845 743 3907 sunt
774 3835 840 3908 heo
874 3859 966 3910 anno
1002 3837 1176 3913 dominice
1207 3839 1452 3913 iuoamatiouis
1475 3837 1760 3934 tl.cc.xxx11,
1789 3861 1909 3914 menso

538 4007 580 4090 (a)
601 4011 737 4072 Forsltan
754 4009 913 4075 l'molearir
918 4034 935 4092 ;
949 4033 1053 4094 nempe
1072 4017 1203 4080 Potomia
1222 4019 1375 4096 eplsoopus
1388 4033 1534 4096 nusquam
1547 4019 1624 4078 tuter
1635 4022 1724 4078 ostes
1736 4019 1833 4079 ourloo
1844 4018 1908 4079 lta·

495 4119 637 4178 vennensl
650 4119 800 4181 absentes
812 4129 944 4200 apparet.

539 4220 579 4302 (b)
601 4225 805 4288 Verlslmillter
815 4224 850 4288 de
863 4225 1055 4308 llalramoot,
1067 4233 1126 4292 ntat
1136 4231 1217 4310 quod
1229 4247 1320 4310 supra
1331 4234 1500 4294 nominatur
1515 4227 1663 4311 bodolus.

537 4328 577 4411 (a)
603 4331 772 4409 Lsgondum
787 4331 822 4392 de
836 4333 935 4396 Sana.

535 4623 571 4699 (l)
590 4625 651 4684 vid.
661 4641 706 4701 ap.
716 4626 831 4700 Sonmn,
839 4627 920 4703 lter,
931 4649 959 4705 p.
971 4635 1034 4705 ota,
1049 4633 1220 4694 donatiouem
1232 4633 1389 4694 ublleurico
1401 4634 1499 4694 oomite
1510 4633 1608 4693 lanum
1619 4632 1827 4710 apudStadium,
1838 4647 1910 4691 anno

495 4721 597 4782 domin.
612 4724 714 4784 ineam.
733 4729 814 4802 tato,
829 4727 922 4788 indict.
932 4731 990 4792 Vll.
