4372 5918
758 611 887 676 REGNI
911 607 1099 672 statutae

689 888 894 964 TITULUS
922 887 980 962 ct.
1007 893 1064 973 Ος
1089 881 1178 982 (76).

291 1043 341 1116 De
357 1041 423 1136 fide
439 1041 594 1114 noniinm
610 1051 641 1112 et
655 1040 845 1134 ipnoiiiinrn
863 1061 962 1134 snper
979 1037 1199 1110 declaratione
1216 1035 1319 1108 debiti
1333 1037 1489 1128 sociando
1506 1035 1521 1134 (
1541 1037 1569 1130 ).

767 1214 861 1263 rnen
890 1211 1088 1263 recussus.

270 1341 474 1428 Questiones
489 1341 578 1436 juris
596 1342 783 1439 peritorum
800 1362 905 1438 snper
930 1339 1161 1415 declaratione
1187 1338 1295 1412 debiti
1314 1339 1470 1414 iacienda
1489 1361 1634 1436 compe-

221 1466 305 1538 tenti
324 1465 563 1540 moderamine
581 1465 796 1555 decidentes,
817 1466 993 1538 sancimus
1006 1463 1036 1536 si
1056 1461 1200 1558 quando
1220 1462 1406 1537 declaratio
1426 1462 1548 1554 debiti,
1570 1487 1634 1560 pro

221 1592 320 1683 cnjus
338 1610 501 1662 mensura
519 1590 637 1664 missio
654 1589 691 1662 in
709 1588 959 1685 possessionem
974 1587 1144 1660 bonorum
1163 1587 1374 1660 contumacis
1391 1595 1444 1658 est
1457 1586 1628 1679 facienda,

222 1721 368 1808 petatur,
386 1715 515 1808 justum
534 1714 581 1810 (b)
606 1713 915 1788 considerationem
938 1710 1056 1784 haberi
1077 1711 1238 1785 volumus
1255 1731 1477 1806 personarum
1498 1733 1631 1786 necnon

221 1837 324 1910 edum
349 1847 385 1910 et
409 1837 612 1932 quantitatis
640 1839 677 1910 in
703 1837 835 1932 jndicio
864 1834 1073 1910 declaranda
1099 1835 1158 1932 (c).
1187 1835 1273 1907 Nam
1300 1835 1330 1908 si
1352 1835 1492 1931 quidem
1516 1859 1632 1910 wmes

221 1960 323 2034 tuerit
337 1960 400 2056 qni
416 1961 642 2054 quantitatem
663 1963 773 2058 ipsam
789 1961 914 2036 debeat
929 1959 1120 2048 declarare,
1140 1969 1351 2034 sacramento
1368 1961 1478 2057 ipsius
1496 1963 1631 2036 comitis

222 2105 332 2180 usque
354 2084 402 2158 ad
419 2087 643 2180 quantitatem
664 2095 801 2159 centum
829 2084 1011 2158 unciarum
1034 2085 1140 2176 [anri]
1166 2083 1343 2176 credatnr;
1369 2086 1489 2158 baroni
1514 2097 1630 2160 antem

223 2209 266 2284 de
283 2209 554 2306 quinquaginta3
574 2211 720 2306 simplici
735 2210 834 2284 militi
852 2209 896 2284 de
909 2209 1209 2306 vigintiquinqne;
1229 2209 1392 2304 burgensi
1406 2220 1521 2284 autem
1539 2211 1629 2286 bone

222 2333 396 2428 opinionis
408 2343 443 2406 et
461 2333 562 2408 diviti
577 2333 623 2407 de
638 2333 726 2408 libra
742 2335 819 2406 auri
835 2357 923 2426 nna;
942 2333 1019 2406 aliis
1036 2344 1152 2407 annm
1169 2356 1281 2430 nsque
1295 2335 1342 2410 ad
1357 2344 1425 2408 tres
1445 2335 1564 2408 uncias
1577 2333 1627 2431 (d)

219 2457 414 2548 jurantibus
427 2469 578 2548 tantum,
597 2459 693 2532 nulla
706 2459 774 2532 alia
793 2457 850 2558 [in
865 2453 1060 2554 posterum]
1077 2459 1279 2554 probatione
1293 2460 1446 2554 quesita,
1467 2460 1629 2534 volumus

223 2602 297 2654 esse
315 2581 541 2656 medendum.
561 2583 655 2658 Ultra
673 2593 788 2656 autem
807 2581 975 2678 predictas
989 2581 1142 2676 singulas
1158 2581 1378 2678 quantitates,
1396 2584 1441 2656 ab
1457 2585 1628 2658 actoribus

223 2707 414 2778 communis
426 2707 517 2799 juris
530 2707 689 2804 probatio
703 2707 866 2802 exigatur
876 2729 937 2802 per
947 2705 1144 2778 authentica
1161 2706 1387 2780 instrumenta
1400 2707 1561 2782 videlicet
1572 2710 1628 2782 vel

224 2849 284 2924 per
300 2837 405 2903 testoe
424 2829 468 2926 (e)
487 2827 557 2902 fide
576 2825 701 2925 dignos
715 2838 750 2904 et
764 2829 858 2903 omni
875 2829 1029 2924 legitima
1045 2831 1249 2926 exceptione
1263 2831 1422 2924 majores.

672 3129 874 3204 TITULUS
898 3129 973 3202 ctt.
1000 3134 1062 3202 ΟΖ
1085 3123 1175 3225 (77).

439 3281 490 3353 De
506 3281 708 3376 resipnondc
727 3284 930 3376 possessione
946 3293 979 3355 ct
998 3284 1039 3356 de
1055 3283 1107 3355 rci
1120 3281 1339 3356 vindicatione
1355 3281 1413 3378 (s).

769 3455 859 3504 IDR!
888 3455 1086 3508 andoenus.

268 3579 328 3654 Rei
341 3573 584 3656 vendicatione
601 3593 805 3673 conventus,
826 3583 885 3656 lite
904 3584 1058 3659 nondum
1076 3584 1255 3680 injudicio
1273 3592 1476 3676 contestata,
1497 3583 1526 3656 si
1545 3605 1630 3658 con-

223 3710 338 3778 tumax
358 3705 475 3799 fuerit,
496 3716 611 3804 preter
625 3707 815 3806 predictam
830 3729 956 3804 penam
970 3709 1068 3782 tertie
1085 3709 1192 3804 partis
1207 3707 1385 3782 mobilium
1403 3707 1498 3780 curie
1516 3717 1630 3782 nostre

260 3887 303 3972 (a)
322 3893 358 3954 ln
371 3891 486 3956 (incon
499 3901 530 3956 et
541 3898 573 3957 tn
586 3895 653 3958 cod.
668 3904 747 3958 eoae
760 3897 788 3958 Δ
800 3896 920 3959 brevius
933 3895 1096 3974 concipitur
1115 3915 1124 3958 a
1139 3897 1182 3958 tn
1194 3892 1386 3958 detentione
1396 3893 1496 3958 debiti.

260 3993 302 4078 (i)
321 3997 405 4062 atta
413 3999 510 4082 jann
521 4007 553 4062 et
565 4001 837 4074 mummoleni
849 4007 945 4082 pejus.

224 4101 308 4270 mppr
324 4105 361 4166 ln
387 4121 493 4185 graeco
514 4106 634 4170 additur
655 4107 714 4187 μεθ’
728 4105 818 4191 ὅρκου,
833 4127 898 4172 com
902 4111 1073 4192 juramento
1075 4131 1093 4189 ‚·
1107 4111 1187 4190 quod
1203 4113 1292 4172 edam
1312 4111 1532 4173 amoenante
1546 4111 1631 4192 lege-

263 4313 305 4397 (d)
325 4317 383 4378 Hic
394 4319 426 4378 tn
436 4333 542 4397 paeon
554 4326 696 4398 punctum
709 4321 806 4398 adest,
815 4340 953 4404 novaque
966 4327 1111 4388 sententia
1124 4323 1227 4404 tnnptt
1237 4343 1246 4387 ε
1256 4322 1430 4389 turentius
1443 4329 1541 4387 onum
1552 4321 1628 4402 doec,

225 4417 301 4484 neiis
313 4419 386 4501 aiio,
400 4429 455 4486 eto.

260 4527 291 4610 (e)
310 4529 360 4594 Slc
383 4531 509 4612 legimus
528 4549 588 4595 nnn
604 4549 678 4644 xcurn
699 4533 824 4599 Peechtu
843 4544 873 4599 et
895 4539 962 4602 cod.
986 4548 1075 4604 eote.
1100 4540 1210 4604 Graece
1231 4543 1401 4620 stmpltctter
1420 4559 1428 4602 :
1445 4537 1478 4600 δι’
1492 4538 1629 4626 ἐγγράφων

227 4633 378 4720 Μόθων,
397 4644 456 4701 ⁰¹⁰·

263 4739 300 4823 (i)
324 4745 458 4808 Graece:
472 4745 516 4808 De
528 4753 693 4810 contumace
705 4753 774 4810 onte
788 4746 847 4812 litis
857 4753 1098 4814 autenticam.
