4288 5912
535 598 595 662 usa
1033 597 1247 660 ruruuracr
1272 597 1447 661 sncurur
1759 598 1840 678 [sna.
1857 597 1944 661 resa.

584 735 703 830 Incipit
717 761 728 806 :
744 733 789 806 lit
803 730 1006 807 'animalium
1023 735 1176 829 quedam
1197 736 1452 810 communicant
1470 734 1507 808 iu
1526 733 1712 819 membris,
1729 733 1820 808 sicut
1836 755 1946 830 equus

536 870 571 936 et
586 860 690 934 homo
707 860 745 932 iu
762 879 907 932 numero
923 868 959 933 et
978 859 1015 932 in
1032 881 1153 951 carne,
1171 867 1240 934 eto.
1261 857 1385 960 [libro
1402 861 1452 934 ita
1468 857 1547 933 finis
1566 859 1754 956 imponitur
1770 855 1802 958 ε]
1818 857 1891 932 Sed
1905 858 1948 934 da

536 987 694 1062 dentium
719 984 925 1058 utilitatibus
946 985 1020 1078 jam
1044 984 1121 1058 scis'
1137 1006 1185 1059 ex
1209 985 1277 1060 alia
1294 987 1404 1061 llibro.
1433 985 1585 1082 septais
1616 983 1699 1057 liber
1721 981 1885 1058 iciam
1910 984 1947 1058 de

534 1112 749 1185 animalibus.
776 1107 873 1209 [Post
894 1108 1016 1182 similis
1037 1129 1163 1184 manus
1183 1111 1232 1184 ita
1247 1107 1437 1210 scripsit]
1459 1111 1657 1208 eompletus
1670 1117 1733 1183 ‘est
1755 1109 1843 1182 libor
1860 1106 1948 1182 Avi-

535 1235 705 1312 cenuede
721 1234 939 1327 animalibus,
956 1235 1180 1333 scriptuspsr
1190 1237 1396 1332 magistrum
1409 1233 1858 1310 ilcindcumiialouieusam
1874 1232 1945 1333 (l);

535 1362 582 1436 ad
604 1361 783 1457 exemplar
807 1357 983 1455 magnifici
1007 1359 1223 1456 impumtatis
1249 1361 1359 1434 uosbi
1383 1359 1515 1434 domiui
1541 1359 1715 1434 Frederici
1737 1358 1836 1455 apud
1856 1359 1949 1434 blel-

535 1485 615 1560 fism
633 1483 820 1584 (Mallium)
841 1485 1016 1558 civitatem
1030 1484 1178 1581 Apulis,
1197 1485 1260 1558 ubi
1279 1485 1443 1559 dominns
1456 1483 1769 1582 imperator-eidem
1785 1483 1948 1578 mafflstru

534 1611 630 1686 huuc
646 1611 774 1685 librum
791 1609 998 1707 premissum
1019 1609 1253 1685 commodavit
1273 1631 1365 1684 anuo
1385 1609 1522 1684 Domini
1545 1611 1592 1684 bi.
1606 1609 1668 1683 CC.
1679 1609 1809 1682 xxxii
1824 1607 1947 1708 (2),in

536 1736 658 1834 vigilia
674 1735 768 1810 beati
785 1735 972 1823 Laurentii,
990 1735 1027 1807 in
1044 1733 1149 1808 domo
1162 1735 1316 1831 magistri
1335 1733 1484 1808 Volmeri
1502 1733 1629 1808 modici
1642 1733 1875 1831 imperatoris.

1610 1915 1943 1929 ιὺ--ο-ιι-ν-ῇ-

539 2015 611 2074 nulls
626 2029 708 2090 opera
721 2013 757 2072 ds
769 2013 876 2072 arabico
889 2019 1012 2072 sermone
1032 2013 1206 2072 transtulitiu
1221 2013 1344 2072 latinum.
1358 2013 1479 2084 Quarum
1490 2013 1644 2074 sessionum
1657 2013 1790 2086 quaedem
1802 2011 1948 2072 ardeam

539 2113 619 2174 Scato
631 2111 790 2172 tribuendae
798 2119 879 2170 eunt:
895 2112 999 2171 scilicet
1011 2112 1176 2188 itpetruqii
1188 2117 1319 2172 uacuus
1329 2112 1421 2188 Super
1432 2112 1555 2188 ptam.
1565 2127 1637 2172 nuno
1648 2113 1729 2182 tata
1740 2109 1949 2170 transeam-

540 2210 665 2270 meutarii
678 2226 761 2286 super
774 2209 874 2268 librum
885 2209 1036 2270 Aristotelis
1051 2211 1089 2268 ita
1100 2211 1170 2270 caelo
1188 2218 1215 2270 et
1233 2211 1344 2283 mundo,
1358 2211 1496 2288 stephano
1509 2209 1544 2268 ds
1556 2209 1671 2270 Prasino
1682 2208 1755 2268 circa
1768 2224 1868 2271 anuum
1883 2211 1944 2267 test

540 2307 654 2368 dedicati
664 2328 671 2382 ;
686 2309 807 2384 eiusdem
819 2309 946 2368 dverrois
958 2310 1143 2368 commentarii
1159 2325 1242 2385 super
1254 2311 1353 2368 librum
1365 2311 1405 2369 De
1425 2312 1536 2380 auima-
1547 2309 1669 2386 ejusdem
1679 2307 1863 2366 commentarii
1872 2323 1949 2384 super

541 2409 728 2468 duodecimum
737 2407 983 2484 dietapltqeiearam
994 2407 1103 2480 librum,
1117 2409 1169 2467 sub
1181 2409 1288 2467 uomiue
1298 2408 1401 2468 Nicolai
1412 2407 1580 2484 Peripatetici
1588 2405 1777 2480 uulgatibliae
1787 2412 1878 2464 autem
1888 2421 1947 2464 ver·

540 2509 631 2566 sioues
644 2507 785 2566 scotiam
800 2506 887 2580 magis
900 2505 999 2564 dubias
1018 2505 1172 2564 habentur:
1188 2507 1292 2566 scilicet
1303 2507 1429 2566 inermis
1441 2505 1628 2565 commentarii
1641 2518 1724 2580 super
1737 2503 1835 2562 librum
1849 2504 1888 2562 lle
1903 2519 1948 2578 pe·

540 2607 680 2666 manticae
698 2611 724 2664 at
744 2607 927 2680 comptique,
949 2605 1135 2662 commentarii
1151 2605 1190 2662 lle
1211 2605 1382 2680 monta,
1396 2605 1574 2680 ptraphrasia
1588 2620 1671 2679 super
1687 2605 1779 2662 aava
1794 2601 1947 2672 anana,

541 2703 677 2763 dvsrroici
703 2705 810 2762 demum
837 2708 969 2760 tractatus
993 2703 1032 2760 ita
1058 2701 1211 2760 abbatia
1235 2701 1317 2762 ardis.
1341 2702 1381 2764 Cl.
1404 2703 1523 2772 namu.
1546 2703 1677 2761 eloam&
1701 2707 1728 2759 et
1754 2700 1948 2768 l'aucrrai'smc,

541 2819 569 2876 p.
587 2805 637 2862 tii
651 2807 680 2859 st
692 2817 769 2875 seqq.
785 2801 897 2859 Summe
910 2799 944 2858 ab
958 2799 1119 2875 imperatore
1132 2801 1217 2875 gratie
1231 2807 1373 2876 exceptus,
1388 2799 1432 2858 cui
1453 2816 1530 2858 suam
1545 2799 1611 2858 libri
1623 2798 1787 2856 animalium
1801 2797 1947 2860 translatio

541 2917 604 2959 nom
617 2900 730 2973 obtulit,
744 2899 890 2977 praecipua
909 2905 1036 2973 tanquam
1056 2899 1204 2974 asbalogas
1217 2900 1290 2976 apud
1312 2915 1375 2958 eum
1396 2898 1554 2958 aucbtitute
1575 2898 1671 2956 Scotns
1683 2897 1711 2954 iu
1723 2903 1861 2972 postu-um
1875 2895 1947 2954 tunc

544 3005 589 3057 lus
608 3005 659 3056 esi.

579 3095 615 3170 (t)
634 3096 673 3153 ite
695 3093 740 3154 illo
758 3093 872 3154 lieurieo
884 3093 951 3152 nibil
965 3093 1035 3152 boue
1048 3099 1216 3168 roupertum
1228 3093 1376 3168 mmmm,
1391 3094 1443 3153 uisi
1458 3094 1495 3152 sit
1507 3094 1579 3152 idem
1598 3093 1726 3166 magbtsr
1738 3091 1773 3150 de
1786 3107 1840 3168 quo
1860 3091 1887 3149 iu
1905 3091 1950 3150 iti-

542 3192 676 3252 bliotbeca
687 3192 870 3265 laudunensi,
884 3191 944 3251 eod.
962 3193 1025 3262 tet,
1041 3205 1072 3248 u⁰
1088 3195 1115 3260 t,
1129 3193 1222 3251 notitia
1234 3193 1312 3252 adest
1323 3198 1355 3250 ut
1364 3191 1487 3265 sequitur
1499 3210 1507 3248 ι
1519 3191 1737 3250 Conmentariis
1757 3193 1790 3248 iu
1808 3205 1901 3250 amas
1920 3190 1951 3249 da

543 3298 655 3350 caecata
671 3309 690 3350 a
707 3293 839 3364 maqistra
861 3291 993 3349 litiarico
1012 3289 1044 3348 de
1066 3290 1195 3361 causta
1209 3291 1257 3366 qui
1276 3305 1342 3350 saro
1354 3289 1537 3364 grammaticis
1552 3289 1642 3364 patius
1663 3303 1746 3364 quam
1766 3285 1951 3364 philosophicis

543 3390 691 3466 disciplinis
704 3390 827 3448 addietus
843 3388 925 3448 luisse
938 3389 1053 3448 videtur.

581 3489 616 3566 (i)
635 3491 693 3548 ilua
701 3488 760 3564 ipso
770 3487 1011 3562 temporejudaeus
1019 3487 1203 3561 Prouincialis,
1213 3489 1321 3548 nomine
1329 3487 1413 3549 laceb
1421 3487 1640 3549 ban-Abbabluri
1648 3488 1778 3548 Simeonis
1788 3489 1887 3560 inuti,
1895 3503 1950 3546 rer·

544 3588 634 3648 sioues
640 3587 706 3646 alias
713 3602 747 3645 er
755 3585 863 3644 arabica
870 3585 959 3660 liugero
966 3585 1213 3658 bebraioe‚iavente
1219 3601 1326 3663 quoque
1332 3587 1466 3646 Friderioo
1474 3593 1576 3658 nasae,
1586 3587 1952 3662 edideratltsquoeaeiutar

544 3686 634 3762 plures
645 3685 754 3744 notitiae
769 3702 777 3741 ε
794 3683 966 3758 «Aaalytiou
978 3689 1054 3742 recta
1066 3685 1205 3742 Auerraie.
1217 3703 1231 3740 s
1244 3687 1275 3744 ln
1289 3685 1343 3743 lius
1355 3685 1423 3744 baec
1435 3685 1516 3760 ispe:
1530 3705 1543 3742 a
1557 3687 1613 3744 Deo
1627 3685 1727 3760 gratias
1743 3686 1789 3760 qui
1807 3686 1880 3744 dedit
1890 3683 1952 3742 milri

544 3783 671 3842 alucoba
686 3781 739 3840 iilia
752 3783 785 3840 R.
798 3781 929 3841 Simsouis
941 3797 976 3840 ex
993 3781 1082 3840 Anuli
1095 3781 1168 3840 viros
1184 3783 1334 3858 complendi
1347 3796 1415 3858 opus
1428 3785 1493 3842 illud
1507 3784 1535 3842 iu
1549 3785 1620 3842 lldm
1633 3787 1665 3859 2,
1680 3801 1742 3844 auu.
1759 3787 1828 3842 liii
1844 3783 1953 3860 (Christi

544 3883 656 3956 aliti)
681 3881 709 3938 iu
731 3881 799 3939 urbe
819 3880 1007 3956 Neapolitana
1030 3879 1103 3954 quod
1122 3881 1274 3956 composuit
1292 3881 1468 3957 philosophus
1495 3881 1657 3941 Audaluslae
1676 3883 1862 3942 &nisscbed
1886 3882 1953 3958 stylo

545 4001 560 4034 a
575 3980 708 4040 rhetorico
719 3979 849 4052 clamque
862 3993 945 4053 supra
956 3977 1107 4038 amuletis
1119 3977 1217 4052 libros,
1232 3995 1301 4055 quos
1314 3979 1451 4053 mamurii,
1465 3996 1580 4055 quorum
1591 3987 1706 4055 quaeror
1717 3985 1780 4038 suut
1793 3980 1952 4052 Aristotelis,

546 4097 560 4131 s
576 4078 642 4136 altar
653 4077 806 4153 Porphyrii.
821 4077 979 4135 &nodosus
990 4077 1062 4136 Deus
1073 4076 1120 4151 qui
1131 4075 1161 4132 iu
1170 4077 1252 4136 corde
1262 4077 1392 4138 Cesaraas
1401 4093 1496 4144 samaa
1504 4079 1651 4152 majestatis
1663 4080 1832 4154 imperatoris
1840 4077 1954 4138 liederid

546 4197 559 4230 ι
577 4177 704 4235 umawris
714 4176 900 4247 scientiarum,
916 4175 963 4250 qui
976 4174 1065 4234 omnia
1076 4173 1292 4233 subministravit
1305 4177 1467 4256 uocemmia.
1482 4177 1610 4252 sWotr,
1623 4176 1751 4234 Bibliotlr.
1769 4176 1863 4248 lioba,
1877 4183 1897 4233 t.
1909 4176 1953 4247 lv,

544 4291 574 4349 p.
587 4276 652 4346 ist,
664 4287 697 4330 ut
710 4273 846 4346 xxxix,
861 4289 896 4332 ex
908 4273 968 4332 cad.
983 4272 1148 4331 Tatuiueusi.
1159 4293 1222 4327 -ι
1236 4271 1285 4330 lbu
1295 4271 1423 4332 iluscbud
1437 4274 1494 4332 sive
1505 4273 1847 4333 averroisrommentarim
1859 4275 1887 4331 iu
1905 4273 1955 4332 Or·

544 4387 644 4444 partam
663 4370 831 4441 Aristotelis,
852 4373 981 4446 Iscqaqea
998 4369 1160 4446 Porphyrii,
1175 4370 1348 4444 Gatharias,
1369 4373 1407 4431 De
1421 4373 1662 4447 interpretatione,
1682 4375 1823 4448 inpriore
1834 4379 1861 4430 tt
1870 4379 1955 4449 pasic-

543 4472 620 4527 rt'ara
635 4469 795 4543 Aaalqtt'co,
808 4469 950 4527 translatus
971 4485 1005 4526 ex
1026 4468 1133 4526 arabico
1154 4468 1183 4526 iu
1204 4467 1360 4526 hebraicum
1381 4486 1535 4530 sarmarum
1548 4487 1565 4530 a
1578 4471 1609 4528 it.
1624 4471 1708 4529 Jacob
1729 4471 1817 4530 tutati
1833 4473 1910 4547 jussu
1929 4477 1957 4528 at

545 4567 675 4643 impensis
694 4567 863 4641 imperatoris
880 4567 1007 4626 Fridarici
1019 4567 1146 4640 semodi,
1160 4583 1241 4642 quam
1255 4575 1399 4644 propterea
1417 4569 1445 4626 in
1459 4568 1512 4626 liue
1531 4569 1663 4628 versionis
1675 4585 1740 4628 suas
1759 4570 1866 4642 laudm,
1880 4569 1956 4628 dmul

544 4667 624 4724 etiam
639 4670 714 4740 optut
732 4670 765 4723 at
782 4663 831 4721 aab
849 4664 907 4739 eiras
931 4666 1171 4739 imperialissima
1191 4664 1355 4722 ladaemm
1375 4667 1537 4724 amaricetur.
1560 4685 1574 4719 ι
1594 4667 1763 4732 maurus,
1778 4665 1953 4722 Commeatum

540 4762 575 4821 de
595 4761 667 4822 atat.
680 4763 823 4836 Caesarea,
837 4761 886 4822 lib.
901 4761 929 4836 1,
942 4778 971 4837 p.
986 4765 1048 4836 est,
1064 4775 1096 4820 nt
1108 4761 1185 4836 titt,
1198 4778 1232 4820 ax
1252 4763 1312 4822 aad.
1324 4761 1532 4822 vindobonensi.
1546 4763 1606 4822 itia
1626 4765 1747 4838 ujusdsm
1769 4764 1869 4822 mantio
1888 4761 1955 4839 apud
