4360 5908
228 575 326 636 lauret.
342 575 387 652 5.]
678 571 874 634 HIS'l'Olllll
899 567 1191 632 htrtotlarlclt.
1581 571 1642 633 365

229 720 325 804 pater
342 711 419 803 ejus
441 708 526 781 dum
545 707 635 780 vixit
650 707 809 780 exhihuit
826 707 939 780 eidem
957 707 1097 794 iacebo,
1114 705 1150 776 in
1166 725 1230 778 suo
1249 705 1423 797 legaverat
1439 717 1641 782 testamento

229 845 267 906 ut
281 833 477 906 Teobaldus
494 831 689 906 Francisius
713 833 817 906 irater
837 855 944 920 suus,
966 853 1070 927 quem
1096 831 1227 904 balium
1246 829 1394 902 liliorum
1417 841 1451 904 et
1470 841 1558 905 terre
1577 855 1640 906 sue

228 957 371 1048 dimisit,
393 957 532 1030 deberet
547 957 613 1053 ipsi
628 955 806 1052 quondam
824 956 932 1030 Raoni
950 955 1049 1026 militi
1069 955 1208 1028 leodum
1231 954 1334 1026 unius
1355 955 1471 1028 militis
1486 956 1640 1051 integra-

227 1082 306 1154 liter
330 1082 561 1178 percomplere
583 1092 619 1153 et
643 1081 725 1154 inde
747 1080 814 1152 sihi
838 1082 951 1154 lacere
975 1081 1152 1174 puplicum
1174 1080 1519 1171 instrumentum-et
1540 1093 1641 1177 post-

227 1207 371 1280 modum
390 1207 483 1280 idem
502 1207 720 1282 Theohaldus
743 1211 864 1286 volens
884 1218 1124 1282 testamentum
1146 1209 1228 1282 dicti
1249 1208 1362 1280 lratris
1384 1208 1438 1279 sui
1455 1229 1559 1304 super
1575 1209 1641 1282 hoc

226 1332 417 1426 adimplere
441 1354 512 1405 una
538 1353 617 1404 cum
640 1333 807 1408 Riccardo
833 1345 955 1430 nepote
983 1355 1062 1418 suo,
1088 1331 1159 1404 lilio
1184 1333 1302 1406 iacobi
1329 1333 1527 1425 memorati,
1556 1355 1639 1406 con-

227 1456 329 1528 cessit
346 1465 381 1528 et
400 1456 542 1530 tradidit
560 1456 624 1553 ipsi
643 1459 820 1553 quondam
836 1459 944 1534 Reoui
964 1459 1064 1532 militi
1084 1457 1259 1554 pheodum
1274 1457 1368 1552 quod
1386 1458 1450 1528 luit
1462 1459 1640 1552 quondam

227 1581 362 1676 hogerii
380 1581 424 1656 de
439 1583 584 1656 Farneta
599 1583 636 1655 in
657 1584 836 1674 altavilla,
855 1584 951 1679 quod
970 1583 1063 1657 idem
1082 1584 1230 1656 lacobus
1249 1583 1329 1654 olim
1346 1592 1476 1654 emerat
1488 1605 1509 1654 a
1523 1604 1641 1678 quon-

227 1705 308 1779 dam
334 1707 455 1780 Emma
479 1706 550 1779 iilia
576 1716 611 1779 et
637 1707 766 1781 herede
795 1707 879 1781 dicti
906 1707 1082 1804 quondam
1109 1707 1244 1801 hogerii
1265 1705 1310 1780 de
1336 1708 1497 1798 Farneta,
1526 1718 1641 1778 nostre

227 1831 413 1923 mejestatis
435 1853 605 1906 consensu
628 1832 846 1926 postmodum
867 1853 913 1906 ex
935 1841 1027 1904 certa
1047 1832 1190 1904 scientia
1220 1831 1483 1919 interveniente,
1512 1831 1640 1904 scilicet

228 1957 361 2028 tertiam
383 1967 516 2052 partem
536 1978 599 2052 pro
625 1957 776 2032 indiviso
798 1957 907 2054 ipsius
931 1967 1018 2030 terre
1039 1957 1198 2029 Alteville
1221 1979 1299 2028 cum
1320 1955 1535 2046 hominihus,
1559 1955 1639 2028 red-

227 2080 371 2173 ditibus,
392 2081 544 2174 eugariis
557 2090 592 2155 et
610 2082 836 2178 perangariis,
859 2081 1063 2178 plateaticis,
1083 2102 1145 2177 pro
1160 2078 1232 2177 (sic)
1249 2101 1364 2152 creare
1378 2080 1518 2173 judices
1533 2091 1568 2154 et
1582 2103 1636 2153 re·

226 2229 308 2301 gere
325 2205 469 2298 curiam,
488 2207 635 2280 vexallis
651 2219 781 2284 etcum
801 2209 963 2280 omnihus
979 2208 1056 2280 aliis
1069 2207 1172 2300 justis
1192 2207 1403 2303 pertinentiis
1417 2207 1490 2280 suis
1507 2217 1541 2278 et
1560 2230 1638 2280 cum

226 2333 380 2429 cappella
398 2355 460 2406 seu
476 2333 619 2407 ecclesia
640 2333 755 2409 Sancti
772 2333 895 2428 Angeli
914 2333 961 2407 ad
982 2333 1095 2406 Postia
1119 2354 1198 2405 cum
1212 2331 1351 2424 juribus
1370 2341 1404 2404 et
1426 2331 1639 2426 pertinentiis

226 2458 322 2546 suis,
348 2479 389 2532 ac
415 2468 486 2532 toto
513 2469 548 2532 et
577 2461 711 2554 integro
739 2458 902 2554 homagio
927 2469 962 2532 et
991 2458 1108 2532 debito
1134 2457 1274 2531 servitio
1299 2457 1394 2552 quod
1420 2457 1577 2531 blanzeus
1603 2468 1638 2530 et

225 2583 398 2656 Iohannes
414 2582 459 2656 de
475 2584 619 2658 Farneta
637 2605 678 2656 ec
699 2585 884 2657 Sirilansus
901 2585 1033 2660 nobiles
1049 2585 1094 2657 de
1111 2583 1273 2656 Altavilla
1289 2581 1335 2655 de
1353 2583 1498 2678 pheodis
1518 2584 1554 2655 in
1571 2583 1638 2655 nt-

226 2705 345 2778 tavilla
366 2707 479 2779 eidem
504 2708 608 2780 leudo
626 2707 875 2803 pertinentibus
898 2719 1049 2804 prestare
1076 2707 1196 2780 heredi
1221 2707 1303 2779 dicti
1327 2705 1502 2800 quondam
1520 2707 1638 2780 Jacobi

224 2827 390 2900 Francisii
415 2829 594 2901 annuatim
614 2839 648 2902 et
668 2829 813 2903 reddere
834 2839 1009 2921 tenentur,
1032 2830 1122 2902 sicut
1145 2829 1179 2900 in
1202 2829 1429 2900 instrumento
1447 2827 1528 2900 inde
1552 2851 1638 2901 eon·

225 2953 314 3028 lecto
332 2952 466 3047 plenius
489 2953 695 3044 continetur,
715 2953 858 3026 leudum
874 2955 987 3050 ipsum
1006 2952 1208 3027 confirmare
1225 2952 1291 3024 sibi
1310 2964 1343 3024 et
1361 2952 1434 3024 suis
1451 2953 1638 3026 heredibus

226 3077 271 3150 de
289 3089 405 3150 nostra
423 3078 533 3169 gratia
556 3077 792 3172 dignaremur.
813 3078 884 3150 Nos
900 3089 1016 3151 autem
1034 3077 1344 3172 supplicationibus
1363 3077 1435 3148 suis
1452 3077 1638 3171 benignius

225 3203 400 3294 inclinati,
424 3201 680 3277 considerantes
705 3202 847 3298 quidem
876 3213 973 3298 grata
995 3211 1030 3276 et
1053 3213 1192 3298 accepta
1214 3203 1353 3274 servitia
1378 3223 1448 3296 que
1475 3203 1638 3277 dominus

225 3328 403 3423 quondam
421 3330 493 3402 Rae
509 3328 593 3402 dum
611 3329 701 3401 vixit
718 3328 819 3401 nobis
836 3327 1015 3418 exhihuit,
1033 3337 1067 3400 et
1082 3349 1152 3422 que
1168 3327 1261 3401 idem
1279 3329 1349 3400 llao
1364 3340 1464 3400 natus
1480 3329 1636 3421 ejusdem

226 3453 262 3524 in
285 3465 386 3526 antea
410 3455 534 3549 poterit
557 3455 744 3543 exhihere,
770 3475 812 3526 ac
833 3454 936 3527 etiam
962 3453 1058 3548 quod
1083 3455 1251 3546 majestati
1280 3464 1394 3526 nostre
1415 3475 1478 3549 per
1500 3456 1638 3551 publica

225 3577 435 3651 documenta
459 3579 640 3653 evidenter
662 3579 812 3652 constitit
834 3579 879 3652 de
902 3579 1097 3674 premissis,
1116 3579 1308 3675 predictum
1335 3579 1528 3674 pheodum,
1549 3583 1638 3654 sicut

225 3701 340 3796 ipsum
369 3703 436 3798 ipsi
462 3705 560 3775 militi
585 3703 747 3777 dominus
769 3703 988 3776 Theobaldus
1009 3726 1077 3775 una
1104 3727 1183 3776 cum
1210 3704 1362 3798 predicto
1387 3705 1551 3777 Riecardo
1569 3729 1638 3780 ne-

224 3838 306 3924 pote
321 3851 385 3901 suo
406 3828 477 3902 lilio
501 3829 619 3904 Iacchi
640 3828 830 3925 supradicti
854 3831 946 3922 juste
971 3831 1156 3922 concessit,
1178 3829 1276 3902 dedit
1297 3839 1332 3901 et
1355 3830 1517 3922 tradidit,
1543 3843 1577 3904 et
1600 3833 1636 3906 in

224 3953 453 4026 instrumento
477 3956 615 4049 publico
641 3954 723 4028 inde
749 3956 904 4028 conlecto
929 3954 1064 4050 plenius
1086 3955 1298 4046 continetur,
1322 3953 1436 4026 eidem
1465 3956 1571 4028 Raoni
1593 3956 1639 4030 de

223 4079 355 4151 Limata
375 4089 410 4152 et
429 4079 618 4152 heredibus
641 4089 675 4152 et
699 4080 957 4152 successoribus
981 4079 1055 4151 suis
1077 4088 1243 4174 perpetuo
1261 4077 1522 4170 confirmamus;
1541 4082 1638 4154 salvo

223 4203 321 4298 quod
336 4203 449 4278 dictus
465 4205 536 4278 llao
550 4215 585 4278 et
600 4204 745 4278 heredes
760 4216 794 4277 et
811 4226 1025 4278 successores
1037 4205 1114 4295 ejus
1133 4204 1237 4276 semel
1254 4203 1289 4273 in
1306 4225 1417 4294 anno,
1437 4227 1517 4276 cum
1536 4207 1640 4279 luerit

224 4352 329 4403 asuo
348 4331 489 4404 domino
508 4331 712 4425 requisitus,
736 4332 874 4404 nomine
895 4331 987 4402 adue
1003 4329 1055 4426 (a)
1078 4329 1162 4402 dent
1180 4341 1214 4403 et
1231 4330 1366 4402 solvant
1384 4329 1498 4403 eidem
1517 4333 1638 4407 uncias

225 4455 301 4526 auri
321 4455 408 4529 duas
424 4455 587 4553 ponderis
603 4457 789 4553 generalis,
809 4468 843 4530 et
858 4457 954 4530 salvo
970 4457 1133 4530 mandato
1149 4465 1183 4528 et
1201 4455 1415 4528 ordinatione
1432 4465 1560 4530 nostra.
1582 4457 1638 4532 nd

266 4711 310 4795 (α)
322 4716 433 4778 Forsan
442 4722 476 4777 ut
484 4717 516 4778 ln
526 4717 640 4796 vulgari
651 4715 756 4796 gallico
765 4731 899 4778 sermone
910 4735 918 4776 ι
929 4709 950 4774 d
962 4713 1029 4776 titre
1038 4713 1143 4776 d'uide.
1156 4713 1635 4791 ct.cme1nn,udverb.adtoa.
