4320 5918
480 557 541 620 198
980 555 1194 620 lulbssltlct
1218 555 1392 618 sacuam
1704 555 1785 637 [11111.
1802 557 1890 621 lael.
1945 587 1953 595 ·

421 788 429 800 ι
485 694 632 790 priorem
658 694 913 768 concessionem
941 693 1112 768 indultam
1135 691 1188 788 (1)
1206 698 1275 764 tam
1300 690 1498 764 doctoribus
1513 711 1620 786 quam
1644 689 1812 765 docendis
1834 714 1892 788 per

486 817 692 892 documenta
715 818 854 914 publica
875 817 1132 892 confirmandis.
1153 817 1275 912 ltaque
1295 815 1479 909 cujuslibet
1500 815 1721 911 prolemiouis
1739 813 1894 892 doctores

487 944 520 1014 in
538 944 677 1016 civitate
697 943 853 1039 predicta
871 942 1079 1016 confidimus
1096 942 1131 1014 in
1150 940 1315 1016 kalendas
1337 939 1487 1036 proximi
1506 941 1641 1013 venturi
1667 942 1794 1013 mensis
1818 961 1894 1038 sep·

486 1069 627 1142 tembris
656 1068 733 1142 sine
758 1069 923 1142 dilatione
943 1068 1097 1164 qualibet
1120 1066 1306 1142 convenire
1334 1074 1375 1138 ut
1401 1074 1483 1161 apto
1504 1075 1658 1162 tempore
1680 1066 1895 1140 ferventioris

486 1192 592 1266 studii
620 1193 773 1288 regimen
800 1203 1063 1289 prosequantur.
1088 1192 1174 1264 Cum
1195 1192 1300 1286 igitur
1322 1191 1478 1287 plerique
1502 1199 1655 1263 restrum
1680 1212 1726 1264 ex
1750 1190 1895 1287 predicti

486 1319 552 1390 loci
570 1318 782 1414 experientia
797 1340 866 1392 non
881 1318 1040 1413 ignorent
1051 1326 1180 1413 quauta
1198 1317 1345 1411 singulis
1363 1313 1492 1389 ibidem
1511 1313 1731 1390 studentibus
1755 1325 1895 1412 oportu-

488 1443 578 1515 nitas
595 1442 780 1514 tumulatur
793 1451 968 1537 quantave
985 1441 1082 1538 pacis
1097 1441 1273 1538 opulentia
1289 1448 1325 1514 et
1343 1461 1459 1513 rerum
1476 1441 1578 1537 copia
1597 1437 1803 1514 universitas
1820 1461 1896 1514 soo-
1988 1471 1990 1474 ·

488 1563 612 1640 larium
638 1567 816 1642 consuevit
842 1565 1066 1660 habundare,
1087 1575 1121 1640 et
1134 1565 1365 1664 subpmbatur
1381 1565 1433 1663 (i)
1457 1564 1656 1640 doctoribus
1679 1574 1714 1639 ct
1740 1564 1898 1640 facundis

488 1713 566 1786 spes
583 1693 651 1766 leta
667 1691 887 1788 pmliciendi,
908 1692 1099 1788 quemlibet
1122 1691 1316 1766 animemus
1342 1701 1376 1764 et
1396 1690 1655 1764 universitatem
1678 1689 1899 1766 restramad

487 1816 581 1890 idem
609 1817 766 1892 studium
797 1818 1004 1909 invitamns3
1030 1815 1214 1914 prudentie
1242 1825 1356 1891 restro
1380 1815 1583 1890 mandantes
1604 1816 1766 1912 quatinus
1792 1814 1899 1888 oonli·

488 1941 609 2016 denter
626 1951 662 2016 et
677 1942 883 2016 unanimiter
898 1942 944 2016 ad
963 1941 1153 2039 predictam
1168 1941 1342 2015 civitatem
1356 1940 1422 2014 sub
1439 1939 1621 2014 securitme
1638 1949 1673 2014 et
1689 1939 1900 2037 protectione

489 2067 597 2140 nostri
623 2067 872 2142 culminisros
905 2068 1060 2141 conform
1090 2065 1217 2140 curetis
1245 2066 1486 2164 prevenientes
1510 2075 1665 2164 tempore
1689 2072 1760 2138 tam
1784 2063 1901 2138 studio

487 2212 593 2288 quam
618 2191 837 2267 studentibus
861 2201 1044 2290 oportuno.
1073 2189 1224 2264 Gratiam
1246 2193 1340 2266 enim
1364 2201 1514 2266 nostram
1537 2191 1760 2266 favorabilem
1782 2201 1818 2265 et
1841 2191 1902 2265 be·

488 2319 629 2414 nignam
645 2319 816 2394 adventus
828 2319 982 2392 inveniet
999 2318 1272 2412 singulomm,et
1287 2319 1531 2416 promptiorem
1546 2339 1664 2390 curam
1680 2317 1805 2390 restris
1819 2325 1902 2414 'pro-

489 2445 634 2520 fectibus
653 2443 906 2542 impendemus.
923 2443 1024 2517 Cives
1051 2443 1194 2542 insuper
1212 2443 1385 2518 exercicio
1409 2441 1517 2518 studii
1541 2439 1755 2540 prmdentis
1778 2441 1903 2514 uestris

487 2569 746 2667 quodammodo
765 2570 976 2644 assuefactos
992 2568 1149 2643 moribus
1166 2578 1201 2644 at
1221 2571 1413 2644 maternas
1426 2568 1473 2646 ad
1490 2565 1751 2643 commoditates
1768 2577 1904 2640 vestras

488 2697 675 2772 benevolos
696 2696 867 2770 habebitis
888 2705 923 2770 et
943 2703 1109 2788 attentos;
1136 2705 1172 2769 ct
1189 2695 1239 2770 sic
1265 2697 1369 2771 dante
1387 2698 1460 2770 Deo
1486 2695 1592 2769 nichil
1609 2695 1646 2767 in
1667 2691 1784 2767 studio
1802 2691 1904 2766 vobis

490 2822 601 2898 deerit
617 2821 664 2896 ad
684 2822 893 2919 proiectum,
916 2842 980 2896 nec
1011 2820 1195 2917 inquietari
1226 2821 1352 2918 poterit
1374 2830 1492 2896 vestra
1518 2818 1748 2917 tranquillitas
1776 2817 1905 2892 laroris

490 2948 597 3022 nostri
616 2947 739 3022 robore
756 2947 963 3043 premonita.

539 3074 682 3166 Datum,
703 3081 769 3147 etc.

547 3645 780 3756 ludeslene,
809 3647 1070 3732 Romanorum
1102 3645 1323 3757 imperator,
1353 3647 1403 3730 ad
1437 3645 1656 3758 petitionem
1687 3645 1909 3730 Vercellen-

495 3781 597 3866 sium
614 3781 731 3865 mittit
747 3781 801 3866 eis
819 3782 1047 3893 magistrum
1064 3781 1111 3867 V.
1129 3779 1229 3894 juris
1255 3781 1373 3866 civilis
1400 3779 1673 3893 professorem,
1693 3780 1761 3892 qui
1783 3779 1907 3864 scho-

494 3915 595 4000 lares
612 3917 785 4026 edoceat,
804 3915 1054 4027 hortaturque
1072 3927 1116 4001 ut
1132 3915 1260 4028 ipsum
1277 3916 1422 4001 honore
1438 3915 1567 4000 debito
1583 3915 1779 4026 recipiant.

571 4103 702 4182 (Edtdcr.
715 4105 868 4168 Munnurur
885 4111 916 4166 et
936 4105 1080 4182 Duneno,
1094 4101 1229 4186 amplus.
1253 4101 1374 4184 ellac,
1396 4112 1421 4168 1.
1436 4106 1482 4182 ll,
1501 4105 1558 4168 col.
1577 4103 1906 4185 1141-1141,11·1111;

615 4211 684 4275 coll.
699 4229 767 4274 cnm
779 4212 846 4274 cod.
859 4213 935 4276 Blbl.
950 4229 1012 4292 reg.
1024 4215 1133 4290 Puris,
1146 4211 1244 4276 Foeda
1256 4215 1291 4276 S.
1306 4215 1543 4296 1311111.,11·455,
1557 4231 1589 4293 p.
1597 4215 1623 4276 1.
1633 4211 1778 4275 Exblbutt
1788 4229 1909 4293 qnoque

614 4319 683 4381 tac.
697 4319 857 4402 Donum,
870 4316 946 4382 ortt
958 4322 1058 4382 actim
1069 4319 1182 4386 condis.
1196 4318 1245 4384 del
1258 4318 1417 4400 Vercellcu,
1426 4337 1458 4401 p.
1471 4319 1533 4401 51.)

544 4479 765 4577 Fredericus,
783 4489 867 4574 etc,
885 4481 1176 4573 vercellensibus,
1198 4491 1266 4556 etc.
1290 4483 1498 4578 Quanquam
1514 4481 1641 4555 milites
1660 4487 1793 4554 nostrus
1812 4499 1909 4553 arma

1050 4641 1373 4651 mam-..-·......-
1385 4640 1516 4649 .-—...-
1526 4639 1668 4648 ...η-...-
1684 4635 1905 4650 -..——.-

533 4725 568 4802 (1)
586 4725 626 4786 Cf.
637 4739 722 4802 supra
729 4723 805 4786 varia
815 4723 982 4798 imperatoris
989 4724 1115 4786 mandata
1123 4739 1206 4800 super
1214 4723 1380 4785 ordinatione
1389 4723 1470 4782 studii
1480 4722 1640 4798 ejusdemt.
1650 4720 1683 4792 ll,
1692 4737 1719 4796 p.
1731 4721 1783 4778 111
1794 4723 1821 4778 et
1829 4735 1907 4794 seqq.
