4308 5910
444 592 485 656 82
975 585 1333 652 cousrtrutmttss

447 728 535 824 piat;
550 725 759 826 [seeundum
771 725 914 802 modum
927 727 1086 824 superins
1097 727 1307 802 declaratum
1316 720 1610 818 quemadmodum
1618 733 1653 800 ot
1659 725 1757 818 alia];
1767 727 1858 804 bona

447 852 590 926 mobilia
606 852 845 927 damnatorum
863 850 1055 926 seeundum
1079 851 1272 946 generalem
1296 848 1453 922 assisiam
1482 848 1581 944 regni
1605 852 1712 925 nostri
1737 849 1790 948 (a)
1811 853 1858 928 ad

448 977 578 1050 curiam
595 985 745 1050 nostram
764 985 930 1073 spectant.
950 975 1018 1050 Sed
1037 975 1152 1048 oomiti
1170 983 1204 1047 et
1220 973 1341 1046 baroni
1357 993 1466 1068 aquo
1485 973 1629 1048 feudum
1646 984 1783 1052 tenetur
1794 977 1853 1075 (ὁ),

449 1101 582 1174 nulium
599 1101 741 1175 omnino
756 1101 919 1175 volumus
937 1099 1166 1196 prejudicium
1182 1098 1349 1196 generari.

912 1391 1115 1464 TITULUS
1139 1389 1239 1464 VIII.
1267 1395 1298 1461 H
1323 1387 1338 1487 (
1362 1389 1389 1486 ).

755 1555 802 1624 De
819 1553 984 1626 ommibus
1002 1554 1283 1646 forjudioutoeum
1299 1562 1330 1623 et
1342 1552 1548 1646 pareatibus.

989 1753 1081 1802 rnre
1106 1751 1307 1804 auousrus.

492 1891 583 1963 Pena
600 1912 717 1964 carere
733 1891 890 1964 volentes
914 1891 1076 1965 innoxios
1097 1901 1132 1966 et
1156 1891 1280 1989 punire
1298 1899 1476 1984 mouentes,
1497 1890 1650 1986 generali
1675 1891 1753 1986 laga
1775 1911 1853 1964 san·

443 2013 555 2088 cimus
576 2015 861 2109 iorjudioatorum
886 2039 1014 2090 uxores
1043 2027 1078 2091 et
1103 2029 1228 2092 matres
1252 2019 1289 2090 in
1315 2039 1435 2092 earum
1460 2016 1671 2108 rationibus,
1694 2015 1850 2105 dotibus,

443 2138 688 2212 donationibus
705 2149 845 2237 propter
862 2141 1019 2238 nuptias,
1043 2151 1166 2238 quarta
1192 2151 1296 2237 atqrm
1321 2141 1480 2230 datariis,
1506 2141 1685 2215 occasione
1709 2138 1853 2234 forjudi·

443 2263 586 2336 cationis
611 2273 672 2336 aut
696 2262 927 2340 damnationis
952 2266 1107 2362 predicte
1130 2267 1260 2340 nullam
1287 2265 1427 2338 omnino
1451 2265 1641 2339 molestiam
1661 2263 1848 2352 sustinere,

442 2386 505 2460 sed
527 2409 586 2460 eas
610 2389 745 2483 integre
765 2389 916 2464 habeant
937 2391 1034 2465 stab
1056 2392 1150 2464 omni
1169 2391 1417 2486 inquietatione
1435 2411 1592 2484 soonras;
1610 2389 1659 2463 ita
1679 2397 1794 2462 tamen
1815 2397 1854 2460 ut

441 2532 587 2609 persone
597 2513 751 2608 predicte
761 2523 795 2587 et
804 2515 907 2588 otiam
920 2515 1204 2609 forjudicatorum
1217 2515 1278 2588 titii
1289 2538 1350 2590 sen
1361 2523 1519 2613 parentes
1529 2514 1736 2610 forjndioato
1748 2535 1852 2608 quem

440 2655 543 2728 egere
560 2635 724 2709 volumus
740 2659 805 2711 noo
827 2639 1109 2713 sustentationem
1131 2639 1176 2713 ab
1196 2639 1313 2734 aliqno
1337 2639 1515 2734 prestolari
1531 2639 1594 2734 (c),
1614 2637 1777 2714 debonis
1794 2638 1852 2733 ip-

440 2759 514 2832 sius
529 2759 662 2834 eisdem
678 2761 816 2858 pietatis
838 2771 954 2837 nostre
973 2764 1111 2838 lenitate
1127 2764 1271 2838 servatis
1284 2765 1332 2860 (a)
1348 2765 1385 2836 in
1400 2765 1496 2838 nullo
1515 2765 1654 2862 penitus
1670 2761 1852 2860 providere

438 2895 650 2982 presumant.
677 2887 835 2973 Quodsi
861 2889 1024 2978 iecerint,
1054 2890 1164 2982 gratia
1192 2911 1262 2984 qua
1287 2887 1451 2963 videntur
1480 2888 1577 2962 abuti
1604 2888 1697 2984 ipsos
1723 2886 1850 2985 privari

439 3031 620 3084 censemus
638 3021 673 3085 ot
692 3011 784 3086 bona
803 3013 880 3112 ipsa
898 3022 1014 3086 nostro
1030 3013 1142 3087 erario
1159 3013 1338 3110 applicari.

920 3289 1125 3364 TITULUs
1154 3289 1218 3362 tx.
1245 3293 1277 3364 Θ
1303 3287 1317 3386 (
1342 3289 1368 3384 ).

688 3452 731 3525 Ut
745 3463 843 3546 poter
859 3451 1055 3548 [orjudioote'
1070 3475 1116 3525 em
1133 3453 1249 3526 delicto
1267 3454 1334 3548 filii
1352 3475 1421 3525 nore
1440 3463 1603 3556 terrentur.

981 3653 1075 3704 lusu
1099 3653 1301 3706 estuantia.

486 3793 540 3866 Ob
557 3789 707 3867 filiorum
732 3795 853 3892 culpas
874 3794 1074 3868 innocentes
1098 3803 1213 3892 patras
1238 3795 1347 3869 aroori
1371 3813 1441 3868 aon
1462 3802 1533 3866 tam
1559 3792 1724 3885 injustum
1744 3811 1848 3886 quam

479 3981 521 4062 (a)
543 3983 682 4047 Affltons
694 3985 752 4048 hoo
764 3985 828 4049 loeo
840 3991 966 4048 montet
976 3983 1133 4048 emendem
1144 3983 1307 4067 penemeos
1318 3983 1530 4048 metum
1539 3981 1635 4064 repna‘.

479 4086 520 4167 (b)
540 4089 781 4154 Inoodtoatott
799 4085 1616 4173 :stanneumjaeeomoueettemoepeseeeum
1635 4091 1745 4160 emm,
1760 4085 1847 4148 mate.

480 4193 519 4276 (a)
542 4195 601 4273 Ap.
615 4195 739 4258 careant
750 4213 811 4258 aaa
823 4199 1060 4262 annuntiationem
1071 4197 1110 4260 ab
1120 4196 1219 4282 altqno
1232 4195 1391 4280 poutert
1404 4197 1531 4259 Sensum
1544 4199 1717 4272 surruptum
1729 4209 1767 4254 ex
1780 4191 1846 4254 ond.

437 4307 516 4360 toto
530 4302 726 4376 restituimus3
742 4319 846 4382 meses
858 4309 958 4366 enum
972 4306 1061 4383 penio
1074 4306 1190 4368 divom
1205 4322 1214 4365 a
1230 4306 1276 4368 ite
1289 4299 1768 4384 metpmedtcteepereem.
1784 4337 1793 4358 .
1811 4337 1845 4358 ..

433 4403 609 4486 stiffudt'fflw
626 4404 697 4468 dm
717 4405 831 4490 ssltqtu'd
852 4419 1139 4492 mprementent,
1158 4429 1243 4494 mem
1262 4399 1849 4494 eperewhmueetiade'pereeteeeeb

440 4510 781 4595 dipuotruteotete'oaeot
792 4515 967 4598 acciperetis
980 4516 1148 4594 beemots

475 4617 521 4700 (d)
543 4621 636 4684 Stotn
649 4623 717 4685 eod.
732 4632 932 4701 tott,reote.
953 4627 1012 4706 Ap.
1028 4627 1152 4691 Curcum
1167 4647 1175 4689 r
1190 4625 1226 4689 rie
1247 4625 1327 4691 beate
1344 4625 1435 4708 ipetru
1455 4621 1579 4706 qudem
1592 4617 1713 4700 pietatis
1733 4621 1848 4678 aarum

439 4717 562 4791 tauto
574 4730 708 4812 senatu,
723 4748 886 4812 perperam.
