4288 5912
214 541 312 604 imru.
327 539 371 625 dt]
669 537 863 602 lltsrottlrl
888 538 1178 602 clamitamus.
1563 531 1623 598 393

213 685 332 750 notum
350 675 495 750 facimus
509 651 680 748 universis
694 683 765 747 tam
783 677 999 772 presentibus
1013 699 1117 771 quam
1132 674 1257 748 lutaris
1280 673 1376 769 quod
1390 693 1455 746 nos
1474 673 1621 749 medita-

214 801 313 874 cienc
333 797 487 895 piissima
509 796 723 870 attendentes
743 801 889 895 qualiter
907 821 1005 874 sacre
1030 799 1157 874 domus
1172 797 1350 894 hospitalis
1371 799 1493 870 Sancte
1513 797 1620 870 llario

215 923 477 998 Teutonicornm
492 921 726 996 inlernsalem
744 923 1050 1020 adichucndam
1067 933 1214 1018 augusto
1230 923 1432 1018 imperatore
1446 919 1621 994 Fridcrico

215 1069 284 1122 arc
308 1056 425 1120 nostro
448 1045 584 1142 pictatis
612 1045 739 1119 intuitu
763 1057 950 1144 propagata
977 1045 1181 1144 multiplices
1207 1049 1340 1120 fructus
1363 1045 1492 1143 prodiit
1517 1045 1622 1138 lande

217 1171 360 1264 dignos,
389 1179 424 1244 st
445 1192 467 1244 a
492 1169 632 1246 dominc
655 1169 832 1266 quondam
852 1173 1057 1268 imperatore
1074 1173 1219 1246 ilenrico
1240 1172 1356 1244 inclite
1367 1171 1621 1244 recordacionis

216 1303 439 1394 patronostro
452 1293 556 1368 rebus
568 1317 610 1368 ec
622 1295 838 1370 libertatibus
850 1297 1043 1392 premunita
1054 1306 1088 1370 ct
1096 1297 1344 1371 incrementum
1355 1295 1506 1392 suscepit
1518 1295 1620 1391 spiri·

217 1422 354 1496 tuditer
364 1429 399 1494 et
416 1422 646 1518 temporaliter
656 1421 808 1500 vDomino
827 1421 1043 1516 famulando,
1073 1433 1108 1496 et
1125 1443 1207 1518 erga
1224 1431 1373 1496 nostram
1391 1419 1622 1516 magnificen-

218 1545 306 1618 ciam
327 1546 469 1617 fretrum
496 1545 736 1618 dedicatorum
757 1545 886 1620 ibidem
910 1546 957 1620 ad
983 1546 1102 1620 divina
1129 1545 1275 1620 servicia
1290 1567 1370 1618 ccm
1386 1543 1455 1620 fide
1476 1544 1621 1619 devocio

220 1691 355 1764 semper
367 1669 487 1759 crevit,
505 1691 640 1743 necnon
649 1669 817 1744 celebrem
829 1669 936 1744 vitam
951 1681 986 1744 et
998 1671 1143 1744 honeste
1161 1669 1335 1766 religionis
1349 1671 1478 1742 cultum
1495 1669 1623 1764 quibus

220 1794 367 1869 dilectus
384 1794 421 1865 in
437 1793 583 1868 Domino
600 1793 702 1866 irater
720 1796 936 1868 Hermennns
951 1797 1113 1892 magister
1134 1796 1258 1870 domus
1274 1795 1450 1890 hospitalis
1466 1794 1622 1886 ejusdem

220 1927 256 1992 et
279 1919 400 1992 iratres
425 1918 480 1992 sui
500 1917 630 1992 clarere
645 1927 849 2008 noscuntur,
871 1920 1004 1994 labores
1020 1921 1122 1994 etiem
1145 1930 1179 1993 et
1200 1919 1345 1994 sudores
1367 1919 1524 1992 assiduos
1536 1939 1623 2013 quos

220 2065 284 2139 prc
298 2041 368 2116 lide
381 2043 642 2116 christianornm
655 2052 691 2117 et
703 2044 810 2138 gloria
825 2046 997 2119 sustinent
1007 2045 1236 2137 incessanter,
1256 2053 1373 2116 eterne
1386 2043 1625 2116 retribucionis

221 2169 367 2258 intuitu,
384 2190 449 2265 pro
462 2168 714 2242 sustentatione
728 2187 919 2265 pauperum
933 2180 966 2244 et
982 2169 1194 2243 infirmorum
1208 2181 1243 2244 et
1256 2191 1318 2266 pro
1329 2161 1482 2242 remedio
1493 2166 1624 2240 anima·

221 2316 299 2366 rum
315 2293 572 2390 progenitorum
587 2302 781 2366 nostrorum
791 2295 974 2368 recolende
992 2295 1156 2370 memorie
1170 2304 1206 2368 ct
1222 2315 1285 2391 pro
1308 2304 1422 2368 nostre
1444 2293 1564 2366 salutis
1584 2313 1627 2366 ac

222 2419 330 2518 glorie
347 2418 579 2507 incremento;
599 2417 812 2492 attendentes
830 2419 932 2492 etiam
945 2430 1042 2514 grata
1057 2420 1201 2494 servicia
1214 2441 1283 2514 quc
1297 2421 1399 2494 trater
1411 2419 1627 2492 Hermannus

222 2540 428 2616 venerabilis
449 2563 546 2616 sacre
570 2540 723 2638 predicto
748 2541 872 2616 domus
897 2543 1073 2640 hospitalis
1100 2544 1263 2638 magister
1287 2542 1497 2638 inpartibus
1520 2542 1626 2614 ultra·

222 2668 363 2742 marinis
385 2690 427 2742 ac
446 2669 577 2764 ubique
593 2669 761 2762 majestati
780 2679 893 2744 nostre
910 2669 1055 2744 fideliter
1074 2669 1234 2744 exhibuit
1252 2679 1287 2742 et
1311 2669 1448 2742 inantea
1473 2667 1625 2764 cchcpe-

224 2803 320 2868 rante
347 2793 492 2868 Domino
514 2793 639 2890 poterit
664 2793 849 2888 exhibere,
884 2794 1100 2868 medictatem
1129 2793 1231 2867 castri
1260 2793 1368 2866 nostri
1399 2789 1624 2883 Munticlrelli‚

224 2918 319 3014 quod
336 2929 388 2992 cst
401 2919 505 3012 juxta
522 2918 804 3016 lladiccpbanum
828 2927 864 2992 ct
885 2919 1192 2993 Castellumcellum
1208 2929 1242 2992 et
1258 2919 1362 3012 juxta
1381 2917 1629 3012 illontiepulza·

225 3063 307 3115 num
317 3043 459 3116 Fabrica
468 3053 503 3116 et
513 3043 716 3116 Crusianum
731 3065 811 3117 cnm
820 3045 979 3118 omnibus
989 3045 1126 3138 juribus
1139 3054 1173 3118 et
1185 3043 1404 3140 pertinenciis
1415 3043 1501 3134 scis,
1514 3041 1628 3115 eidem

225 3167 319 3240 tratri
335 3167 528 3240 Hermanno
542 3168 705 3261 magistre
721 3169 852 3264 prefate
870 3167 992 3242 domus
1011 3179 1046 3241 et
1062 3169 1135 3242 suis
1151 3169 1405 3242 successoribus
1424 3167 1469 3240 de
1487 3165 1627 3262 speciali

205 3290 333 3384 ‘gratia
353 3291 389 3362 in
413 3301 617 3388 perpetuum
643 3291 784 3385 damus,
813 3291 1036 3365 concedimus
1063 3303 1098 3364 et
1120 3291 1373 3367 confirmamus.
1401 3289 1629 3364 Concedimus

226 3414 327 3488 etiam
348 3414 461 3489 eidem
486 3437 583 3491 sacre
609 3417 729 3492 domui
752 3418 797 3492 de
814 3417 1054 3491 munificencia
1071 3417 1205 3491 liberali
1222 3418 1412 3490 libertatem
1434 3437 1625 3514 aquarum,

226 3534 411 3610 herbarum
424 3547 459 3612 et
471 3539 642 3634 lignorum
656 3540 785 3636 ubique
801 3562 863 3636 per
878 3539 1029 3614 demanii
1046 3540 1151 3612 nostri
1166 3549 1274 3614 terras
1286 3540 1333 3615 ad
1352 3562 1492 3614 scarum
1509 3539 1628 3614 domo·

225 3685 304 3735 rum
321 3685 424 3736 nsum
449 3671 483 3736 et
504 3673 545 3736 ut
572 3664 617 3738 de
636 3663 719 3760 ipsis
735 3686 797 3761 per
820 3673 928 3737 totum
954 3664 1137 3761 imperium
1160 3665 1264 3738 nichil
1289 3687 1351 3762 pro
1371 3663 1550 3761 plateatico
1571 3663 1629 3736 vel

229 3786 536 3860 consuctudinibus
551 3788 725 3884 aliquibus
737 3789 793 3862 vel
808 3789 942 3862 statutis
959 3789 1097 3862 interra
1110 3790 1166 3862 vel
1182 3789 1268 3862 mari
1282 3790 1415 3862 solvere
1429 3798 1625 3876 tercentum

228 3909 368 3985 tirmiter
388 3920 575 4016 statuentes
602 3934 646 3985 nc
670 3913 749 4008 quis
774 3915 893 3985 fratres
910 3911 1082 4010 predictos
1100 3915 1144 3988 de
1166 3913 1359 3988 tenimentis
1379 3922 1413 3987 et
1433 3914 1627 4010 possessio-

228 4035 332 4108 nibus
355 4035 532 4132 bospitalis
555 4035 713 4130 ejusdem
738 4037 813 4110 sine
837 4035 970 4129 judicic
994 4047 1028 4110 ct
1043 4038 1182 4131 justicia
1211 4047 1384 4133 presumat
1408 4037 1626 4132 aliquatenus

228 4159 396 4256 diepasirc
410 4159 473 4256 (c).
490 4161 682 4234 Statncntas
695 4169 729 4235 et
739 4161 940 4234 auctoritate
955 4163 1124 4257 presentis
1140 4161 1312 4257 privilegii
1330 4163 1548 4257 injungentes
1560 4160 1627 4234 lir-

227 4283 328 4356 mitcr
341 4283 511 4357 universis
523 4307 569 4358 ne
582 4285 708 4380 aliquis
719 4293 939 4358 memoratam
950 4285 1103 4376 domum,
1121 4287 1238 4359 iratres
1251 4287 1307 4360 vel
1318 4287 1503 4360 confratres
1517 4285 1625 4382 ipsius

227 4429 331 4502 snper
346 4407 508 4503 predictis
524 4409 685 4482 omnibus
700 4409 916 4506 aliquetenus
937 4411 1116 4484 molestare
1131 4419 1318 4506 presumat.
1344 4410 1445 4497 Quod
1463 4411 1525 4506 qui
1543 4433 1626 4507 pre-

229 4531 413 4626 sumpserit
429 4531 466 4603 in
488 4553 550 4604 sus
574 4532 771 4606 temeritatis
793 4531 927 4626 judicic
944 4543 1081 4607 centum
1102 4533 1207 4607 libras
1229 4534 1304 4610 anri
1325 4534 1404 4631 puri
1423 4544 1621 4632 componat,

271 4675 313 4758 (a)
333 4677 401 4740 Vox
413 4680 446 4740 ln
459 4678 635 4742 chartulario
646 4695 708 4740 ncn
720 4678 825 4742 nltlde.
837 4680 973 4743 Fortasse
985 4680 1141 4760 legendum
1154 4679 1308 4745 carmes.

307 4783 361 4846 lll.
1432 4799 1471 4852 co
