4360 5908
563 565 624 632 358
1006 615 1012 626 .
1063 565 1275 630 lllllllllllllll
1300 567 1491 636 sncbttot·
1515 567 1522 624 ἶ
1787 565 1970 648 [wlffi-

565 722 629 774 999
644 699 787 790 ecclesie
800 699 862 772 ubi
874 699 989 774 vallet.
1005 698 1060 774 Ad
1074 700 1180 794 hujus
1194 712 1310 778 autom
1325 703 1376 778 rei
1392 702 1593 777 memoriam
1604 711 1641 776 ot
1652 711 1855 800 9999919999
1869 701 1973 774 tirmi-

565 835 683 910 tatom,
703 833 843 921 presens
860 825 1024 921 scriptum
1041 825 1115 900 lieri
1128 827 1311 920 jussimus,
1327 825 1513 920 majestatis
1526 835 1642 900 nostro
1652 825 1772 920 sigillo
1787 825 1969 898 munitum.

614 953 738 1024 Datum
764 947 859 1046 apud
886 951 1024 1023 Portum
1049 950 1194 1044 1199919,
1219 973 1312 1028 anno
1331 951 1506 1026 dominica
1523 951 1772 1024 1999999999
1794 949 1974 1024 9911991999

566 1071 802 1152 ducentesimo
819 1074 1309 1168 191999199999999119,999999
1321 1077 1442 1168 madii,
1460 1075 1582 1171 991919
1595 1075 1807 1150 indictionis.

849 1373 858 1380 .
890 1375 893 1379 .
901 1374 1383 1386 -1---u--a-n--n-u——u———s—
1393 1377 1745 1389 -ι---ι--ο--ι-αι

471 1737 538 1768 mm
621 1651 854 1753 Fridericns,
869 1653 1131 1738 Rornanorum
1149 1654 1368 1764 imperator,
1389 1655 1439 1738 sd
1457 1655 1736 1765 querimoniam
1755 1653 1885 1736 Silridi
1901 1653 1974 1736 lla·

566 1785 792 1898 tisponensis
818 1786 1002 1895 episcopi,
1027 1788 1258 1870 sententiam·
1280 1788 1565 1898 proscriptionis
1590 1788 1831 1898 promulgat,
1857 1787 1972 1870 latam

566 1920 606 2000 in
627 1921 792 2029 generali
807 1921 912 2002 curia
928 1921 1030 2029 apud
1045 1920 1284 2028 Sibidatum,
1304 1921 1487 2006 adversus
1500 1921 1720 2006 Conradum
1735 1921 1974 2010 contunde

566 2052 822 2167 Wasserburg
839 2063 876 2139 et
893 2054 1181 2164 quatuordecim
1200 2053 1402 2163 complices
1419 2053 1528 2165 ojus,
1549 2054 1771 2166 spoliatores
1797 2053 1971 2164 praedicti

567 2211 745 2294 eprscopr.
1863 2231 1866 2240 ·

647 2400 737 2474 (Edit.
753 2402 888 2475 1911999,
906 2399 973 2462 Cod
990 2397 1105 2480 diplom.
1122 2401 1245 2478 1191199,
1261 2407 1284 2462 1.
1299 2403 1330 2476 Ι,
1351 2419 1380 2480 9.
1394 2411 1464 2477 919,
1479 2403 1890 2476 primosecundum
1902 2419 1972 2480 qna·

688 2514 756 2570 tuor
768 2509 962 2584 99199919-
980 2509 1055 2569 9119
1074 2507 1202 2568 Momm.
1221 2507 1314 2584 Bria,
1335 2515 1409 2570 torn.
1429 2507 1529 2584 XXX,
1548 2525 1580 2586 p.
1604 2515 1671 2582 199,
1690 2525 1772 2569 num.
1791 2507 1923 2581 DCCXL
1937 2525 1972 2567 rx

686 2615 821 2694 ongtnall
833 2615 911 2676 unde
919 2614 1049 2694 sigillum
1059 2615 1194 2676 nonulbll
1205 2617 1318 2678 laesum
1331 2615 1516 2694 appendebat
1529 2631 1565 2676 99
1575 2621 1703 2694 quatuor
1711 2613 1849 2676 199199119
1861 2614 1971 2691 mum,

688 2729 814 2800 quorum
830 2721 903 2784 blnl.
914 2721 998 2784 rabrl
1014 2723 1141 2796 9919919,
1157 2723 1335 2788 9191991999
1355 2713 1427 2784 11991
1443 2727 1527 2784 9191.
1542 2718 1659 2798 ouum
1676 2707 1973 2800 (119999991911991

536 2843 540 2850 ·
688 2829 1199 2908 99919919919999991999111991919
1215 2826 1972 2918 99991199.111.1999,1199991.1191951,11,9.919.)

616 3009 851 3110 Fr[iderious],
873 3013 934 3084 Dei
951 3011 1061 3105 gratia
1076 2983 1306 3085 Romanorum
1325 2995 1509 3108 imperator
1522 3003 1663 3108 'semper
1678 3008 1859 3108 abgnstus,
1877 3015 1974 3087 Jeru-

571 3136 674 3208 salem
693 3146 727 3208 et
742 3137 856 3208 Sicilie
872 3158 948 3208 rex.
968 3136 1033 3207 Per
1051 3155 1192 3230 presens
1208 3135 1373 3231 seriptum
1392 3147 1512 3208 notum
1531 3135 1605 3208 lieri
1623 3137 1786 3210 volumus
1807 3140 1974 3212 universis

571 3260 704 3356 imperii
730 3259 892 3333 fidelibus
914 3269 985 3332 tam
1003 3259 1219 3356 presentibus
1235 3280 1339 3354 quam
1358 3259 1483 3364 futuris
1504 3259 1600 3366 quod
1618 3282 1697 3332 curn
1718 3259 1865 3333 dilectos
1879 3263 1973 3358 prin·

472 3441 475 3448 ,
570 3406 650 3480 9999
672 3393 786 3456 999199
806 3384 842 3455 S.
865 3373 1074 3456 sonorabilis
1091 3359 1349 3480 llatisponensis
1373 3383 1573 3480 episcopus,
1594 3383 1781 3482 imperialis
1798 3387 1973 3458 9919999-

572 3509 749 3599 cellarius,
768 3509 805 3580 in
824 3507 976 3600 generali
996 3507 1092 3580 curia
1115 3518 1198 3603 aput
1214 3507 1408 3582 Sibidatum
1429 3507 1646 3602 presentibus
1662 3509 1876 3606 principibus
1893 3531 1974 3584 oon-

570 3647 713 3728 questus
726 3633 828 3706 luerit
842 3653 955 3704 noram
971 3633 1082 3724 nobis,
1096 3629 1242 3732 [contra]
1257 3632 1453 3706 Ganradum
1467 3633 1624 3706 comitem
1640 3633 1686 3706 de
1696 3635 1900 3730 Warzibnrg
1911 3633 1960 3732 (t)

571 3757 1201 3852 69999991999911919998919919999,
1223 3759 1382 3832 Ottonem
1400 3757 1445 3832 de
1461 3757 1660 3848 Dadillaem,
1677 3760 1835 3832 Ottonem
1852 3760 1898 3832 de
1914 3759 1976 3832 ns·

572 3883 711 3975 chowe,
734 3883 897 3954 Karolum
920 3881 966 3954 de
987 3883 1177 3955 Selehneba
1205 3881 1453 3977 (Selahnabe)‚
1479 3881 1665 3958 Stsndelim
1697 3882 1744 3956 de
1764 3883 1975 3972 llosinbairu‚

444 4099 446 4102 ,
572 4009 1976 4108 811999199991911199919,119999999999199919199,(199999999911119991119319,

573 4135 682 4222 filiurn
705 4133 850 4206 conradi
876 4135 986 4207 Foleiz
1010 4145 1044 4210 ot
1068 4135 1251 4230 complices
1275 4157 1376 4222 9999,
1402 4133 1599 4210 Conradum
1626 4157 1765 4210 servom
1789 4136 1979 4212 Gobehardi

574 4249 895 4350 (198999199191119,
919 4260 1063 4332 Stuteim
1087 4258 1243 4370 judicem
1265 4258 1679 4354 11191109991119Β999911,
1700 4258 1895 4335 Conrndum
1920 4257 1978 4359 [et]

607 4512 642 4586 (1)
661 4497 768 4570 ¹Scilicet
777 4511 808 4568 dc
822 4511 1219 4586 Wosserburp.lteconriliatum
1234 4481 1325 4588 999199
1338 4513 1464 4572 comitem
1477 4513 1751 4590 Wassorburgensam
1764 4514 1844 4572 191999
1856 4513 1980 4588 episcopo

573 4609 848 4669 llntisbouensidocet
861 4611 1049 4668 documentum
1063 4611 1133 4686 apud
1144 4613 1228 4684 11999,
1242 4611 1293 4671 loo.
1315 4613 1374 4683 cit,
1395 4619 1414 4669 t.
1429 4613 1459 4685 l,
1478 4629 1504 4670 9.
1524 4615 1587 4686 tib,
1607 4623 1639 4670 9ο
1660 4617 1707 4669 991
1732 4613 1783 4672 sub
1806 4629 1877 4670 anno
1901 4614 1978 4682 1135,

574 4713 603 4765 t⁰
614 4707 784 4783 septembris.
