4360 5908
240 576 338 642 rerer.
353 577 397 654 5.]
691 572 888 635 ursronrn
913 572 1206 640 orruonorrcn
1596 573 1657 640 mn

239 713 329 786 tulos
344 711 459 786 laudis
474 710 688 807 acquirimus
705 710 736 784 si
757 720 950 785 nostrorum
966 711 1092 808 aliquis
1113 711 1309 808 principum
1326 710 1373 786 ad
1390 709 1429 786 id
1452 711 1652 786 interventu

239 835 422 912 favorabili
444 857 508 910 nos
526 835 674 910 inducit.
692 835 862 910 Preseutis
880 836 997 932 itaque
1017 837 1136 933 scripti
1157 837 1246 910 serie
1269 837 1402 912 noverit
1421 859 1562 934 presens
1580 845 1653 912 ctas

240 971 275 1035 ot
304 963 419 1034 lutura
444 960 626 1056 posteritas
649 958 745 1055 qnod
770 961 918 1035 dilectos
944 962 1105 1058 princeps
1127 971 1243 1036 noster
1266 961 1427 1059 Sylridus
1446 961 1654 1038 venerabilis

237 1085 495 1182 Ratispuuensis
519 1086 719 1181 episcopus,
735 1085 923 1180 imperialis
952 1088 1030 1160 aule
1049 1087 1291 1176 cancellarius,
1312 1096 1429 1160 nostre
1456 1085 1653 1160 celsitudini

238 1211 443 1305 propensius
459 1208 670 1304 supplicavit
692 1217 865 1304 quatenus
881 1211 1030 1282 llorense
1048 1211 1231 1284 cenobium
1254 1211 1337 1284 olim
1355 1210 1465 1284 asnis
1485 1211 1654 1284 fundato-

237 1335 335 1406 ribus
351 1333 465 1408 eidem
482 1355 546 1406 sue
562 1333 803 1428 Ratisponensi
821 1333 965 1407 ecclesie
979 1335 1037 1428 pia
1052 1334 1236 1410 devotione
1250 1336 1430 1425 collatum,
1451 1334 1560 1408 felicis
1577 1355 1655 1407 me-

237 1460 344 1532 morie
366 1458 424 1533 avi
442 1457 549 1532 nostri
572 1457 646 1530 divi
670 1457 810 1549 augusti
835 1457 967 1532 domiui
987 1459 1149 1534 Friderici
1176 1461 1332 1555 vestigiis
1349 1460 1553 1552 inherend0,
1574 1481 1655 1531 cum

238 1583 401 1658 omnibus
418 1583 594 1674 iratribus,
610 1581 722 1674 bonis,
738 1583 1012 1679 possessionibus
1028 1595 1062 1656 et
1078 1586 1233 1680 personis
1249 1585 1363 1659 eidem
1380 1585 1525 1658 cenobio
1542 1584 1656 1680 pcrti-

239 1708 401 1782 nentibus
432 1707 499 1782 sub
530 1715 646 1780 nostra
677 1707 846 1803 imperiali
870 1709 1099 1804 protectione,
1127 1711 1223 1784 salvo
1252 1709 1410 1804 ejusdem
1440 1708 1591 1805 episcopi
1620 1717 1656 1780 et

239 1855 475 1907 successorum
495 1854 635 1906 suorum
658 1833 750 1926 jure,
770 1831 942 1930 recipere,
961 1843 995 1908 et
1012 1835 1229 1930 privilegium
1250 1833 1347 1930 quod
1371 1835 1416 1908 ab
1439 1833 1563 1908 eodem
1587 1853 1655 1907 avo

239 1967 355 2032 nostro
373 1979 436 2054 pro
455 1959 549 2032 bono
565 1967 657 2032 statu
675 1980 716 2032 ac
737 1959 895 2032 libertate
915 1959 1050 2032 cenobii
1075 1959 1315 2033 conservanda
1331 1959 1505 2034 indultum
1520 1957 1650 2046 extitit,

241 2084 285 2159 de
308 2091 426 2157 nostra
446 2083 671 2179 dignaremur
690 2086 799 2180 gratia
823 2085 1038 2160 confirmare.
1056 2087 1126 2160 Nos
1141 2087 1248 2182 igitur
1270 2087 1342 2160 suis
1357 2086 1460 2178 justis
1479 2084 1653 2180 supplica·

240 2208 392 2282 tionibus
409 2209 595 2306 benignius
608 2209 780 2304 inclinati,
795 2210 989 2308 predictum
1012 2213 1161 2286 Roreuse
1181 2211 1366 2285 cenobium
1389 2232 1469 2284 cum
1493 2209 1656 2284 omuibus

240 2334 403 2407 fratribus
417 2335 454 2407 in
475 2355 518 2408 co
544 2334 771 2429 degentibus,
794 2335 914 2427 bouis,
940 2335 1216 2432 possessionibus
1234 2356 1276 2412 ac
1292 2335 1448 2432 personis
1466 2334 1512 2408 ad
1539 2334 1655 2430 ipsum

241 2459 476 2556 spectantibus
493 2459 560 2532 sub
577 2469 693 2534 nostra
715 2469 750 2533 et
774 2459 907 2558 imperii
934 2460 1161 2556 protectione,
1186 2461 1283 2534 salvo
1312 2459 1468 2552 ejusdem
1489 2458 1655 2554 Ratispo-

241 2585 357 2658 nensis
370 2585 532 2676 ecclesie,
548 2585 702 2682 episcopi
716 2593 751 2658 ct
769 2607 1007 2660 successorum
1021 2606 1162 2658 suorum
1172 2587 1269 2678 jure,
1290 2583 1476 2680 recipimus
1492 2581 1651 2678 speciali,

242 2707 481 2784 confirmantes
503 2708 618 2783 eidem
636 2711 843 2784 monasterio
858 2709 903 2784 de
923 2707 1158 2784 munificentia
1182 2717 1297 2782 nostra
1320 2707 1542 2804 privilegium
1559 2705 1654 2802 qnod

241 2833 437 2930 apredicto
460 2855 528 2908 avo
544 2841 665 2907 nostro
688 2833 769 2908 dive
792 2833 1039 2908 recordationis
1056 2841 1204 2928 augusto
1229 2832 1295 2904 ruit
1312 2853 1376 2928 pro
1391 2831 1482 2905 bono
1504 2840 1593 2904 statu
1621 2839 1655 2903 et

241 2957 395 3032 libertate
411 2959 521 3055 ipsius
537 2958 736 3032 monasterii
757 2957 1004 3034 conservandis
1021 2957 1212 3049 obtentum,
1230 2957 1318 3029 sicut
1335 2956 1371 3026 iu
1389 2957 1512 3030 eodem
1537 2955 1654 3052 privi-

241 3083 332 3177 legio
348 3084 486 3180 plenius
504 3083 710 3158 continetur.
737 3081 925 3158 §latuimus
942 3092 1094 3179 preterea
1109 3081 1300 3176 specialiter
1313 3081 1572 3154 intervenientis
1589 3079 1653 3154 ob·

240 3217 336 3281 tento
361 3217 397 3282 et
422 3208 592 3304 presentis
617 3209 789 3305 privilegii
815 3209 1015 3283 auctoritate
1036 3207 1212 3281 sancimus
1235 3216 1274 3278 ut
1298 3205 1382 3301 quia
1407 3207 1652 3279 monasterium

241 3332 355 3429 ipsum
371 3353 440 3406 uon
453 3332 721 3426 bereditarium,
738 3333 802 3408 sed
817 3335 964 3408 electum
981 3333 1129 3428 gratuito
1142 3330 1264 3405 babuit
1280 3330 1505 3422 advocatum,
1525 3329 1653 3426 primi-

241 3458 313 3531 tiva
331 3457 489 3532 libertale
503 3459 802 3555 Ratisponensium
815 3459 1054 3555 episcoporum
1077 3455 1268 3552 privilegiis
1285 3455 1443 3530 roborata
1461 3456 1597 3548 letetur,
1618 3463 1653 3528 et

242 3583 327 3656 nulli
358 3584 459 3658 liceat
482 3584 549 3656 sub
579 3593 741 3680 pretextu
767 3605 831 3658 seu
860 3584 960 3657 titulo
988 3581 1207 3656 beneficiarie
1234 3580 1464 3676 concessionis
1480 3578 1653 3653 'iratribus

242 3708 397 3802 ejusdem
414 3708 564 3799 cenobii,
583 3707 782 3783 bominibus
799 3718 861 3783 ant
878 3709 1007 3783 colonis
1020 3728 1140 3782 eorum
1158 3715 1275 3781 contra
1288 3705 1446 3780 eamdem
1461 3705 1651 3778 libertatem

242 3832 438 3934 exactiones
456 3833 590 3906 illicitas
610 3843 670 3906 aut
690 3833 891 3928 gravamina
918 3832 1073 3908 indebita
1090 3833 1286 3929 imponere,
1307 3831 1362 3903 vel
1377 3831 1468 3903 bona
1484 3829 1579 3922 justo
1599 3829 1651 3900 ti-

241 3957 313 4030 tulo
332 3957 397 4032 sibi
416 3960 536 4033 collata
560 3960 617 4033 vel
642 3959 768 4056 quein
789 3968 890 4033 antea
909 3959 1156 4032 rationabiliter
1173 3958 1392 4030 conferentur
1410 3963 1528 4029 contra
1543 3955 1651 4048 justi-

241 4081 323 4155 tiam
347 4082 513 4159 invadere
535 4094 569 4158 et
588 4092 700 4180 preter
723 4085 811 4179 jnris
834 4083 992 4159 ordinem
1017 4083 1203 4157 destituere
1228 4081 1285 4155 vel
1310 4081 1455 4154 auferre.
1478 4079 1651 4154 Preseotis

242 4205 382 4304 insuper
396 4209 568 4305 privilegii
584 4209 787 4286 auctoritate
803 4210 1007 4285 mandamus
1023 4217 1195 4305 qnatenus
1212 4229 1314 4280 nemo
1333 4206 1486 4303 quietern
1503 4205 1650 4304 predicti

241 4333 437 4406 monasterii
454 4334 675 4431 perturbare,
692 4345 754 4409 aut
770 4335 859 4410 inira
881 4337 1063 4410 claustrum
1081 4343 1116 4408 et
1139 4333 1307 4408 ambitum
1330 4331 1489 4426 ejusdcm
1513 4331 1650 4405 cenobii

242 4456 396 4552 quelibet
414 4457 601 4553 judiciaria
622 4461 833 4536 secularisve
853 4469 1004 4560 potestas
1024 4467 1200 4559 presumat
1229 4459 1352 4534 causae
1383 4467 1568 4556 agemont
1587 4460 1649 4553 ju·

243 4579 333 4654 dicia
351 4584 519 4658 secularia
538 4607 712 4681 exercere,
733 4609 794 4683 per
812 4609 881 4683 que
896 4587 1016 4661 iratres
1033 4586 1162 4660 ibidem
1181 4586 1247 4660 sub
1266 4587 1386 4683 regula
1406 4584 1500 4659 beati
1513 4581 1651 4680 Augus·

243 4705 304 4778 tini
326 4708 471 4784 Domino
494 4711 699 4788 famulantes
720 4733 790 4788 non
815 4721 957 4812 possent
979 4712 1095 4810 quiete
1123 4733 1165 4788 ac
1188 4712 1296 4788 bbere
1313 4711 1471 4787 divinum
1498 4708 1651 4784 officium

323 4833 379 4896 IV.
1457 4841 1495 4898 tl
