4372 5918
772 587 897 650 anoni
922 584 1109 649 sirinnan
1200 539 1202 546 ’
1604 581 1642 638 aa

231 719 344 794 modis
365 717 550 794 offenderit
563 715 616 814 (a)
639 727 702 790 ant
724 717 895 794 detexerit
916 721 1124 808 latitantem,
1147 713 1359 788 bannitionis
1377 712 1432 786 vel
1450 712 1642 804 lorjudica·

231 845 334 918 donis
356 865 482 940 penum
496 864 602 938 qnam
626 841 815 918 incurrerat
833 845 869 917 in
884 844 1055 942 premium
1071 863 1135 914 sue
1156 837 1238 914 fidei
1262 848 1297 912 et
1322 836 1503 935 probitatis
1522 838 1640 910 evitet.

231 970 338 1042 Secus
354 977 489 1056 antem,
511 969 540 1040 si
557 966 784 1059 sorjndicatos
803 968 984 1041 bannitum
1003 976 1137 1040 tantam
1162 963 1293 1060 ceperit
1311 989 1320 1034 ε
1341 983 1412 1057 quo
1435 983 1539 1048 casn,
1559 962 1643 1056 qnia

231 1113 312 1164 eum
327 1093 390 1186 qni
406 1091 530 1164 minori
547 1091 689 1164 vinculo
707 1092 887 1166 tenebatur
902 1089 1099 1181 offenderit,
1116 1090 1280 1182 majorem
1295 1107 1438 1183 penam,
1456 1085 1642 1178 lorjudica·

230 1213 333 1285 tionis
342 1213 548 1286 sententiam
559 1213 704 1304 scilicet,
720 1235 789 1288 non
803 1215 921 1288 evitet.
938 1213 1008 1288 Sed
1020 1213 1056 1286 in
1068 1209 1311 1306 caeupresenti
1323 1231 1386 1304 pro
1398 1209 1523 1282 comite
1538 1231 1642 1304 quem

230 1340 358 1436 ceperit
386 1338 513 1432 aliquis
539 1338 600 1432 qui
623 1336 849 1430 lorjudicatus
866 1340 921 1412 vel
945 1338 1108 1412 bannitus
1127 1335 1330 1409 nominarit.
1353 1343 1490 1406 centnm
1515 1355 1645 1429 augus-

232 1465 337 1554 tales;
353 1485 419 1559 pro
434 1463 578 1553 bmonc,
593 1463 863 1558 quinquaginta3
882 1485 945 1560 pro
959 1463 1068 1534 milite
1077 1461 1240 1560 simplici,
1259 1458 1557 1554 vigintiquinque,
1578 1481 1641 1554 pro

231 1587 413 1683 burgensi,
431 1585 635 1680 duodecim3
657 1609 719 1684 pro
735 1587 881 1676 rustico,
906 1609 970 1660 sex
991 1585 1055 1683 (l),
1075 1585 1120 1661 de
1134 1585 1338 1658 liberalitate
1354 1585 1460 1656 nostri
1483 1584 1642 1658 culminis

230 1719 478 1808 consequetnr;
497 1709 695 1784 offensionis
715 1713 771 1784 vel
786 1711 968 1786 occisionis
985 1711 1103 1798 etiam,
1131 1719 1171 1781 nt
1187 1709 1318 1782 dictum
1335 1717 1400 1798 est,
1427 1709 1573 1804 capienti
1591 1709 1641 1780 li-

231 1838 341 1909 centia
361 1859 430 1910 non
444 1846 581 1932 negata.
598 1837 647 1908 De
663 1835 799 1909 licentia
818 1858 970 1932 namque
984 1837 1071 1930 legis
1084 1835 1270 1909 offenditur
1282 1835 1342 1930 qui
1357 1833 1641 1928 subterfugiendo

226 1963 240 2053 j
246 1961 399 2034 odicium
423 1961 511 2056 legis
529 1969 689 2056 precepta
707 1961 964 2058 contempserit;
993 1959 1134 2056 quodsi
1153 1961 1239 2034 lorte
1256 1969 1369 2032 motus
1387 1959 1567 2032 clementia
1581 1962 1642 2055 qui

231 2083 475 2178 lorjndicatnm
491 2085 620 2180 ceperit
634 2084 811 2158 offendere
831 2087 889 2158 vel
905 2083 1065 2158 occidere
1083 2084 1230 2157 noluerit
1247 2083 1429 2172 eumdem,
1450 2082 1513 2156 sed
1533 2084 1642 2180 ipsius

231 2219 373 2282 mortem
388 2209 501 2302 judici
526 2209 628 2301 cujus
651 2207 863 2282 audientiam
889 2230 1013 2304 penam
1038 2207 1206 2304 fugiendo
1229 2207 1437 2304 promeruit,
1466 2229 1641 2281 reservare

231 2335 390 2424 voluerit,
407 2333 591 2427 justitiario
608 2334 670 2428 qui
685 2333 798 2430 ipsum
820 2333 1024 2406 banniverat
1042 2343 1077 2406 et
1090 2333 1358 2426 lorjudicaverat
1374 2331 1524 2426 assignet
1543 2355 1641 2406 eum-

231 2459 322 2532 dem.
354 2457 512 2544 Quodsi
537 2458 596 2530 alii
620 2458 805 2550 justitiario
830 2457 887 2530 vel
913 2458 1016 2530 etiam
1045 2457 1209 2550 magistro
1233 2457 1416 2550 justitiario
1445 2457 1640 2552 assignatus

231 2584 349 2675 luerit,
368 2583 425 2654 vel
450 2583 480 2654 si
503 2583 577 2676 ipse
601 2583 764 2676 magister
777 2581 981 2674 justitiarius
1000 2591 1061 2654 ant
1079 2581 1286 2673 justitiarius
1307 2603 1388 2654 enm
1409 2581 1558 2677 ceperit,
1580 2606 1641 2657 re-

232 2706 383 2778 mittatur
395 2705 442 2778 ad
466 2728 548 2778 eum
560 2705 783 2798 justitiarium
808 2705 875 2778 sub
894 2703 964 2778 fida
981 2703 1138 2777 custodia
1152 2704 1369 2800 puniendus,
1388 2707 1450 2800 qni
1473 2705 1509 2778 in
1525 2707 1639 2802 ipsum

230 2829 439 2902 bannitionis
455 2839 491 2902 et
506 2828 778 2922 lonjndicationis
795 2829 999 2902 seutentiam
1017 2829 1260 2924 promulgavit.
1282 2826 1505 2926 [Forjudicari
1524 2841 1639 2904 autem

230 2952 391 3025 bannitus
408 2951 549 3026 debebit
567 2973 630 3046 per
642 2953 866 3045 justitiarium
878 2953 938 3048 qui
954 2953 1164 3026 bannitionis
1178 2962 1213 3026 et
1230 2954 1502 3048 lorjudicationis
1514 2977 1639 3052 penam

230 3073 374 3174 edixit];
404 3076 462 3148 vel
488 3075 518 3148 si
547 3075 595 3150 ad
624 3077 739 3171 ipsum
761 3077 986 3170 justitiarium
1013 3099 1060 3150 ex
1088 3077 1241 3150 locorum
1265 3079 1352 3151 sorte
1379 3079 1541 3154 distantia
1568 3103 1637 3155 non

231 3203 333 3296 possit
360 3201 496 3273 facilius
519 3201 641 3274 baberi
666 3223 843 3295 recursus,
868 3203 1104 3276 auctoritatem
1127 3203 1228 3274 istam
1252 3215 1367 3276 nostre
1391 3205 1638 3299 praeminentia

229 3346 443 3399 reservamus
466 3333 504 3396 nt
527 3347 548 3398 a
575 3325 676 3400 nobis
701 3327 758 3399 vel
776 3327 822 3400 ab
842 3349 885 3401 eo
911 3328 969 3400 cui
986 3329 1082 3401 vices
1100 3339 1233 3400 nostras
1260 3323 1420 3426 [propter
1446 3331 1638 3405 absentiam

230 3449 312 3523 forte
334 3457 485 3522 nostram
507 3445 698 3548 gerendas]
725 3451 1018 3542 commiserimus,
1043 3451 1316 3545 resjudicationis
1339 3454 1447 3548 possit
1468 3456 1637 3530 sententia

230 3569 400 3667 impetrari
418 3568 478 3669 (c),
499 3567 557 3670 [ut
571 3582 685 3645 tamen
700 3573 747 3647 ad
762 3571 988 3663 ordinarium,
1009 3583 1049 3646 ut
1067 3573 1198 3648 dictum
1215 3587 1286 3660 est,
1304 3598 1463 3652 recursus
1480 3580 1639 3674 primitus

230 3695 430 3790 habeatur];
451 3697 554 3770 simili
572 3719 662 3793 pena
681 3696 893 3772 bannitionis
908 3707 970 3770 aut
987 3699 1261 3792 lorjndicationis
1280 3701 1315 3772 in
1334 3713 1560 3796 receptatores
1578 3716 1638 3778 ant

230 3821 451 3895 occultaturos
468 3842 589 3894 eornm
600 3822 675 3916 [qni
687 3823 773 3894 tales
784 3823 974 3896 occultasse
983 3823 1143 3894 dicantur
1155 3827 1274 3920 procul
1288 3825 1408 3920 dnbio]
1422 3828 1634 3918 imminente,

229 3944 258 4016 si
274 3965 349 4018 reos
367 3944 566 4039 hujusmodi
585 3945 751 4020 exhibere
767 3967 837 4020 non
856 3945 1055 4019 curaverint
1072 3949 1240 4043 requisiti.
1261 3949 1364 4035 Quod
1382 3952 1411 4024 si
1430 3952 1637 4028 universitas

230 4069 339 4165 aliqua
363 4069 431 4144 boc
452 4069 590 4163 lecerit,
612 4081 728 4144 nostro
748 4069 881 4164 judicio
907 4080 1102 4145 reservetur
1122 4081 1161 4144 ut
1187 4096 1234 4147 ex
1262 4075 1487 4168 qualitatibus
1512 4100 1637 4174 perso-

269 4387 309 4472 (α)
328 4393 365 4453 ln
380 4393 482 4455 codice
495 4402 574 4455 ⁴6²⁵
588 4391 759 4466 mandaria
774 4411 878 4474 graece
890 4391 1044 4477 κρατήσας,
1059 4397 1173 4474 ceperit

268 4493 307 4578 (b)
328 4499 364 4560 ln
377 4499 446 4560 cod.
462 4509 541 4562 toas
554 4505 585 4562 et
604 4501 636 4562 ln
649 4516 755 4580 graeco
768 4501 887 4564 additur
903 4519 911 4561 :
922 4507 1013 4582 prout
1025 4499 1144 4584 quilibet
1151 4502 1349 4584 prcdemam
1362 4505 1500 4570 Mandas
1510 4510 1636 4592 autsca-

223 4600 478 4688 jndermsmrtr.

269 4707 303 4791 (c)
328 4713 365 4774 ln
381 4715 446 4776 cod.
464 4723 541 4778 ⁴62⁵
557 4713 703 4782 licentiam
715 4719 871 4800 impetrare
874 4737 891 4795 ;
904 4721 934 4778 ln
949 4733 1054 4798 gracco
1067 4715 1115 4790 τὴν
1131 4718 1303 4801 ὀφειλομένην
1317 4721 1425 4782 solano
1440 4726 1554 4806 ὑποστῇ.
