4320 5918
226 562 328 626 lrtnrur.
343 562 389 643 ’1.]
682 557 880 621 HISTORIA
903 559 1198 622 nlrbomarlcb.
1577 557 1633 618 d'll

279 1085 515 1192 Fridericus,
539 1085 802 1168 Romanorum
828 1084 1054 1194 imperator,
1078 1083 1258 1166 omnibus
1282 1083 1475 1168 nobilibus
1497 1083 1538 1168 in
1560 1085 1640 1166 im·
1692 1089 1817 1200 pm,

226 1221 332 1332 perio
348 1217 561 1302 constitutis
575 1219 733 1301 mandat
746 1227 790 1301 ut
807 1245 939 1328 pacem
953 1217 994 1300 iu
1008 1219 1114 1302 curia
1127 1217 1434 1302 Freuoolurtensi
1448 1217 1639 1302 firmatam

228 1352 330 1436 infra
348 1361 514 1464 quatmr
534 1351 795 1436 hebdomadas
809 1351 958 1463 jurent,
979 1381 1002 1436 a
1020 1351 1201 1437 diuitibus
1219 1361 1257 1436 et
1278 1353 1509 1463 pauperibus
1528 1353 1639 1436 simi-

226 1487 313 1572 liter
325 1486 535 1598 jurandam
551 1494 590 1570 et
607 1487 848 1570 servandam.
1322 1509 1326 1520 ¹

311 1700 444 1780 (Edlder.
459 1655 639 1776 scarbum,
660 1698 825 1764 Vindemiae
838 1698 940 1776 litter..
956 1719 1025 1782 pars
1038 1702 1076 1776 1⁸,
1091 1718 1122 1780 p.
1140 1707 1210 1764 191.
1220 1731 1261 1746 -
1273 1701 1390 1777 Pmrz,
1416 1699 1544 1764 Mecum
1559 1699 1637 1764 lter.

351 1807 508 1888 Gerasam,
523 1816 548 1870 t.
563 1808 617 1884 IV,
631 1825 663 1886 p.
678 1812 763 1884 ³0².)

278 1993 485 2086 Friderious,
501 1995 562 2068 Dei
576 1995 686 2089 gratia
703 1995 934 2092 Romanorum
949 1995 1133 2092 imperator
1149 2005 1183 2068 et
1197 2015 1331 2091 semper
1344 2003 1512 2090 augustus
1528 2002 1562 2069 et
1577 2016 1641 2068 rex

230 2121 356 2212 Sicilie,
381 2121 661 2216 archiepiscopis,
683 2119 870 2217 episcopis,
891 2119 1091 2210 abbatibus,
1114 2119 1282 2209 ducibus,
1305 2119 1499 2212 nobilibus,
1524 2119 1641 2192 liberis

229 2256 265 2320 et
284 2245 564 2320 ministerialibus
581 2245 744 2320 omnibus
761 2245 798 2318 in
820 2245 963 2341 imperio
985 2245 1178 2318 constitutis
1197 2245 1344 2340 gratiam
1365 2267 1465 2318 suam
1488 2253 1523 2318 et
1539 2265 1641 2318 omne

230 2372 374 2444 bonum.
400 2371 496 2444 Scire
521 2371 654 2444 debetis
679 2369 866 2444 certissime
891 2379 927 2443 et
950 2369 1148 2443 nullatenus
1174 2369 1335 2444 dubitare
1358 2369 1454 2465 quod
1478 2369 1508 2442 si
1532 2378 1640 2444 status

231 2503 319 2570 terre
341 2503 455 2569 vestre
478 2497 591 2569 malus
608 2504 710 2569 estet
728 2495 877 2568 turbatio
901 2495 1006 2568 estin
1026 2495 1184 2591 partibus
1198 2496 1339 2590 vestris,
1362 2503 1402 2568 ut
1422 2493 1637 2590 audivimus,

231 2621 481 2717 supramodum
496 2621 598 2694 nobis
611 2620 785 2718 displicet,
803 2629 838 2693 et
861 2629 901 2692 nt
915 2619 1118 2694 emendetur
1136 2621 1172 2694 in
1192 2622 1316 2694 melius
1335 2641 1473 2694 omnem
1493 2619 1640 2714 diligen·

231 2746 314 2819 tiam
335 2768 440 2842 quam
461 2745 648 2842 poterimus
672 2743 883 2819 intendimus
905 2743 1085 2819 adbibere.
1110 2745 1314 2821 Mandemus
1339 2767 1421 2839 orgo
1449 2745 1550 2818 vobis
1574 2747 1641 2818 sub

231 2870 373 2944 obtentu
386 2870 495 2965 gratie
508 2878 624 2944 nostre
638 2879 678 2942 ut
690 2891 810 2966 pacem
824 2869 994 2944 firmatam
1011 2871 1048 2942 in
1062 2872 1157 2945 curia
1171 2871 1339 2945 celebrata
1354 2870 1579 2942 Frankenlnrt
1589 2867 1641 2966 (l)

232 2995 321 3070 inira
345 3005 494 3091 quatuor
509 2994 721 3070 ebdomadas
738 2995 878 3088 juretis,
899 3005 970 3069 tam
992 2995 1160 3070 divitibus
1181 3017 1288 3091 quam
1305 2995 1517 3092 pauperibus
1540 2995 1643 3068 nobis

231 3119 394 3212 subjectis
415 3129 455 3193 nt
480 3119 636 3193 similiter
654 3122 771 3214 jurent
797 3128 832 3193 et
856 3132 993 3193 servent
1018 3120 1239 3216 injungentes
1264 3119 1465 3214 diligentius
1488 3128 1523 3193 et
1544 3141 1641 3192 man·

231 3243 365 3317 dantes.
384 3244 590 3340 Quicunque
612 3245 704 3318 enim
726 3266 796 3318 non
813 3245 982 3339 juraverit
1003 3253 1037 3320 et
1054 3245 1258 3320 mandatum
1283 3253 1437 3320 nostrum
1455 3245 1643 3342 adimplere

232 3369 435 3464 neglexerit,
457 3369 730 3464 indignationem
747 3379 901 3444 nostram
922 3369 1157 3445 indubitanter
1175 3393 1213 3444 se
1233 3371 1368 3445 noverit
1389 3369 1592 3456 incurrisse,
1608 3379 1643 3444 et

232 3493 299 3568 hoc
325 3494 429 3568 etiam
456 3497 620 3569 volumus
647 3505 686 3570 ut
710 3497 863 3594 precepti
889 3496 996 3570 nostri
1023 3505 1275 3594 contemptores
1303 3497 1340 3569 in
1366 3495 1524 3592 proxima
1546 3495 1642 3569 curia

232 3641 338 3714 quam
352 3620 555 3694 celebraturi
570 3643 692 3696 sumus
706 3622 884 3696 manifeste
896 3623 933 3695 in
951 3631 1068 3697 nostra
1086 3623 1258 3720 presentia
1275 3621 1508 3695 nominentur.

289 4123 492 4236 Gregorius
514 4152 615 4236 papa
631 4125 856 4211 Lombardis
875 4125 1006 4211 scribit
1023 4126 1128 4238 quod
1146 4125 1179 4208 si
1196 4125 1250 4208 eis
1268 4123 1506 4209 mandauerit
1524 4133 1567 4207 ut
1583 4123 1641 4206 li-
1705 4140 1715 4197 t

235 4253 370 4340 berum
400 4259 606 4344 transitum
632 4262 768 4346 darent
791 4260 977 4360 militibus
1007 4261 1057 4344 ad
1083 4261 1350 4370 imperatorem
1375 4283 1447 4368 pro
1474 4258 1645 4342 subsidio

271 4520 305 4595 (t)
323 4522 431 4583 Scilicet
441 4526 494 4585 hoc
508 4526 566 4602 ipso
580 4542 665 4600 anuo,
679 4525 924 4600 mensisssiebmarii
940 4527 984 4585 die
1002 4525 1156 4600 undecimo,
1168 4530 1200 4584 ut
1211 4526 1271 4601 ipsc
1287 4525 1411 4602 opinatur
1429 4527 1556 4584 Pertzius.
1573 4524 1646 4583 Licet

236 4621 335 4678 mentio
352 4623 428 4697 regni
445 4623 677 4699 llierosolymitani
695 4626 723 4684 in
742 4625 818 4686 titulo
836 4627 988 4700 omittatur,
1006 4625 1070 4683 nulli
1090 4626 1134 4684 alii
1152 4624 1265 4700 tempori
1286 4641 1369 4700 quam
1383 4641 1452 4684 anuo
1466 4627 1534 4682 4234
1548 4623 1599 4682 hoc
1617 4639 1647 4682 so

236 4719 391 4780 mandatum
405 4722 493 4797 aptius
504 4725 696 4783 accommodat.
