4308 5910
741 595 866 658 IIEGIII
890 592 1076 655 SICILIAE.

669 913 869 988 TITULUS
895 913 960 985 IX.
987 914 1047 983 ΞΑ
1071 910 1161 1007 (dl).

404 1065 450 1138 Ile
469 1067 656 1140 nominituo
673 1089 738 1140 eoo
761 1065 907 1138 tenendis
925 1063 1055 1136 ratione
1074 1075 1159 1136 terre
1175 1061 1228 1134 uel
1248 1063 1342 1154 feodi
1359 1059 1423 1160 (a).

760 1240 852 1290 loll!
876 1239 1078 1290 AUGUSTUS.

256 1371 347 1456 Quin
365 1371 564 1466 frequenter
588 1368 656 1442 sub
679 1377 839 1466 pretextu
865 1367 948 1440 lieili
974 1365 1133 1440 illicitum
1150 1371 1348 1453 attentetur,
1365 1364 1456 1438 viem
1484 1385 1620 1438 omnem

207 1506 243 1569 et
261 1495 439 1568 mumolum
454 1493 637 1568 lruudibus
658 1492 917 1590 praeludentes,
939 1491 1156 1564 deeernimus
1174 1489 1304 1564 nemini
1322 1489 1424 1562 lieere
1442 1488 1621 1562 occasione

207 1620 358 1712 slieujus
379 1629 466 1694 terre
490 1617 546 1692 vel
570 1615 668 1692 leudi
691 1615 786 1712 quod
808 1624 924 1688 tenen
942 1616 999 1687 vel
1019 1615 1162 1710 recipiet
1189 1636 1210 1686 u
1238 1613 1379 1704 eomite,
1405 1613 1533 1684 berone
1558 1631 1620 1684 sen

208 1745 318 1818 milite
332 1745 391 1818 vel
419 1761 565 1839 persona
583 1741 815 1816 eoelesiostieu
829 1750 891 1814 aut
915 1739 1019 1812 etiem
1037 1738 1199 1826 seculari,
1217 1738 1444 1812 eonveutioue
1467 1736 1621 1830 quolibet

207 1869 334 1964 quavis
357 1867 447 1960 juris
473 1866 687 1941 solemnitate
711 1865 838 1940 vellete
864 1885 1045 1961 personum
1072 1864 1245 1960 proprium
1272 1862 1446 1956 aliquibus
1472 1861 1621 1936 servitiis

206 1993 378 2088 obligare,
389 2001 425 2066 et
439 1991 491 2066 sle
507 1991 575 2066 sub
592 1991 774 2066 ooousioue
790 1989 991 2082 hujusmodi
1006 1987 1054 2084 (l)
1070 1987 1115 2062 ud
1130 1989 1271 2062 ulterius
1288 1985 1619 2062 commendationem

206 2137 269 2190 seu
288 2115 483 2190 dominium
505 2113 713 2206 oonvolure;
733 2114 795 2190 sed
813 2123 947 2190 tentum
967 2113 1100 2188 reditus
1118 2114 1154 2186 iu
1173 2113 1317 2209 peeumu
1334 2113 1390 2186 vel
1412 2113 1517 2186 rebus
1542 2110 1619 2184 oliIs

206 2263 272 2338 pro
293 2261 337 2312 eo
364 2239 461 2334 quod
486 2239 653 2334 reeeperit
670 2249 849 2334 ageoseat.
872 2240 942 2314 Nos
967 2238 1094 2312 etenim
1119 2237 1181 2334 qui
1206 2260 1326 2312 sumus
1346 2237 1478 2311 domiui
1496 2257 1619 2333 perso-

206 2387 346 2455 usrum,
366 2366 500 2461 absque
519 2373 635 2438 nostru
651 2364 844 2438 serenitatis
860 2385 1003 2438 mseusu
1019 2385 1182 2461 persouus
1199 2365 1349 2439 servitiis
1368 2363 1541 2458 perpetuis
1558 2371 1619 2436 unt

207 2487 467 2562 eouditiouibus
485 2489 647 2562 nolumus
664 2487 821 2581 obligari.

681 2799 884 2874 TITULUS
908 2799 953 2873 X.
980 2801 1037 2872 ΞΒ
1058 2797 1148 2897 (62).

308 2975 356 3044 lle
372 2975 557 3076 beetlnibm
577 2975 738 3046 taronem
751 2973 990 3068 possedeutt'doe
1006 2985 1130 3070 ternum
1142 2972 1282 3045 beluinis
1300 2971 1445 3044 metenti
1462 2971 1476 3068 (
1494 2973 1520 3068 ).

755 3168 847 3216 rnurr
874 3167 1074 3218 rueusrus.

257 3315 292 3387 Si
318 3317 460 3410 quaudo
482 3317 663 3411 eontigerit
689 3315 824 3411 aliquos
846 3317 1067 3389 eeclesiarum
1089 3315 1266 3407 homines,
1287 3316 1449 3390 uomitum
1471 3337 1534 3388 seu
1551 3315 1619 3388 ba-

207 3459 331 3513 ronum
350 3449 411 3512 sut
427 3441 594 3534 militum,
613 3443 688 3515 sive
705 3441 807 3515 etiem
826 3441 958 3535 angarii
973 3441 1041 3513 sint
1057 3441 1132 3514 sive
1148 3441 1250 3514 etiem
1270 3441 1389 3514 villani
1405 3441 1616 3536 simpliciter,

206 3573 269 3637 uut
282 3565 522 3662 cujuscunque
539 3567 748 3641 eouditiouis
761 3589 837 3639 esse
850 3575 1046 3656 noscantur,
1060 3564 1273 3660 hereditogiu
1284 3565 1342 3640 vel
1355 3573 1485 3662 purtem
1499 3587 1618 3640 eorum

207 3687 254 3760 eb
267 3688 467 3764 homiuibus
481 3694 586 3767 nostri
607 3692 758 3766 demanii
776 3703 836 3763 ent
853 3691 1065 3785 quibuslibet
1079 3691 1169 3779 aliis,
1182 3689 1243 3785 qui
1259 3712 1301 3764 ee
1315 3691 1352 3762 iu
1366 3699 1455 3763 terra
1470 3689 1620 3764 demanii

207 3823 270 3884 eut
286 3815 500 3908 pertiuentiis
524 3819 600 3910 ejus
625 3815 844 3913 possideant,
865 3837 1063 3911 comparare
1087 3823 1147 3887 eut
1164 3815 1262 3888 aliter
1278 3815 1472 3910 nequirem,
1494 3815 1560 3889 sub
1579 3835 1620 3888 ee

99 3953 101 3956 ·
207 3936 407 4012 eouditione
424 3949 612 4037 emptorem
629 3941 762 4013 hebere
779 3940 1010 4036 comparanda
1033 3941 1090 4013 vel
1111 3949 1304 4036 comparate
1323 3940 1537 4036 disponimus
1553 3939 1620 4012 sub

207 4081 279 4154 qua
303 4063 464 4137 venditor
492 4067 567 4161 ipse
597 4065 735 4138 tenebat
762 4092 771 4136 :
796 4065 958 4138 videlieet
980 4075 1018 4138 ut
1041 4065 1184 4162 preinde
1207 4065 1345 4139 domino
1369 4087 1432 4140 sue
1460 4067 1494 4137 iu
1526 4067 1621 4138 nullo

208 4185 347 4280 penitus
364 4196 521 4260 tenentur
541 4200 576 4262 et
597 4190 672 4263 sine
696 4191 807 4286 ipsius*
826 4191 963 4264 lieentia
985 4200 1019 4262 et
1037 4191 1198 4264 mandato
1221 4212 1262 4264 ee
1286 4191 1337 4264 eis
1362 4191 1534 4282 vendere,
1554 4189 1622 4264 do-

208 4331 292 4382 uure
315 4321 377 4384 eut
392 4315 680 4410 qualitercunque
699 4315 849 4388 alienare
866 4311 969 4413 [iuter
987 4316 1088 4388 vivos
1105 4317 1162 4389 vel
1179 4316 1299 4388 ultImu
1315 4315 1503 4416 voluntate]
1520 4316 1621 4390 liceat

252 4526 293 4608 (e)
315 4507 427 4602 Grueoe
442 4469 1537 4614 mellusrouudeemepuotlpretmaqeupiumcoeptommobliqure.

253 4631 294 4712 (d)
315 4633 364 4697 sle
378 4638 410 4698 Ill
421 4638 486 4700 eod.
504 4646 582 4700 ⁴625
596 4648 627 4702 et
638 4643 671 4702 In
684 4657 789 4719 graeco
802 4636 853 4700 liud
865 4637 915 4714 τὴν
929 4637 1053 4713 τοιαύτην
1068 4637 1200 4723 ἀφορμὴν.

253 4736 292 4818 (e)
318 4739 430 4804 eruere
444 4761 452 4803 t
471 4743 615 4822 Quomodo
628 4746 742 4825 mutiet
755 4743 937 4808 ecbumm
947 4745 1073 4810 lomim
1085 4765 1132 4808 ree
1143 4763 1316 4829 conparere.
