4288 5912
491 563 553 627 alo
957 623 966 632 .
994 567 1206 632 talosalcl
1230 569 1406 634 suenum
1720 575 1801 656 [Aru.
1818 575 1910 640 1232

493 699 690 796 principiis,
702 702 937 800 ejusdemque
948 707 1059 802 matie
1073 705 1414 800 recommendare
1423 707 1523 802 quod
1533 703 1774 784 abominamur
1786 713 1913 810 expri-

493 845 606 920 mere,
627 826 784 920 ejusdem
802 840 918 911 nostre
934 833 1129 908 communis
1143 830 1226 908 lidai
1243 833 1471 912 subversione
1483 833 1646 910 tollenda.
1666 837 1762 923 Quas
1778 839 1913 914 etenim

492 970 577 1024 oves
588 961 708 1048 pascet
718 964 836 1052 pastor
848 957 1017 1052 Ecclesia,
1030 957 1060 1032 si
1076 957 1231 1054 gramina
1244 955 1329 1032 lidei
1343 957 1581 1046 desiccantur?
1593 960 1730 1047 Quibus
1744 961 1912 1040 fidelibus

492 1095 626 1149 sacrum
642 1077 826 1173 imparium
843 1075 1042 1178 imperabit,
1063 1081 1093 1154 si
1112 1079 1293 1156 deficiente
1309 1079 1380 1156 lide
1396 1080 1560 1182 deficiant
1577 1083 1639 1180 qui
1659 1084 1727 1158 sibi
1746 1094 1913 1162 tenentur

491 1220 539 1273 ex
557 1198 627 1274 fide
637 1202 653 1274 l
665 1201 795 1278 Eadem
810 1215 863 1279 est
875 1227 972 1302 ergo,
992 1215 1031 1280 ut
1043 1207 1236 1280 necessario
1253 1214 1460 1302 repetamus,
1482 1207 1679 1302 lauguentis
1691 1208 1774 1284 fidei
1791 1222 1912 1286 nostre

492 1325 646 1420 medela,
656 1327 760 1430 'idem
776 1338 828 1437 est
845 1330 1005 1426 gladius3
1026 1329 1091 1405 sed
1106 1341 1221 1404 amen
1237 1331 1292 1404 bis
1307 1339 1431 1404 acutus
1441 1332 1537 1406 velut
1548 1333 1754 1430 proprietate
1764 1337 1914 1432 pluralis

490 1451 710 1548 numerique
726 1477 812 1528 usus
823 1465 876 1530 est
888 1443 1009 1530 Petrus
1024 1456 1059 1528 in
1075 1455 1264 1550 Evangelio
1276 1454 1396 1530 diceus
1413 1482 1423 1528 ε
1445 1455 1567 1534 «acce
1581 1457 1653 1533 duo
1665 1459 1777 1554 'gladii
1793 1459 1867 1555 hic,
1889 1487 1908 1531 r

491 1585 530 1648 ut
545 1575 593 1650 ad
613 1578 760 1654 litteram
778 1589 813 1654 et
827 1579 874 1654 ad
890 1581 1030 1656 oculum
1046 1578 1244 1654 alludamus
1253 1580 1314 1676 qui
1332 1581 1379 1655 ad
1388 1581 1599 1656 intellectum
1616 1582 1784 1659 hactenus
1796 1586 1911 1662 verba

489 1702 698 1778 retulimus:
721 1705 794 1782 duo
821 1721 904 1780 vera
930 1715 1013 1780 sunt
1036 1705 1163 1801 gladii,
1191 1703 1256 1780 sed
1282 1727 1353 1779 una
1379 1705 1503 1780 eadam
1527 1715 1636 1782 mater
1653 1709 1799 1784 ecclesia
1821 1709 1909 1784 lidei

490 1836 606 1902 nostre
628 1830 780 1925 genitrix
800 1839 853 1904 ast
875 1832 1002 1927 vagina
1028 1831 1197 1924 duorum,
1226 1829 1322 1926 quod
1335 1840 1452 1927 aperte
1469 1831 1663 1908 discernere
1676 1835 1831 1910 voluisse
1847 1835 1910 1910 di·

490 1962 624 2026 centem
640 1953 845 2050 significatio
859 1955 998 2054 propria
1013 1956 1171 2032 adverbii
1187 1955 1306 2031 localis
1319 1955 1484 2031 ostendit.
1503 1961 1595 2032 Dum
1611 1959 1705 2033 euim
1718 1961 1773 2033 bic
1789 1961 1905 2050 dixit,

490 2078 670 2162 ostendere
684 2079 794 2156 voluit
806 2081 902 2176 quod
920 2082 1117 2178 gladiorum
1130 2081 1311 2156 amborum
1326 2103 1420 2156 unus
1434 2092 1488 2164 ast
1504 2084 1618 2173 locus,
1638 2107 1686 2160 ax
1697 2105 1769 2182 quo
1785 2087 1908 2158 iuviu-

490 2201 636 2276 cibiliter
658 2203 845 2280 assumitur
870 2215 905 2280 ct
929 2207 1120 2282 necessario
1149 2207 1390 2304 comprobatur
1410 2208 1508 2306 quod
1535 2208 1731 2304 gladiorum
1757 2209 1907 2284 istorum

470 2311 474 2322 ¹
490 2350 561 2404 uua
571 2329 837 2424 sitsubstautia,
858 2353 939 2406 cum
953 2333 999 2406 sit
1010 2332 1224 2430 impossibile
1239 2331 1424 2408 denatura
1439 2355 1550 2406 unum
1562 2347 1599 2408 et
1610 2333 1772 2408 eumdem
1787 2335 1907 2409 locum

490 2451 578 2527 duas
594 2475 695 2550 posse
711 2456 921 2531 substantias
936 2458 1123 2532 continere.
1142 2459 1297 2532 Pmisctu
1314 2457 1444 2554 vagina
1455 2457 1653 2533 eadcmbos
1668 2458 1756 2533 duos
1768 2459 1907 2553 gladios

487 2578 538 2652 sic
552 2579 777 2656 effectualiter
791 2603 901 2656 unum
919 2583 1000 2656 lacit
1012 2581 1109 2680 quod
1125 2603 1196 2658 uon
1213 2583 1311 2657 aliter
1327 2604 1420 2656 uuus
1439 2582 1485 2656 ab
1507 2583 1616 2658 altaro
1630 2584 1826 2680 integritate
1844 2586 1906 2659 al-

488 2703 594 2778 terius
610 2717 747 2780 servata
764 2707 957 2802 &ungitur
973 2731 1080 2804 quam
1097 2731 1176 2806 pars
1194 2730 1215 2784 a
1231 2717 1302 2782 toto
1326 2707 1512 2782 deducitur
1530 2708 1663 2804 abque
1683 2709 1907 2804 corruptione

488 2831 650 2926 subjecti,
675 2833 753 2927 vel,
778 2841 818 2906 ut
841 2833 961 2909 rideat
975 2835 1098 2908 oculus
1121 2833 1217 2930 quod
1238 2835 1325 2910 forts
1341 2839 1422 2910 'uon
1450 2834 1601 2932 concipit
1623 2834 1836 2928 intellectus,
1866 2837 1905 2909 iu

487 2954 611 3030 cadem
621 2957 750 3054 vagina
761 2979 925 3057 corporea
940 2958 1077 3034 duobus
1087 2959 1212 3055 gladiis
1226 2959 1386 3052 conditis,
1398 2959 1536 3034 sublato
1552 2959 1672 3052 altero,
1691 2959 1906 3056 impossibile

486 3082 645 3177 sequitur
662 3084 748 3178 quin
772 3084 810 3157 iu
829 3085 958 3180 vagina
976 3085 1138 3160 residuus
1162 3106 1232 3160 uou
1256 3062 1578 3180 verecundosis
1601 3083 1703 3160 uobis
1725 3107 1901 3181 uuquam,

487 3217 586 3306 pater
609 3217 643 3284 et
662 3217 777 3306 pastor
793 3209 963 3304 budissin,
990 3233 1060 3285 uon
1082 3211 1172 3284 levis
1193 3218 1254 3285 aut
1270 3210 1440 3306 simplex,
1460 3209 1568 3284 immo
1592 3209 1694 3284 bruta
1714 3207 1906 3284 credulitas

487 3331 585 3429 quod
598 3332 693 3406 istud
704 3332 927 3409 individuum
940 3335 1148 3432 gladiorum,
1166 3335 1274 3434 patria
1289 3343 1325 3410 at
1340 3333 1403 3408 filii
1421 3335 1518 3428 uuio,
1534 3333 1676 3431 recipiat
1690 3334 1900 3427 sectionemr

487 3459 593 3532 immo
606 3457 749 3534 tirmiter
762 3459 936 3536 credimus
947 3470 983 3534 ct
998 3461 1137 3558 publica
1153 3459 1358 3558 profitemur
1371 3459 1469 3556 quud
1486 3481 1551 3534 nos
1561 3458 1633 3534 duo
1649 3460 1746 3534 velut
1762 3469 1906 3555 pataret

487 3583 843 3660 liliusunumsumus.
862 3586 900 3658 ln
914 3585 980 3660 hac
993 3607 1075 3661 vera
1085 3585 1285 3660 credulitate
1295 3585 1423 3678 cordis,
1439 3585 1551 3658 iubac
1562 3583 1906 3681 sauctaprolectione

486 3711 673 3802 sermonis,
703 3711 768 3786 etsi
792 3731 929 3808 semper
952 3712 1137 3809 apostolice
1166 3711 1261 3788 sedis
1287 3711 1513 3786 constantiam
1540 3710 1647 3784 luisse
1676 3709 1914 3802 noverimus,

486 3859 580 3912 nuuc
599 3846 713 3911 tamen
729 3845 765 3910 et
789 3837 953 3910 contiuuo
975 3858 1176 3934 permanere
1194 3836 1408 3932 gaudemus,
1434 3843 1537 3932 prout
1557 3833 1772 3932 patomitatis
1787 3843 1903 3907 vestre

485 3964 597 4037 littere
613 3984 674 4060 per
691 3963 895 4058 magistrum
910 3963 950 4037 P.
975 3963 1020 4038 de
1043 3965 1170 4055 Vinea,
1202 3983 1328 4058 magno
1351 3961 1447 4036 curie
1468 3968 1583 4034 nostre
1600 3957 1775 4054 judicem,
1801 3957 1918 4030 uobis·

488 4089 593 4162 missa
616 4097 795 4162 testantur.
817 4089 941 4183 Igitur,
959 4089 1154 4163 beatissime
1177 4097 1292 4186 pater,
1320 4109 1383 4161 uos
1405 4086 1477 4162 duo
1491 4085 1552 4181 qui
1575 4105 1685 4158 unum
1700 4081 1849 4157 dicimur
1865 4091 1903 4156 et

485 4212 578 4288 idom
593 4233 656 4310 pro
668 4222 761 4287 carto
774 4213 960 4306 sentimus,
979 4215 1124 4287 salutem
1136 4213 1329 4287 communis
1341 4211 1424 4285 fidei
1437 4209 1647 4283 unanimiter
1659 4227 1899 4306 procuramus,

487 4339 681 4414 relevemus
695 4338 960 4414 ecclesiasticam
976 4339 1168 4413 libertatem
1181 4359 1379 4435 oppressam
1387 4377 1404 4428 ,·
1418 4345 1454 4411 at
1466 4345 1535 4409 tam
1546 4332 1692 4408 ecclesie
1703 4332 1783 4425 jura
1795 4351 1901 4426 quam

486 4464 623 4562 imperii
642 4472 889 4556 restaurantes,
909 4465 1109 4540 commissos
1122 4464 1223 4538 uobis
1240 4463 1374 4558 gladios
1390 4463 1426 4536 in
1443 4479 1662 4558 perversores
1678 4455 1761 4530 lidei
1782 4463 1818 4527 et
1839 4474 1899 4526 ra-

486 4591 594 4665 balles
610 4589 744 4687 imperii
758 4612 936 4664 acuamus.
956 4591 1063 4664 Instat
1078 4589 1172 4663 euim
1195 4599 1335 4684 tempus
1353 4597 1392 4660 ut
1416 4587 1543 4660 talenta
1560 4583 1660 4658 uobis
1682 4577 1813 4654 credita
1829 4575 1901 4650 du·

486 4717 653 4814 plicemus
670 4729 705 4791 et
723 4715 897 4814 duplicata
915 4737 1030 4790 rerum
1054 4712 1170 4813 opifici
1190 4721 1440 4812 presentamus.
1467 4711 1532 4784 Per
1556 4731 1620 4786 nos
1641 4707 1734 4784 cuim
1752 4722 1899 4802 quorum
