4298 5906
558 569 619 632 224
1007 566 1144 629 Notas
1168 564 1524 628 cousrlrurloltss

679 720 750 782 pars
762 703 803 782 V,
816 711 866 764 at.
881 703 1070 783 Encycllcnm
1082 707 1164 766 enirn
1176 719 1242 766 essa
1258 705 1386 782 etqnnul
1398 703 1494 782 legem
1517 702 1556 765 ad
1577 718 1665 766 usum
1684 704 1778 766 totlns
1799 705 1881 784 regni
1903 721 1973 783 pro-

680 810 843 888 mulgatam
870 813 1004 890 qulsqnls
1030 810 1116 872 molle
1142 811 1393 873 animadverterit.
1416 810 1486 871 Tria
1504 816 1603 872 summ
1629 825 1705 888 qnae
1731 817 1908 889 sequnntur,
1935 811 1974 873 ad

683 917 853 996 exemplum
867 917 1000 992 Currant,
1010 919 1062 980 sed
1076 933 1155 978 novo
1168 917 1270 978 ordine
1283 917 1469 992 exhibemus,
1480 919 1559 980 notis
1570 915 1750 995 quibusdam
1764 917 1863 996 adjus
1875 920 1907 978 in
1918 917 1975 978 hnc

683 1032 766 1106 parte
779 1025 999 1104 explanandum
1013 1027 1189 1105 perutillbns
1203 1027 1337 1106 additis.)

610 1210 824 1301 Frlderions,
844 1220 909 1284 eto.
940 1264 1003 1284 ...
1025 1211 1218 1306 justiciario
1237 1213 1379 1309 Apulia,
1398 1221 1465 1286 eto.
1494 1266 1529 1285 ..
1549 1265 1558 1283 .
1583 1215 1672 1308 Sepe
1693 1213 1861 1304 contingit
1878 1213 1974 1309 qnod

562 1336 650 1410 dnm
668 1335 891 1432 petitionibus
907 1344 1100 1410 nostrorum
1120 1335 1275 1411 fidelium
1300 1337 1486 1410 clementer
1504 1337 1709 1429 annuimus,
1733 1335 1817 1410 dnm
1842 1337 1975 1410 clericis

561 1461 736 1556 aliquibus
753 1483 800 1536 ex
827 1461 1006 1556 dignitatis
1027 1463 1170 1557 antiqno
1191 1462 1328 1558 fastigio
1349 1483 1454 1557 quam
1472 1461 1641 1534 habemus
1662 1461 1699 1532 in
1723 1482 1830 1556 regno
1852 1483 1913 1535 seu
1938 1455 1974 1533 in

563 1586 718 1660 ecclesiis
739 1587 836 1680 regni
861 1587 968 1659 nostri
989 1587 1193 1660 vacantibus
1211 1585 1257 1662 de
1278 1588 1379 1662 bonis
1402 1585 1642 1660 ecelesiasticis
1663 1586 1874 1682 precipimus
1895 1607 1974 1681 pro-

561 1711 694 1804 videri,
727 1709 893 1785 beneficia
919 1721 1037 1785 nostra
1063 1710 1114 1809 (a)
1133 1735 1204 1807 qno
1229 1710 1396 1786 deberent
1416 1720 1451 1785 et
1474 1711 1578 1786 etiarn
1607 1711 1768 1784 volumus
1794 1711 1975 1806 privantur

561 1844 712 1926 eventu,
734 1834 819 1908 dnm
842 1836 1039 1930 frequenter
1067 1836 1171 1909 alicui
1188 1837 1234 1911 do
1251 1837 1365 1932 prima
1383 1831 1564 1909 vacatione
1588 1835 1677 1907 lacta
1702 1835 1867 1930 provisio,
1888 1855 1975 1928 pro-
2000 1853 2016 1876 ·

563 1961 648 2057 priis
682 1982 752 2034 non
781 1967 941 2032 contenta
969 1960 1155 2050 limitibus,
1177 1958 1433 2057 prebendarum
1451 1959 1532 2032 licet
1557 1955 1753 2054 improvide
1782 1957 1976 2054 pluralitate

562 2085 725 2182 repletur,
740 2094 775 2159 et
791 2085 821 2158 si
837 2095 919 2158 tnnc
933 2106 1057 2159 vacare
1073 2086 1268 2181 contingat,
1286 2085 1464 2174 omittitur,
1489 2092 1528 2157 nt
1543 2103 1606 2179 per
1630 2081 1762 2156 fraudis
1780 2083 1976 2177 excogitate

563 2209 751 2284 colludium
768 2209 931 2306 pinguior
948 2210 985 2282 in
1003 2219 1178 2306 posterum
1198 2211 1379 2286 habeatnr.
1400 2208 1489 2284 illud
1508 2209 1685 2304 inelegans
1699 2208 1804 2282 etiarn
1821 2208 1976 2304 plemm-

563 2359 633 2430 que
645 2335 866 2408 committitur
878 2344 916 2406 ut
934 2335 964 2406 si
980 2336 1207 2430 quantitatem
1225 2347 1354 2408 certam
1372 2335 1518 2432 pecunie
1532 2335 1579 2408 ob
1597 2335 1737 2428 majoris
1751 2333 1877 2407 favoris
1890 2355 1976 2428 gra-

562 2461 644 2534 tiam
664 2459 930 2534 devacantibus
954 2459 1141 2555 prebendis
1157 2460 1261 2533 alicui
1280 2469 1396 2532 nostra
1415 2459 1581 2533 serenitas
1605 2457 1774 2554 assignari
1791 2457 1974 2553 precipiat,

562 2606 667 2680 snper
691 2585 808 2656 valore
829 2585 1027 2657 vacantium
1048 2585 1105 2658 vel
1131 2583 1393 2682 probationibus
1415 2585 1530 2658 forsan
1555 2581 1706 2657 inductis
1728 2581 1894 2656 adulteris
1919 2583 1976 2656 vel

560 2719 781 2807 procuratore
803 2730 872 2781 non
892 2709 1017 2782 callido
1034 2709 1289 2801 circumvento,
1310 2731 1373 2782 scu
1394 2710 1497 2782 etiam
1519 2709 1634 2805 potius
1656 2707 1805 2802 gratiose
1822 2717 1974 2798 versato,

561 2856 723 2907 concessa
749 2833 873 2906 clerico
903 2833 1078 2929 quantitas
1106 2835 1142 2904 in
1172 2834 1268 2906 cnrie
1293 2841 1408 2906 nostre
1436 2831 1658 2928 dispendium
1681 2831 1877 2928 ampliatur.
1905 2833 1976 2904 Vo-

561 2959 670 3032 lentes
687 2959 792 3053 igitur
807 2979 913 3054 super
932 2957 999 3031 hiis
1015 2959 1129 3031 minus
1148 2959 1241 3030 licite
1262 2957 1352 3030 iacta
1371 2957 1542 3052 corrigere
1565 2966 1599 3030 et
1614 2957 1650 3028 in
1669 2958 1823 3028 futurum
1839 2977 1884 3028 ne
1904 2955 1977 3028 hu-

559 3081 714 3178 jusmodi
733 3082 874 3156 morbus
893 3083 1044 3156 invaleat
1061 3104 1259 3180 precavere,
1277 3081 1433 3157 fidelitati
1455 3093 1513 3154 tue
1530 3081 1753 3178 precipiendo
1769 3081 1978 3154 mandamns

562 3217 734 3303 quatenns
749 3207 961 3302 ubicumque
979 3230 1040 3303 per
1054 3207 1330 3300 jurisdictionem
1344 3216 1440 3280 tnam
1458 3206 1621 3280 clericum
1636 3206 1787 3300 aliquem
1800 3227 1848 3278 ex
1860 3203 1977 3278 causis

562 3333 727 3428 predictis
745 3333 860 3428 plnres
880 3332 1076 3428 prebendas
1094 3333 1160 3406 sub
1178 3332 1321 3405 unitatis
1338 3333 1517 3406 involucro
1535 3333 1591 3406 vel
1611 3331 1690 3428 plns
1703 3332 1893 3427 quantitate
1907 3329 1977 3404 sibi

563 3481 584 3532 a
602 3455 805 3531 celsitudine
824 3467 938 3531 nostra
952 3459 1072 3530 collata
1090 3455 1329 3531 fraudulenter
1345 3479 1515 3555 usurpare
1532 3457 1721 3554 repereris,
1738 3463 1799 3531 aut
1822 3476 1885 3552 spe
1898 3477 1975 3528 am·

563 3583 680 3680 plioris
699 3583 791 3655 exile
814 3579 1021 3654 beneficium
1037 3581 1211 3676 omisisse,
1236 3580 1437 3676 hansmodi
1455 3583 1611 3656 ultronea
1629 3581 1853 3677 usurpatione
1869 3579 1978 3654 desti-

563 3716 642 3780 tuas
661 3717 696 3780 et
717 3707 897 3800 utriusque
917 3705 1090 3802 petitionis
1107 3708 1234 3780 ostium
1252 3708 1396 3805 pinguia
1422 3707 1533 3782 taliter
1554 3706 1752 3804 expectanti
1770 3703 1974 3801 precludas,

563 3831 650 3904 nnlli
668 3832 870 3904 auctoritate
887 3831 1076 3904 litterarum
1099 3833 1161 3906 tibi
1179 3833 1235 3906 vel
1252 3831 1554 3928 predecessoribus
1577 3830 1624 3928 (b)
1638 3830 1707 3903 tuis
1727 3830 1893 3904 hactenns
1914 3849 1978 3924 ge·

563 3957 724 4030 neraliter
742 3957 968 4049 directarum,
987 3955 1192 4030 beneficium
1211 3979 1274 4031 sen
1295 3957 1504 4048 prebendam
1521 3965 1635 4054 preter
1652 3963 1769 4030 nostre
1788 3953 1978 4048 majestatis

563 4081 741 4153 oraculum
759 4082 912 4154 conferre
928 4103 1148 4176 presumens3
1165 4082 1252 4178 quin
1267 4083 1395 4178 potins,
1410 4092 1512 4178 prout
1524 4103 1648 4156 vacare
1664 4079 1856 4176 contigerit,
1873 4101 1978 4152 vaca·

562 4202 667 4275 tionis
694 4214 730 4276 et
755 4204 864 4300 ipsius
890 4203 1020 4279 valoris
1042 4207 1149 4279 annui
1177 4208 1404 4302 quantitatem
1428 4205 1580 4282 districtc
1608 4215 1725 4280 nostro
1749 4203 1892 4278 culmini
1921 4224 1976 4276 re·

537 4386 542 4396 .
562 4327 765 4424 scripturus.

606 4502 648 4587 (a)
666 4505 725 4586 Ap.
740 4505 1014 4587 Martenedracfitr'i
1028 4509 1135 4584 nostri,
1150 4511 1250 4573 mlnns
1263 4517 1352 4572 recte.

606 4611 647 4694 (b)
668 4616 727 4692 Ap.
743 4616 876 4678 Mostene
888 4614 1101 4695 mmeramme,
1115 4617 1201 4680 male.
