4288 5912
235 589 335 650 luorcr.
351 587 396 665 6.]
685 577 881 642 HISTORIA
905 570 1199 638 uiuiomnuicii.

459 853 589 864 ..ιι-ιιι...
595 844 1436 862 ..n-...amm

288 1129 492 1238 Gregorius
519 1155 619 1238 papa
645 1127 865 1211 consulibus
898 1135 934 1209 et
965 1127 1106 1236 populo
1138 1126 1318 1211 Gaietano
1345 1126 1509 1210 formam
1540 1124 1643 1236 pacis
1695 1131 1810 1240 iffi·

234 1263 455 1346 transmittit
473 1289 590 1373 quam
608 1288 678 1371 pro
696 1261 867 1371 ipsorum
885 1262 1086 1344 commodo
1104 1261 1306 1368 conclusit,
1326 1286 1486 1344 monens
1509 1269 1552 1342 ut
1572 1259 1642 1340 in·

232 1396 369 1480 timent
386 1397 418 1478 si
437 1422 522 1480 eam
540 1393 717 1479 duxerint
735 1397 1019 1505 acceptandam,
1045 1405 1082 1478 et
1098 1395 1338 1505 privilegium
1356 1393 1448 1504 ipsis
1466 1392 1515 1476 ab
1534 1393 1643 1503 Apo-

235 1529 367 1613 stolica
386 1529 482 1613 Sede
499 1529 692 1612 indultum
709 1530 915 1612 remittant.

315 1743 440 1824 (laedit.
455 1761 494 1804 ex
511 1745 695 1824 autographo
715 1751 824 1824 regest.
848 1743 982 1824 Gregorii
1002 1743 1061 1823 iii,
1085 1760 1157 1806 anu.
1175 1727 1250 1819 Vil',
1265 1745 1350 1822 epist.
1372 1752 1441 1820 211,
1464 1745 1496 1803 in
1519 1743 1639 1804 archivo

354 1848 524 1928 Vaticano.)

282 2033 469 2130 Gregorius
484 2034 685 2130 episcopus,
704 2053 825 2106 servus
842 2053 1015 2106 servorum
1030 2031 1113 2122 Dei,
1141 2040 1224 2122 etc,
1241 2033 1440 2106 consulibus
1459 2040 1493 2104 et
1512 2027 1640 2126 populo

233 2157 411 2251 Gaietauo,
424 2168 490 2233 etc.
502 2159 660 2246 Quietem
671 2167 705 2231 et
715 2159 905 2253 profectum
920 2159 1067 2230 civitatis
1080 2166 1194 2233 vestre
1205 2157 1325 2230 intimo
1338 2158 1486 2229 zelantes
1499 2156 1636 2245 affectu,

232 2307 303 2380 que
326 2285 425 2358 vobis
445 2286 626 2380 profutura
648 2285 888 2378 cognoscimus
910 2305 978 2378 qua
1001 2304 1186 2378 possumus
1211 2282 1439 2356 sollicitudine
1459 2301 1640 2377 promove·

233 2433 312 2483 mus
327 2408 391 2507 (i).
412 2410 500 2482 iiinc
520 2419 572 2483 est
592 2409 688 2505 quod
710 2409 809 2482 vobis
829 2429 949 2504 pacem
970 2429 1153 2503 procurare
1174 2408 1344 2501 volentes,
1372 2408 1480 2503 ipsius
1498 2408 1641 2480 formam

233 2702 274 2760 lix
286 2701 370 2761 altera
382 2717 448 2760 vero
460 2705 569 2775 tempus
586 2698 707 2774 praecise
719 2702 845 2756 noman:

518 2840 605 2884 HUIUS
630 2839 702 2882 deux
725 2837 822 2880 oannis
850 2836 889 2878 iix
914 2835 1070 2879 maestis
1097 2836 1211 2879 buconia

586 2934 871 2980 panormeorum
886 2933 935 2990 rii,
950 2933 1119 2988 ineuntes,
1130 2934 1215 2974 SUUU.

516 3035 588 3078 TUNG
605 3035 671 3077 'ritib
690 3033 778 3088 usui,
797 3031 955 3086 annuntio,
973 3031 1060 3072 Mittit
1079 3030 1203 3073 euasura
1220 3031 1383 3074 mannaim

586 3131 730 3188 Turnat,
751 3130 817 3174 eost·
835 3130 956 3172 abbirim
974 3130 1027 3172 PER
1042 3129 1116 3172 NOVA
1132 3130 1200 3172 tusi
1218 3130 1304 3172 nunti.

230 3241 272 3300 ita
287 3241 420 3313 ineius,
437 3241 535 3300 Deccd.
548 3243 649 3315 prior„
664 3240 712 3298 lib.
726 3241 778 3310 lii,
792 3255 851 3312 cap.
865 3241 892 3296 t.
908 3239 947 3295 Ex
961 3237 1106 3312 diplomate
1123 3244 1212 3296 autom
1229 3238 1355 3296 Friderici
1369 3239 1562 3312 bregonensis,
1578 3243 1640 3302 dato

232 3340 375 3412 Catauiae,
389 3341 522 3413 bjanuar.
539 3339 624 3408 t2981,
638 3337 690 3394 Xii
704 3337 848 3396 indictione
858 3335 911 3411 (ap.
925 3337 1026 3408 Tssra,
1038 3337 1075 3393 De
1088 3338 1141 3392 ott.
1157 3342 1183 3393 et
1195 3335 1250 3392 reb.
1263 3343 1329 3408 pest.
1340 3336 1447 3396 Frtder.
1459 3341 1497 3408 ii,
1507 3355 1638 3408 monum..

232 3451 265 3495 n⁰
278 3438 331 3510 ix,
346 3457 375 3513 p.
387 3439 464 3511 tii),
483 3438 548 3513 quid
571 3439 716 3512 imperator
737 3436 771 3492 de
791 3435 889 3492 linibus
907 3435 1042 3508 Augustae
1064 3435 1213 3492 tribuendis
1232 3441 1296 3492 tunc
1314 3437 1438 3510 iusserit,
1453 3441 1639 3512 comperimus.

234 3537 451 3608 «concedimus,
464 3536 575 3610 »inquit
595 3551 658 3607 rex,
672 3555 685 3590 a
701 3534 774 3608 quod
786 3533 949 3591 territorium
962 3550 1009 3591 seu
1024 3533 1199 3590 tenimentum
1210 3539 1341 3590 terrarum
1355 3535 1426 3608 qnod
1437 3537 1545 3596 illustris
1555 3539 1641 3596 domi-

235 3653 249 3688 »
264 3649 316 3692 nus
336 3635 480 3708 imperator
499 3633 649 3692 Fridericus
661 3633 721 3690 dive
735 3632 876 3703 memorie,
893 3647 1009 3705 proavus
1020 3637 1122 3703 noster,
1137 3638 1250 3705 tempore
1263 3647 1331 3688 noue
1343 3635 1540 3690 constitutionis
1553 3641 1581 3691 et
1594 3653 1642 3709 pro

234 3731 421 3790 »liberatione
432 3737 503 3788 terre
514 3731 648 3804 Auguste,
664 3731 698 3787 de
717 3729 842 3788 manibus
863 3729 962 3785 civium
980 3729 1163 3801 predictorum
1183 3729 1299 3786 civitatis
1319 3729 1404 3803 ipsius
1427 3729 1639 3808 [Syracusarum]

234 3847 249 3883 e
263 3829 364 3890 ademit
376 3846 408 3888 ac
419 3829 553 3888 territorio
566 3829 636 3888 dicte
648 3834 718 3886 terre
726 3829 846 3900 Auguste
857 3827 989 3897 attribuit,
999 3827 1163 3884 subducatur
1176 3833 1204 3884 et
1214 3828 1346 3884 eximetur
1357 3827 1390 3885 de
1403 3829 1497 3886 codem
1512 3831 1641 3890 territorio

234 3947 249 3982 ι
264 3933 292 3985 et
305 3927 470 4002 pertinentiis
481 3926 610 4000 Auguste,
624 3932 652 3984 et
666 3926 695 3982 iu
706 3924 838 3982 ternmrio
852 3930 880 3981 at
892 3925 1060 3998 pertinentiis
1071 3925 1141 3982 dicte
1152 3924 1267 3982 civitatis
1279 3925 1470 4000 Syracusarum
1484 3927 1640 3986 restituatur

235 4044 248 4078 u
262 4031 290 4082 et
302 4025 451 4100 applicetur
465 4025 608 4083 omnino.»

268 4123 306 4195 (i)
323 4123 390 4180 Cum
402 4121 564 4194 cardinales,
580 4125 700 4194 tempore
719 4120 793 4195 pacis
807 4119 878 4194 apud
895 4121 1024 4179 Sanctum
1036 4120 1201 4178 Germanum
1217 4120 1371 4178 conciliatae
1383 4121 1526 4179 Gaietanoe
1540 4123 1573 4180 ad
1587 4123 1639 4180 im·

233 4220 365 4295 peratorie
378 4227 440 4278 rota
461 4219 569 4278 flectere
588 4219 772 4293 nequivissent
785 4218 827 4291 (ci.
842 4219 917 4275 chc.
931 4233 968 4274 ne
983 4217 1011 4274 S.
1033 4216 1139 4289 Genu,
1152 4219 1186 4274 ad
1200 4235 1262 4275 ann.
1277 4223 1357 4290 4230,
1372 4235 1464 4277 mense
1481 4221 1577 4294 junio),
1597 4239 1642 4282 res

231 4333 320 4391 aspre
332 4317 366 4376 ad
379 4333 501 4376 mensem
514 4322 657 4390 augustum
675 4317 738 4374 anni
753 4319 822 4376 taes
837 4315 966 4391 preducta
979 4315 1038 4373 tuit.
1048 4316 1122 4373 Tune
1135 4317 1275 4390 temporis,
1290 4323 1321 4373 ut
1332 4317 1403 4373 idem
1417 4317 1514 4390 refert,
1530 4320 1644 4378 Bartho-

233 4413 354 4474 lomaeus
366 4416 400 4474 de
413 4416 443 4474 S.
457 4415 602 4486 Germam,
614 4415 715 4472 domini
729 4429 815 4489 papae
828 4413 995 4488 capellanus,
1010 4429 1081 4488 papa
1094 4415 1237 4472 mandante
1250 4415 1297 4472 ivit
1308 4415 1430 4473 Gaietam
1442 4431 1492 4489 pro
1505 4419 1641 4490 composi-

232 4513 306 4570 tione
327 4513 395 4571 iuter
412 4513 601 4588 imperatorem
615 4517 643 4570 et
655 4512 800 4569 Gaietanos
817 4511 953 4583 iacienda,
968 4518 998 4568 ut
1012 4513 1129 4569 redirent
1147 4514 1181 4570 ad
1205 4513 1359 4571 fidelitatem
1379 4513 1472 4588 ipsine.
1483 4513 1559 4584 Quod
1580 4531 1641 4574 cum

233 4609 322 4670 iacere
332 4625 388 4669 non
400 4617 505 4685 posset,
518 4611 591 4686 apud
604 4611 734 4670 &netum
749 4609 891 4668 maenium
910 4610 1022 4666 secessit
1042 4616 1070 4667 et
1083 4609 1122 4666 ibi
1135 4627 1221 4684 usque
1234 4611 1268 4669 ad
1282 4611 1437 4669 mandatum
1457 4629 1544 4686 papae
1563 4614 1643 4688 elegit

234 4707 323 4767 iacere
346 4709 500 4770 etadouem.
528 4711 642 4768 Mmum
664 4709 702 4768 ita
726 4709 813 4784 pergit
830 4707 901 4766 idem
918 4707 1063 4766 iiiccardus
1078 4725 1087 4764 ε
1102 4729 1116 4764 a
1130 4709 1223 4767 Mense
1240 4711 1356 4769 octobris
1368 4710 1492 4785 iegtuius
1503 4712 1644 4773 Verrucius
