4372 5918
823 606 949 668 bunut
972 605 1157 668 SICILIAE.

690 905 890 978 TITULUS
914 906 1062 981 XLVII.
1089 909 1155 978 NH
1181 899 1284 1000 (58).

389 1047 442 1152 Ite¹
454 1083 614 1156 semoto
630 1085 876 1160 indemnitatem
893 1088 1084 1176 comitibus,
1102 1084 1274 1158 baronibus
1295 1093 1325 1154 et
1346 1082 1503 1154 militibus
1525 1080 1538 1176 (
1560 1080 1588 1178 ).

831 1287 922 1338 tortu
947 1287 1145 1338 subustus.

335 1438 377 1508 Ut
401 1439 573 1515 universis
597 1452 630 1516 el
652 1443 799 1538 singulis
823 1443 920 1538 regni
945 1443 1051 1516 nostri
1072 1441 1247 1515 nobilibus
1270 1437 1380 1514 honor
1401 1438 1539 1513 debitus
1563 1439 1695 1536 integre

292 1575 523 1656 conservetur,
554 1567 759 1659 comitibus,
789 1568 978 1642 baronibus
1007 1590 1049 1642 ae
1083 1567 1205 1640 ceteris
1229 1563 1434 1637 militaribus
1461 1565 1546 1636 viris
1574 1585 1693 1638 eornm

290 1683 415 1775 judicIa
434 1689 502 1761 sibi
521 1690 670 1764 invicem
695 1713 931 1785 reservamus3
950 1693 1112 1766 videlicet
1133 1701 1172 1763 ut
1189 1687 1333 1786 predicti
1350 1688 1572 1762 criminaliter
1590 1712 1693 1764 aceu-

295 1809 352 1880 sati
369 1811 423 1884 vel
446 1813 549 1886 etiam
573 1817 733 1890 conventi
760 1817 908 1890 civiliter
932 1817 1070 1890 nonnisi
1098 1837 1159 1912 per
1186 1813 1326 1888 comites
1350 1821 1385 1886 et
1410 1813 1555 1886 minues
1579 1823 1614 1886 et
1637 1836 1697 1888 eos

296 1937 349 2028 qui
366 1958 387 2009 a
403 1937 504 2012 nobis
520 1949 652 2014 tantum
664 1940 769 2016 leuda
785 1943 946 2038 incapite
962 1949 1091 2034 tenent,
1109 1963 1179 2013 non
1192 1939 1253 2034 qui
1268 1939 1449 2012 comitibus
1462 1948 1496 2012 et
1509 1938 1698 2012 baronibus

298 2059 365 2132 aliis
389 2073 583 2158 teneantur,
605 2063 803 2140 definitivas
821 2076 855 2140 et
870 2065 1141 2140 interlocutorias
1165 2063 1369 2156 sententies,
1389 2063 1492 2138 etium
1511 2085 1580 2158 qne
1597 2063 1699 2160 prin-

300 2183 391 2280 cipali
420 2189 560 2282 negotio
585 2190 814 2286 prejudicium
840 2191 972 2286 possint
994 2189 1127 2277 afferre,
1145 2189 1312 2284 recipiant
1331 2210 1411 2260 cum
1435 2187 1622 2284 proborum
1645 2189 1699 2262 vi·

301 2330 405 2382 rorum
419 2311 553 2405 judicio
568 2313 613 2410 (b)
628 2323 663 2388 et
680 2315 823 2389 aliorum
843 2315 1012 2388 nobilium
1031 2313 1174 2387 consilio
1194 2311 1416 2410 proferendas
1432 2321 1467 2386 et
1484 2334 1544 2408 per
1560 2313 1700 2387 eosdem

303 2436 433 2508 comites
452 2448 487 2509 et
512 2439 678 2532 barones,
700 2439 874 2514 interdum
893 2440 996 2514 etiam
1023 2439 1068 2514 de
1093 2437 1331 2512 commissione
1349 2437 1503 2534 ipsorum
1526 2459 1590 2534 per
1607 2438 1703 2511 curie

304 2567 406 2634 nostre
425 2559 563 2654 judiees
580 2562 803 2640 decidendas.
824 2565 866 2638 Et
889 2587 1100 2660 quamquam
1121 2585 1240 2636 omnes
1259 2561 1301 2658 (c)
1319 2561 1507 2658 aliquando
1523 2563 1703 2636 examina·

305 2683 376 2756 noni
397 2685 503 2760 tutius
526 2687 654 2782 negotii
677 2710 745 2762 nnn
773 2689 946 2782 intersint3
974 2689 1130 2766 auditam
1155 2699 1268 2760 tamen
1293 2708 1433 2760 causam
1454 2697 1489 2760 et
1511 2687 1611 2784 plene
1633 2687 1706 2762 dis-

305 2829 430 2883 cussam
455 2812 629 2904 justitiarii
658 2823 693 2887 et
715 2813 853 2906 judices
879 2815 1055 2890 nobilibus
1076 2813 1137 2910 qui
1164 2811 1368 2886 sententiam
1395 2811 1571 2886 debebunt
1597 2813 1702 2901 lerre,

304 2933 446 3007 seriatim
471 2937 675 3032 enuncient,
705 2947 744 3011 ut
773 2940 823 3012 sic
851 2941 902 3038 (d)
925 2939 1087 3015 antedicti
1114 2937 1256 3011 comites
1285 2944 1320 3009 et
1346 2937 1492 3010 barones
1513 2935 1704 3010 secundum

301 3059 551 3135 constitutiones
568 3083 684 3136 sacras
701 3072 835 3138 nostras
858 3065 977 3136 autin
1002 3063 1139 3137 delectu
1163 3064 1316 3158 ipsarum
1341 3059 1535 3134 secundum
1557 3082 1705 3134 consue·

302 3181 434 3258 tudines
450 3187 548 3281 regni
563 3187 771 3284 approbatas
788 3199 822 3264 et
840 3188 982 3264 demum
1002 3189 1192 3262 emendum
1209 3189 1286 3280 jura
1302 3185 1432 3282 quibus
1448 3185 1708 3258 constitutiones

305 3308 576 3398 irredecessorum
609 3321 803 3388 nostrornm
830 3324 865 3388 et
891 3323 1004 3388 nostre
1034 3335 1103 3388 non
1130 3313 1292 3400 obviant,
1320 3333 1362 3385 ae
1391 3309 1542 3405 deanne
1570 3319 1708 3407 recepto

305 3452 461 3530 responso
485 3435 699 3512 celsitudinis
718 3447 832 3512 nostre
854 3439 884 3514 si
902 3461 1007 3514 cause
1033 3438 1192 3513 dubietas
1214 3439 1280 3512 boc
1302 3437 1466 3532 requirat,
1487 3456 1627 3510 causum
1649 3459 1710 3510 se-

310 3557 454 3632 cundum
479 3563 588 3636 Deum
604 3572 638 3636 et
652 3563 820 3657 justitiam
838 3565 1086 3638 sententialiter
1102 3565 1284 3636 terminare
1302 3569 1496 3659 procurent.
1517 3558 1710 3655 Aquornm

310 3685 479 3758 sententiis
509 3685 539 3758 si
569 3687 749 3783 contigerit
775 3690 822 3764 ad
850 3689 1062 3764 audientiam
1090 3689 1308 3785 superiorum
1334 3686 1494 3780 judicum
1521 3685 1578 3760 vel
1605 3686 1712 3760 nostri

310 3807 460 3881 culminis
478 3805 673 3906 provocari,
693 3813 935 3910 appellationis
950 3814 1063 3908 judex
1080 3813 1275 3888 ordinarius
1297 3811 1354 3886 vel
1376 3811 1555 3906 delegatus
1573 3833 1594 3885 a
1613 3811 1713 3885 nobis

308 3931 359 4024 qui
378 3955 494 4008 cemes
512 3935 668 4012 similiter
692 3939 737 4011 sit
754 3949 815 4013 ant
830 3940 929 4031 baro,
947 3939 993 4014 de
1008 3939 1154 4013 aliorum
1173 3941 1334 4014 comitum
1354 3947 1390 4010 et
1406 3937 1576 4012 baronum
1595 3961 1637 4013 ac
1650 3937 1714 4032 ju-

310 4053 416 4130 dicum
449 4060 504 4152 [et
527 4061 714 4156 proborum
746 4064 922 4156 virorum]
948 4067 1107 4156 consilio,
1128 4064 1388 4162 [appellationis
1419 4067 1564 4154 musas]
1593 4063 1714 4138 honori

345 4229 385 4310 (a)
408 4233 444 4294 In
457 4233 522 4296 eod.
545 4251 651 4314 gruem
663 4235 758 4300 Paris.
775 4239 840 4301 :Dc
852 4241 923 4321 soro
935 4243 1070 4304 mmuum
1083 4248 1112 4304 ct
1124 4237 1274 4303 bemaum.
1290 4243 1325 4303 In
1338 4241 1439 4304 ecdlce
1451 4239 1541 4303 Berb.
1554 4258 1564 4301 r
1579 4237 1648 4323 Περὶ
1661 4241 1715 4301 τῶν

311 4337 463 4420 imiimi
476 4342 696 4427 προσφερομένων
710 4343 780 4406 κατὰ
794 4345 919 4426 soporinus
933 4348 979 4410 καὶ
995 4347 1154 4436 βαρομνίωνς
1170 4351 1288 4410 rcellus.

348 4444 387 4524 (b)
409 4449 445 4508 ¹¹¹
457 4449 524 4512 ⁰⁰st·
540 4459 618 4514 ⁴6²⁵
625 4451 779 4534 judicum,
794 4456 875 4534 qnod
888 4459 1008 4535 propius
1027 4473 1130 4537 graeco
1143 4457 1266 4518 aceedit.

347 4551 384 4632 (c)
411 4553 525 4618 Ibtdem
547 4565 578 4619 et
599 4561 631 4620 ln
657 4575 762 4640 graeco
790 4580 894 4626 omues.
919 4563 1006 4628 Unde
1032 4565 1214 4626 correximus
1240 4563 1368 4641 comiter,
1393 4564 1475 4644 quod
1497 4565 1596 4628 mucul
1619 4567 1717 4626 mtnus

311 4661 455 4722 couventt.

350 4763 392 4847 (d)
413 4771 472 4850 Ap·
485 4771 610 4836 enum
623 4775 708 4840 riost.
723 4777 833 4842 Graece
846 4785 946 4842 umen
959 4776 1056 4856 οὕτως,
1071 4785 1158 4841 recte.
