4372 5918
1037 561 1389 626 contsrtrurtouss

914 864 1114 938 rrrunus
1148 865 1294 938 cxxx.
1328 867 1387 938 ΞΓ
1412 863 1517 964 (aa).

945 1043 992 1114 De
1007 1044 1239 1118 instruebatis
1256 1044 1477 1140 conficiendo.

1050 1243 1140 1293 insu
1172 1245 1371 1296 nucusrus.

556 1398 847 1474 Consuetudinem
865 1419 971 1494 qnam
988 1398 1074 1472 olim¹
1087 1399 1123 1472 in
1147 1400 1321 1495 aliquibus
1337 1402 1437 1494 regni
1454 1401 1610 1497 partibus
1630 1399 1833 1475 audivimus
1848 1401 1919 1474 cb-

506 1523 626 1616 tinere,
649 1523 802 1598 dilucida
820 1523 1061 1598 constitutione
1079 1533 1270 1617 cassantes,
1292 1523 1513 1598 decernimus
1534 1527 1761 1602 instrumente
1780 1526 1918 1624 publica

506 1659 542 1721 et
557 1650 727 1745 quaslibet
742 1650 917 1724 cantiones
940 1669 1002 1746 per
1024 1649 1246 1724 litteraturam
1268 1671 1486 1725 communem
1511 1661 1546 1726 et
1568 1652 1743 1748 legibilem
1760 1671 1822 1747 per
1841 1660 1919 1724 sta-

506 1783 599 1846 tutos
617 1796 638 1847 a
653 1774 753 1848 nobis
768 1773 918 1862 notarios
935 1773 1038 1846 scribi
1061 1774 1201 1867 debere,
1221 1775 1398 1849 scribendi
1414 1777 1520 1852 modo
1535 1777 1597 1872 qui
1617 1777 1652 1850 in
1670 1776 1810 1851 civitate
1825 1777 1918 1850 Nea-

507 1897 612 1992 polis,
634 1897 766 1970 dncatu
788 1897 934 1971 Amallie
954 1919 996 1970 ac
1018 1899 1173 1970 Surrenti
1193 1903 1316 1994 [atque
1339 1922 1538 1996 percorum
1564 1901 1803 1998 pertinentias]
1831 1900 1918 1974 hac·
2034 1944 2037 1948 -

508 2031 609 2094 tenus
632 2022 834 2096 servabatur
864 2022 1005 2096 omnino
1032 2023 1260 2120 subintuli).
1291 2025 1459 2098 Volumus
1485 2026 1587 2100 etiam
1616 2036 1650 2098 et
1676 2027 1851 2100 sancimus
1879 2035 1918 2097 nt

507 2146 661 2242 predicta
686 2147 911 2220 instrumenta
933 2148 1072 2243 publica
1096 2159 1131 2222 et
1152 2149 1219 2222 alie
1245 2149 1373 2223 similes
1400 2151 1577 2224 cautiones
1608 2151 1742 2226 nonnisi
1769 2151 1807 2224 in
1836 2172 1918 2246 per-

844 2357 1490 2370 -ι--ιυ-ηι--ι-ιιι--ι-ο--η--ι-,κμοα
1500 2359 1838 2372 -η--οσα-Μ-ιο----ιο-
1855 2363 1864 2370 =

508 2493 522 2527 ι
539 2480 608 2532 uam
628 2475 813 2534 excellentiam
839 2477 969 2534 ordinato.
985 2477 1129 2534 »Tertium
1148 2477 1225 2536 adest
1240 2479 1267 2536 in
1280 2479 1347 2538 bibl.
1361 2479 1430 2539 llus.
1446 2479 1577 2552 britann,
1593 2481 1653 2539 cod.
1666 2481 1790 2556 vespas,
1806 2482 1851 2540 tol.
1866 2484 1913 2538 444

507 2577 689 2646 recto-verso,
702 2580 733 2630 ut
745 2575 865 2648 sequitur
879 2593 886 2630 z
901 2575 1067 2646 oUniversis,
1082 2582 1134 2632 etc.
1146 2575 1198 2633 Per
1212 2593 1324 2650 presens
1335 2578 1464 2652 scriptum
1476 2584 1571 2637 notum
1583 2577 1640 2636 lieri
1651 2579 1775 2638 volumus
1787 2579 1918 2638 universis

510 2689 524 2722 n
539 2669 644 2744 imperii
657 2673 741 2729 nostri
753 2671 876 2730 fidelibus
887 2677 942 2729 tam
954 2673 1123 2746 presentibus
1137 2689 1219 2746 qnam
1234 2672 1331 2732 futuris
1353 2676 1424 2748 quod
1443 2691 1493 2734 nos
1510 2676 1677 2736 confidentes
1690 2677 1725 2734 de
1737 2677 1878 2752 prudentis
1890 2685 1918 2735 et

508 2767 663 2826 »fidelitate
677 2770 708 2827 P.
723 2767 769 2827 lilii
789 2771 819 2828 C.
833 2769 920 2828 fidelis
935 2771 1020 2828 nostri
1039 2771 1073 2829 de
1094 2771 1202 2830 civitate
1223 2771 1346 2844 Clusina,
1363 2779 1472 2847 recepto
1493 2773 1529 2833 ab
1551 2789 1584 2833 ec
1605 2775 1683 2849 juxta
1699 2775 1917 2834 consuetudinem

509 2884 522 2919 u
538 2865 675 2926 fidelitatis
687 2873 715 2926 et
725 2867 804 2927 oliicii
813 2869 1125 2942 juramento,statuimus
1137 2885 1200 2928 eum
1208 2870 1325 2944 iudicem
1337 2871 1503 2929 ordinarium
1515 2873 1543 2929 in
1555 2871 1668 2947 imperio
1680 2879 1771 2932 nostro
1781 2879 1813 2930 ut
1821 2873 1917 2932 amodo

509 2983 522 3017 r
537 2965 637 3039 ubique
648 2983 698 3041 per
709 2967 852 3042 imperium
869 2968 960 3040 liceat,
971 2975 1036 3037 ete,
1052 2971 1084 3026 ia
1098 2967 1552 3044 colitosormo.n1leorvlinatione
1568 2979 1659 3030 antem
1670 2973 1834 3030 notariorum
1851 2972 1918 3045 legi·

508 3068 553 3120 tur
565 3065 636 3138 apud
646 3067 763 3124 Persou
776 3083 813 3124 ns
825 3067 905 3140 Vra,
918 3069 1020 3142 Epist,
1035 3065 1081 3124 lib.
1096 3067 1149 3138 Vl,
1164 3083 1224 3142 cap.
1240 3067 1345 3124 XXXII
1360 3085 1367 3122 :
1381 3067 1504 3125 «Notum
1521 3057 1634 3126 laeir'ncs
1649 3069 1815 3128 universitati
1831 3075 1918 3129 vestre

508 3163 611 3235 equod
624 3165 655 3220 T.
669 3165 863 3236 Taurinicnsis,
886 3165 1191 3238 fidelisnostsr,1‘urta
1218 3179 1356 3222 sacrarum
1378 3165 1599 3223 constitutionum
1622 3173 1774 3224 nostrarum
1799 3173 1917 3225 tenorem

510 3277 523 3311 ι
539 3259 718 3334 examinatus,
733 3261 857 3320 inventus
870 3263 971 3332 fidelis,
984 3264 1057 3322 etde
1070 3277 1168 3338 genere
1182 3261 1299 3320 fidelium
1311 3269 1400 3332 ortus,
1415 3269 1443 3320 et
1455 3263 1591 3321 sufficiens
1600 3264 1634 3322 ad
1644 3265 1792 3323 notariatus
1804 3265 1917 3324 officium

510 3375 524 3408 n
540 3359 734 3432 exercendum,
749 3367 791 3418 est
802 3377 851 3436 per
862 3367 981 3420 noscam
993 3363 1094 3420 curiam
1112 3361 1286 3436 approbatus.
1300 3361 1414 3435 Propter
1427 3361 1499 3434 quod
1511 3361 1545 3420 de
1560 3362 1646 3437 ipsius
1656 3363 1798 3438 prudentia
1810 3369 1839 3422 et
1849 3365 1919 3422 litle-

509 3453 613 3513 »litate
626 3456 735 3528 confisi,
748 3461 889 3517 statuimus
907 3475 970 3518 eum
989 3459 1126 3534 publicum
1147 3459 1281 3516 notamnm
1301 3457 1502 3515 Tauriniensem
1523 3474 1530 3511 ε
1550 3463 1581 3514 ut
1600 3459 1696 3518 amodo
1716 3459 1744 3517 in
1767 3467 1839 3519 terra
1860 3461 1919 3535 ipsa

509 3553 643 3628 »publice
655 3557 802 3614 notariatus
814 3557 929 3615 officium
947 3557 1120 3615 adbonorem
1139 3563 1168 3615 et
1181 3555 1336 3616 fidelitatem
1354 3561 1473 3613 nostram
1487 3554 1584 3613 debeat
1603 3571 1742 3629 exercere;
1756 3563 1864 3633 recepto
1881 3558 1918 3617 ab

507 3670 521 3704 r
536 3668 569 3710 ec
578 3655 730 3726 juramento
743 3653 876 3712 fidelitatis
894 3655 928 3713 de
946 3655 1032 3730 ipsius
1045 3653 1146 3730 publici
1158 3653 1304 3712 notariatus
1322 3653 1408 3712 officio
1428 3651 1543 3710 fideliter
1559 3654 1720 3712 exercendo.
1733 3654 1821 3725 Quare
1832 3655 1918 3713 fideli·

507 3768 521 3801 »
538 3751 586 3808 tati
604 3757 695 3810 vestre
706 3751 878 3824 mandamns,
891 3758 1025 3826 quatenus
1038 3751 1061 3810 si
1075 3751 1104 3809 in
1118 3757 1189 3809 terra
1207 3751 1267 3824 ipsa
1280 3765 1334 3808 non
1355 3755 1398 3806 est
1415 3749 1564 3824 completus
1583 3765 1710 3809 numerus
1729 3757 1844 3809 statutus
1864 3767 1918 3808 no-

507 3849 682 3920 »taricmm,
696 3850 795 3908 nostris
807 3850 1040 3908 constitutionibus
1062 3847 1375 3924 comprehensus,dicto
1392 3847 1424 3903 T.
1448 3846 1518 3905 fideli
1538 3853 1641 3919 nostro,
1664 3853 1791 3922 tanquam
1811 3847 1918 3922 publico

507 3947 638 4005 »notario
653 3947 774 4022 ejusdem
788 3954 859 4007 terre
876 3963 893 4004 a
915 3955 1008 4007 nostra
1028 3948 1167 4022 mnjestate
1189 3951 1298 4018 statuto,
1312 3946 1347 4004 de
1366 3944 1493 4006 omnibus
1510 3961 1563 4019 qno
1583 3945 1618 4002 ad
1637 3946 1757 4020 ejusdem
1772 3947 1918 4004 notariatus

507 4064 521 4098 c
537 4045 654 4103 officium
667 4047 813 4120 pertinent,
829 4046 864 4104 atl
877 4047 1006 4104 honorem
1020 4052 1048 4104 et
1062 4045 1214 4103 fidelitatem
1232 4050 1350 4103 nostram
1365 4043 1400 4101 de
1420 4049 1511 4102 cetero
1532 4043 1686 4101 intendatis.
1703 4062 1717 4097 r
1732 4043 1919 4119 scriptumest

386 4207 388 4212 ,
506 4143 585 4200 simili
597 4143 686 4214 modo,
694 4144 785 4202 verbis
796 4151 980 4218 competenter
993 4143 1113 4215 mutatis,
1126 4141 1279 4200 bominibus
1289 4141 1374 4201 Caroli
1387 4139 1510 4215 (Canii),
1523 4147 1554 4198 ut
1567 4147 1641 4214 patet
1652 4157 1685 4198 er
1699 4141 1794 4199 ultima
1806 4141 1918 4215 epistola

507 4241 607 4298 codicis
617 4257 699 4316 supra
710 4243 809 4300 laudati
824 4246 886 4314 455,
899 4243 989 4302 Foods
999 4242 1031 4301 S.
1044 4243 1145 4310 Gerra,
1156 4241 1184 4297 in
1196 4239 1263 4298 Bibl.
1279 4239 1365 4297 Paris.
1382 4239 1559 4310 «Fodericus,
1576 4245 1641 4310 ete,
1656 4239 1773 4311 ballivis,
1784 4237 1919 4313 jndicibus

509 4357 523 4394 s
539 4347 567 4396 et
579 4339 712 4398 universis
725 4339 878 4398 hominibus
890 4339 975 4398 Caroli
989 4339 1112 4398 fidelibus
1125 4339 1182 4398 suis
1194 4337 1308 4411 gretiam
1329 4351 1424 4407 suam,
1444 4344 1498 4395 etc.
1514 4337 1614 4396 Notum
1627 4337 1739 4395 lecimus
1751 4336 1919 4396 universitati

507 4456 522 4491 c
535 4445 625 4497 vestre
637 4438 709 4512 qnod
721 4439 758 4496 ll.
772 4437 806 4495 ds
818 4437 912 4496 Cereio
923 4437 1009 4496 fidelis
1024 4443 1126 4509 noster,
1138 4443 1204 4508 eto,
1217 4435 1357 4511 publicum
1378 4435 1513 4494 namnum
1529 4434 1623 4507 Caroli,
1634 4441 1699 4506 eto,
1714 4435 1786 4492 dicto
1797 4433 1834 4492 bl.
1848 4432 1920 4492 lideli

509 4557 522 4590 n
538 4543 629 4598 nostro
641 4544 769 4612 tanquam
781 4535 888 4612 publico
900 4537 1012 4607 notario,
1026 4541 1079 4594 etc.
1091 4534 1210 4610 (veluus
1220 4540 1251 4593 ut
1265 4535 1371 4609 cupro).
1385 4553 1399 4588 r

544 4635 580 4709 (t)
599 4635 641 4694 Ci.
661 4635 732 4710 quod
755 4649 837 4709 supra
859 4634 1010 4692 notavimus
1030 4633 1064 4691 de
1085 4632 1320 4692 constitutionibus
1346 4631 1418 4706 apud
1439 4633 1558 4707 Capuam
1583 4645 1675 4689 mense
1696 4629 1834 4689 decembri
1849 4631 1918 4688 turo

507 4733 601 4806 editis,
616 4739 637 4791 t.
651 4734 688 4806 ll,
702 4751 730 4808 p.
744 4737 789 4804 st,
800 4738 856 4790 not.
870 4737 897 4802 t,
907 4744 939 4789 n⁰
948 4735 975 4790 c.
985 4731 1035 4790 llic
1047 4731 1136 4806 agitur
1146 4731 1180 4790 de
1197 4729 1331 4790 scribendi
1343 4730 1424 4790 modo
1442 4745 1459 4787 e
1474 4729 1618 4788 curialibus
1630 4729 1738 4788 usitato.
