<?xml version="1.0" encoding="UTF-8"?>
<!DOCTYPE html PUBLIC "-//W3C//DTD XHTML 1.0 Transitional//EN"
    "http://www.w3.org/TR/xhtml1/DTD/xhtml1-transitional.dtd">
<html xmlns="http://www.w3.org/1999/xhtml" xml:lang="en" lang="en">
 <head>
  <title>
</title>
<meta http-equiv="Content-Type" content="text/html;charset=utf-8" />
  <meta name='ocr-system' content='tesseract 3.04.00' />
  <meta name='ocr-capabilities' content='ocr_page ocr_carea ocr_par ocr_line ocrx_word'/>
</head>
<body>
  <div class='ocr_page' id='page_1' title='image "./historiadiploma07fredgoog_0204.png"; bbox 0 0 4298 5906; ppageno 0'>
   <div class='ocr_carea' id='block_1_1' title="bbox 466 521 1428 590">
    <p class='ocr_par' dir='ltr' id='par_1_1' title="bbox 466 521 1428 590">
     <span class='ocr_line' id='line_1_1' title="bbox 466 521 1428 590; baseline -0.006 -2"><span class='ocrx_word' id='word_1_1' title='bbox 466 526 524 588; x_wconf 80' lang='lat' dir='ltr'><strong>teo</strong></span> <span class='ocrx_word' id='word_1_2' title='bbox 907 522 1045 584; x_wconf 78' lang='lat' dir='ltr'><strong>Novae</strong></span> <span class='ocrx_word' id='word_1_3' title='bbox 1073 521 1428 590; x_wconf 68' lang='lat' dir='ltr'><strong>consultationes</strong></span> 
     </span>
    </p>
   </div>
   <div class='ocr_carea' id='block_1_2' title="bbox 462 654 1939 3004">
    <p class='ocr_par' dir='ltr' id='par_1_2' title="bbox 462 654 1939 3004">
     <span class='ocr_line' id='line_1_2' title="bbox 464 654 1876 759; baseline -0.003 -27"><span class='ocrx_word' id='word_1_4' title='bbox 464 660 655 759; x_wconf 86' lang='lat' dir='ltr'><strong>provinciis</strong></span> <span class='ocrx_word' id='word_1_5' title='bbox 678 681 765 756; x_wconf 86' lang='lat' dir='ltr'><strong>quas</strong></span> <span class='ocrx_word' id='word_1_6' title='bbox 788 659 855 732; x_wconf 89' lang='lat' dir='ltr'><strong>sibi</strong></span> <span class='ocrx_word' id='word_1_7' title='bbox 883 657 1115 734; x_wconf 85' lang='lat' dir='ltr'><strong>munificentia</strong></span> <span class='ocrx_word' id='word_1_8' title='bbox 1141 669 1257 733; x_wconf 89' lang='lat' dir='ltr'><strong>nostra</strong></span> <span class='ocrx_word' id='word_1_9' title='bbox 1286 656 1478 732; x_wconf 88' lang='lat' dir='ltr'><strong>decreverit</strong></span> <span class='ocrx_word' id='word_1_10' title='bbox 1499 654 1658 746; x_wconf 86' lang='lat' dir='ltr'><strong>oriundi,</strong></span> <span class='ocrx_word' id='word_1_11' title='bbox 1681 677 1745 728; x_wconf 90' lang='lat' dir='ltr'><strong>nec</strong></span> <span class='ocrx_word' id='word_1_12' title='bbox 1769 655 1807 726; x_wconf 93' lang='lat' dir='ltr'><strong>in</strong></span> <span class='ocrx_word' id='word_1_13' title='bbox 1824 655 1876 728; x_wconf 88' lang='lat' dir='ltr'><strong>eis</strong></span> 
     </span>
     <span class='ocr_line' id='line_1_3' title="bbox 464 781 1877 877; baseline -0.003 -21"><span class='ocrx_word' id='word_1_14' title='bbox 464 785 615 858; x_wconf 88' lang='lat' dir='ltr'><strong>babeant</strong></span> <span class='ocrx_word' id='word_1_15' title='bbox 640 783 844 874; x_wconf 89' lang='lat' dir='ltr'><strong>incolatum,</strong></span> <span class='ocrx_word' id='word_1_16' title='bbox 863 803 929 856; x_wconf 91' lang='lat' dir='ltr'><strong>nec</strong></span> <span class='ocrx_word' id='word_1_17' title='bbox 952 783 1115 875; x_wconf 89' lang='lat' dir='ltr'><strong>majorem</strong></span> <span class='ocrx_word' id='word_1_18' title='bbox 1140 785 1354 858; x_wconf 77' lang='lat' dir='ltr'><strong>fortunarum</strong></span> <span class='ocrx_word' id='word_1_19' title='bbox 1379 803 1520 854; x_wconf 90' lang='lat' dir='ltr'><strong>suarum</strong></span> <span class='ocrx_word' id='word_1_20' title='bbox 1542 789 1673 877; x_wconf 88' lang='lat' dir='ltr'><strong>partem</strong></span> <span class='ocrx_word' id='word_1_21' title='bbox 1698 781 1877 854; x_wconf 75' lang='lat' dir='ltr'><strong>statuerint</strong></span> 
     </span>
     <span class='ocr_line' id='line_1_4' title="bbox 466 905 1877 1004; baseline -0.004 -22"><span class='ocrx_word' id='word_1_22' title='bbox 466 918 505 982; x_wconf 92' lang='lat' dir='ltr'><strong>nt</strong></span> <span class='ocrx_word' id='word_1_23' title='bbox 522 910 647 982; x_wconf 87' lang='lat' dir='ltr'><strong>assolet</strong></span> <span class='ocrx_word' id='word_1_24' title='bbox 661 909 697 979; x_wconf 92' lang='lat' dir='ltr'><strong>iu</strong></span> <span class='ocrx_word' id='word_1_25' title='bbox 716 907 861 998; x_wconf 88' lang='lat' dir='ltr'><strong>eisdem,</strong></span> <span class='ocrx_word' id='word_1_26' title='bbox 880 929 946 980; x_wconf 89' lang='lat' dir='ltr'><strong>uec</strong></span> <span class='ocrx_word' id='word_1_27' title='bbox 963 905 1094 980; x_wconf 79' lang='lat' dir='ltr'>ibidem</span> <span class='ocrx_word' id='word_1_28' title='bbox 1107 929 1169 1004; x_wconf 92' lang='lat' dir='ltr'><strong>per</strong></span> <span class='ocrx_word' id='word_1_29' title='bbox 1186 927 1225 982; x_wconf 90' lang='lat' dir='ltr'><strong>se</strong></span> <span class='ocrx_word' id='word_1_30' title='bbox 1240 916 1301 982; x_wconf 86' lang='lat' dir='ltr'><strong>aut</strong></span> <span class='ocrx_word' id='word_1_31' title='bbox 1317 906 1407 982; x_wconf 87' lang='lat' dir='ltr'><strong>lilios</strong></span> <span class='ocrx_word' id='word_1_32' title='bbox 1420 927 1515 999; x_wconf 89' lang='lat' dir='ltr'><strong>suos,</strong></span> <span class='ocrx_word' id='word_1_33' title='bbox 1533 905 1711 1002; x_wconf 86' lang='lat' dir='ltr'><strong>presertim</strong></span> <span class='ocrx_word' id='word_1_34' title='bbox 1727 905 1877 1001; x_wconf 86' lang='lat' dir='ltr'><strong>acceptis</strong></span> 
     </span>
     <span class='ocr_line' id='line_1_5' title="bbox 466 1027 1877 1130; baseline -0.005 -24"><span class='ocrx_word' id='word_1_35' title='bbox 466 1035 503 1106; x_wconf 90' lang='lat' dir='ltr'><strong>in</strong></span> <span class='ocrx_word' id='word_1_36' title='bbox 522 1033 637 1107; x_wconf 90' lang='lat' dir='ltr'><strong>dotem</strong></span> <span class='ocrx_word' id='word_1_37' title='bbox 655 1033 759 1106; x_wconf 91' lang='lat' dir='ltr'><strong>rebus</strong></span> <span class='ocrx_word' id='word_1_38' title='bbox 773 1031 1020 1114; x_wconf 81' lang='lat' dir='ltr'><strong>immobilibus.</strong></span> <span class='ocrx_word' id='word_1_39' title='bbox 1040 1032 1272 1106; x_wconf 68' lang='lat' dir='ltr'><strong>contraxerim</strong></span> <span class='ocrx_word' id='word_1_40' title='bbox 1286 1032 1490 1130; x_wconf 74' lang='lat' dir='ltr'><strong>parentelas.</strong></span> <span class='ocrx_word' id='word_1_41' title='bbox 1510 1027 1710 1104; x_wconf 71' lang='lat' dir='ltr'><strong>assessores</strong></span> <span class='ocrx_word' id='word_1_42' title='bbox 1724 1029 1828 1102; x_wconf 87' lang='lat' dir='ltr'><strong>etiam</strong></span> <span class='ocrx_word' id='word_1_43' title='bbox 1842 1037 1877 1102; x_wconf 90' lang='lat' dir='ltr'><strong>et</strong></span> 
     </span>
     <span class='ocr_line' id='line_1_6' title="bbox 464 1151 1876 1252; baseline -0.004 -22"><span class='ocrx_word' id='word_1_44' title='bbox 464 1167 617 1231; x_wconf 89' lang='lat' dir='ltr'><strong>aetorum</strong></span> <span class='ocrx_word' id='word_1_45' title='bbox 636 1157 787 1230; x_wconf 87' lang='lat' dir='ltr'><strong>notarios</strong></span> <span class='ocrx_word' id='word_1_46' title='bbox 806 1155 851 1228; x_wconf 89' lang='lat' dir='ltr'><strong>de</strong></span> <span class='ocrx_word' id='word_1_47' title='bbox 868 1153 1015 1228; x_wconf 85' lang='lat' dir='ltr'><strong>decretis</strong></span> <span class='ocrx_word' id='word_1_48' title='bbox 1034 1155 1102 1228; x_wconf 91' lang='lat' dir='ltr'><strong>sibi</strong></span> <span class='ocrx_word' id='word_1_49' title='bbox 1121 1156 1309 1252; x_wconf 86' lang='lat' dir='ltr'><strong>provinciis</strong></span> <span class='ocrx_word' id='word_1_50' title='bbox 1329 1154 1494 1230; x_wconf 88' lang='lat' dir='ltr'><strong>oriundos</strong></span> <span class='ocrx_word' id='word_1_51' title='bbox 1510 1155 1568 1228; x_wconf 87' lang='lat' dir='ltr'><strong>vel</strong></span> <span class='ocrx_word' id='word_1_52' title='bbox 1589 1153 1704 1249; x_wconf 87' lang='lat' dir='ltr'><strong>quiin</strong></span> <span class='ocrx_word' id='word_1_53' title='bbox 1722 1151 1876 1249; x_wconf 89' lang='lat' dir='ltr'><strong>predicta</strong></span> 
     </span>
     <span class='ocr_line' id='line_1_7' title="bbox 465 1276 1873 1379; baseline -0.003 -25"><span class='ocrx_word' id='word_1_54' title='bbox 465 1302 581 1372; x_wconf 86' lang='lat' dir='ltr'><strong>causa</strong></span> <span class='ocrx_word' id='word_1_55' title='bbox 594 1279 739 1370; x_wconf 87' lang='lat' dir='ltr'><strong>fuerint,</strong></span> <span class='ocrx_word' id='word_1_56' title='bbox 766 1278 898 1352; x_wconf 89' lang='lat' dir='ltr'><strong>eisdem</strong></span> <span class='ocrx_word' id='word_1_57' title='bbox 923 1279 1146 1379; x_wconf 88' lang='lat' dir='ltr'><strong>saluberrima</strong></span> <span class='ocrx_word' id='word_1_58' title='bbox 1174 1279 1371 1376; x_wconf 85' lang='lat' dir='ltr'><strong>provisione</strong></span> <span class='ocrx_word' id='word_1_59' title='bbox 1393 1297 1574 1374; x_wconf 83' lang='lat' dir='ltr'><strong>negamus.</strong></span> <span class='ocrx_word' id='word_1_60' title='bbox 1601 1278 1644 1350; x_wconf 83' lang='lat' dir='ltr'><strong>Et</strong></span> <span class='ocrx_word' id='word_1_61' title='bbox 1672 1276 1760 1350; x_wconf 93' lang='lat' dir='ltr'><strong>illud</strong></span> <span class='ocrx_word' id='word_1_62' title='bbox 1784 1276 1873 1370; x_wconf 89' lang='lat' dir='ltr'><strong>adji-</strong></span> 
     </span>
     <span class='ocr_line' id='line_1_8' title="bbox 465 1400 1874 1500; baseline -0.003 -22"><span class='ocrx_word' id='word_1_63' title='bbox 465 1407 576 1478; x_wconf 84' lang='lat' dir='ltr'><strong>cimus</strong></span> <span class='ocrx_word' id='word_1_64' title='bbox 597 1413 637 1476; x_wconf 94' lang='lat' dir='ltr'><strong>ut</strong></span> <span class='ocrx_word' id='word_1_65' title='bbox 658 1413 735 1500; x_wconf 89' lang='lat' dir='ltr'><strong>post</strong></span> <span class='ocrx_word' id='word_1_66' title='bbox 754 1411 969 1500; x_wconf 88' lang='lat' dir='ltr'><strong>assumptum</strong></span> <span class='ocrx_word' id='word_1_67' title='bbox 993 1404 1163 1497; x_wconf 87' lang='lat' dir='ltr'><strong>officium,</strong></span> <span class='ocrx_word' id='word_1_68' title='bbox 1184 1405 1388 1500; x_wconf 78' lang='lat' dir='ltr'><strong>originarios</strong></span> <span class='ocrx_word' id='word_1_69' title='bbox 1405 1404 1482 1478; x_wconf 87' lang='lat' dir='ltr'><strong>sive</strong></span> <span class='ocrx_word' id='word_1_70' title='bbox 1501 1401 1696 1499; x_wconf 84' lang='lat' dir='ltr'><strong>municipes</strong></span> <span class='ocrx_word' id='word_1_71' title='bbox 1711 1402 1750 1474; x_wconf 94' lang='lat' dir='ltr'><strong>in</strong></span> <span class='ocrx_word' id='word_1_72' title='bbox 1767 1400 1874 1476; x_wconf 86' lang='lat' dir='ltr'><strong>desti·</strong></span> 
     </span>
     <span class='ocr_line' id='line_1_9' title="bbox 463 1527 1875 1626; baseline -0.001 -24"><span class='ocrx_word' id='word_1_73' title='bbox 463 1531 554 1604; x_wconf 87' lang='lat' dir='ltr'><strong>natis</strong></span> <span class='ocrx_word' id='word_1_74' title='bbox 573 1529 641 1602; x_wconf 88' lang='lat' dir='ltr'><strong>sibi</strong></span> <span class='ocrx_word' id='word_1_75' title='bbox 660 1529 845 1626; x_wconf 90' lang='lat' dir='ltr'><strong>provinciis</strong></span> <span class='ocrx_word' id='word_1_76' title='bbox 864 1529 900 1600; x_wconf 91' lang='lat' dir='ltr'><strong>in</strong></span> <span class='ocrx_word' id='word_1_77' title='bbox 919 1529 1048 1603; x_wconf 81' lang='lat' dir='ltr'><strong>familia</strong></span> <span class='ocrx_word' id='word_1_78' title='bbox 1066 1552 1134 1604; x_wconf 91' lang='lat' dir='ltr'><strong>non</strong></span> <span class='ocrx_word' id='word_1_79' title='bbox 1152 1539 1344 1623; x_wconf 79' lang='lat' dir='ltr'><strong>assumant3</strong></span> <span class='ocrx_word' id='word_1_80' title='bbox 1366 1551 1431 1604; x_wconf 93' lang='lat' dir='ltr'><strong>nec</strong></span> <span class='ocrx_word' id='word_1_81' title='bbox 1447 1529 1529 1602; x_wconf 82' lang='lat' dir='ltr'><strong>aute</strong></span> <span class='ocrx_word' id='word_1_82' title='bbox 1544 1527 1781 1624; x_wconf 73' lang='lat' dir='ltr'><strong>magistratum</strong></span> <span class='ocrx_word' id='word_1_83' title='bbox 1796 1545 1875 1600; x_wconf 87' lang='lat' dir='ltr'><strong>ans·</strong></span> 
     </span>
     <span class='ocr_line' id='line_1_10' title="bbox 465 1651 1874 1750; baseline -0.001 -24"><span class='ocrx_word' id='word_1_84' title='bbox 465 1663 601 1750; x_wconf 91' lang='lat' dir='ltr'><strong>ceptum</strong></span> <span class='ocrx_word' id='word_1_85' title='bbox 620 1653 805 1748; x_wconf 86' lang='lat' dir='ltr'><strong>assumptis</strong></span> <span class='ocrx_word' id='word_1_86' title='bbox 822 1651 867 1726; x_wconf 93' lang='lat' dir='ltr'><strong>de</strong></span> <span class='ocrx_word' id='word_1_87' title='bbox 881 1653 1084 1727; x_wconf 79' lang='lat' dir='ltr'><strong>criminibus</strong></span> <span class='ocrx_word' id='word_1_88' title='bbox 1098 1663 1132 1728; x_wconf 91' lang='lat' dir='ltr'><strong>et</strong></span> <span class='ocrx_word' id='word_1_89' title='bbox 1148 1655 1287 1728; x_wconf 84' lang='lat' dir='ltr'><strong>offensis</strong></span> <span class='ocrx_word' id='word_1_90' title='bbox 1302 1663 1417 1728; x_wconf 84' lang='lat' dir='ltr'><strong>contra</strong></span> <span class='ocrx_word' id='word_1_91' title='bbox 1434 1674 1494 1728; x_wconf 90' lang='lat' dir='ltr'><strong>ece</strong></span> <span class='ocrx_word' id='word_1_92' title='bbox 1509 1661 1589 1726; x_wconf 88' lang='lat' dir='ltr'><strong>ante</strong></span> <span class='ocrx_word' id='word_1_93' title='bbox 1601 1673 1705 1726; x_wconf 86' lang='lat' dir='ltr'><strong>suum</strong></span> <span class='ocrx_word' id='word_1_94' title='bbox 1722 1651 1874 1726; x_wconf 86' lang='lat' dir='ltr'><strong>officium</strong></span> 
     </span>
     <span class='ocr_line' id='line_1_11' title="bbox 464 1775 1875 1875; baseline -0.001 -24"><span class='ocrx_word' id='word_1_95' title='bbox 464 1778 669 1875; x_wconf 88' lang='lat' dir='ltr'><strong>perpetratis</strong></span> <span class='ocrx_word' id='word_1_96' title='bbox 688 1777 857 1870; x_wconf 85' lang='lat' dir='ltr'><strong>justitiam</strong></span> <span class='ocrx_word' id='word_1_97' title='bbox 876 1777 1028 1852; x_wconf 87' lang='lat' dir='ltr'><strong>audeant</strong></span> <span class='ocrx_word' id='word_1_98' title='bbox 1051 1779 1260 1865; x_wconf 82' lang='lat' dir='ltr'><strong>ministrare;</strong></span> <span class='ocrx_word' id='word_1_99' title='bbox 1281 1801 1346 1854; x_wconf 93' lang='lat' dir='ltr'><strong>uec</strong></span> <span class='ocrx_word' id='word_1_100' title='bbox 1365 1778 1583 1854; x_wconf 86' lang='lat' dir='ltr'><strong>adversarios</strong></span> <span class='ocrx_word' id='word_1_101' title='bbox 1604 1776 1805 1851; x_wconf 90' lang='lat' dir='ltr'><strong>eorumdem</strong></span> <span class='ocrx_word' id='word_1_102' title='bbox 1828 1775 1875 1850; x_wconf 86' lang='lat' dir='ltr'><strong>ad</strong></span> 
     </span>
     <span class='ocr_line' id='line_1_12' title="bbox 464 1902 1875 2002; baseline 0.001 -28"><span class='ocrx_word' id='word_1_103' title='bbox 464 1903 640 1998; x_wconf 89' lang='lat' dir='ltr'><strong>querelam</strong></span> <span class='ocrx_word' id='word_1_104' title='bbox 657 1902 811 1999; x_wconf 91' lang='lat' dir='ltr'><strong>ipsorum</strong></span> <span class='ocrx_word' id='word_1_105' title='bbox 828 1924 942 1976; x_wconf 91' lang='lat' dir='ltr'><strong>coram</strong></span> <span class='ocrx_word' id='word_1_106' title='bbox 963 1926 1027 1978; x_wconf 87' lang='lat' dir='ltr'><strong>sua</strong></span> <span class='ocrx_word' id='word_1_107' title='bbox 1044 1905 1217 2002; x_wconf 85' lang='lat' dir='ltr'><strong>presentia</strong></span> <span class='ocrx_word' id='word_1_108' title='bbox 1236 1905 1357 1980; x_wconf 85' lang='lat' dir='ltr'><strong>venire</strong></span> <span class='ocrx_word' id='word_1_109' title='bbox 1373 1904 1598 2001; x_wconf 87' lang='lat' dir='ltr'><strong>compellaut;</strong></span> <span class='ocrx_word' id='word_1_110' title='bbox 1616 1903 1713 1977; x_wconf 89' lang='lat' dir='ltr'><strong>nullo</strong></span> <span class='ocrx_word' id='word_1_111' title='bbox 1727 1925 1789 2000; x_wconf 92' lang='lat' dir='ltr'><strong>per</strong></span> <span class='ocrx_word' id='word_1_112' title='bbox 1808 1902 1875 1976; x_wconf 91' lang='lat' dir='ltr'><strong>hcc</strong></span> 
     </span>
     <span class='ocr_line' id='line_1_13' title="bbox 465 2025 1875 2126; baseline 0 -26"><span class='ocrx_word' id='word_1_113' title='bbox 465 2025 659 2124; x_wconf 81' lang='lat' dir='ltr'><strong>prejudicio</strong></span> <span class='ocrx_word' id='word_1_114' title='bbox 685 2027 912 2101; x_wconf 83' lang='lat' dir='ltr'><strong>familiaribus</strong></span> <span class='ocrx_word' id='word_1_115' title='bbox 935 2029 1008 2102; x_wconf 89' lang='lat' dir='ltr'><strong>suis</strong></span> <span class='ocrx_word' id='word_1_116' title='bbox 1033 2031 1196 2126; x_wconf 90' lang='lat' dir='ltr'><strong>conqueri</strong></span> <span class='ocrx_word' id='word_1_117' title='bbox 1215 2031 1271 2104; x_wconf 84' lang='lat' dir='ltr'><strong>vel</strong></span> <span class='ocrx_word' id='word_1_118' title='bbox 1296 2049 1460 2104; x_wconf 88' lang='lat' dir='ltr'><strong>accusare</strong></span> <span class='ocrx_word' id='word_1_119' title='bbox 1486 2029 1683 2103; x_wconf 87' lang='lat' dir='ltr'><strong>volentibus</strong></span> <span class='ocrx_word' id='word_1_120' title='bbox 1702 2028 1736 2100; x_wconf 91' lang='lat' dir='ltr'><strong>in</strong></span> <span class='ocrx_word' id='word_1_121' title='bbox 1761 2027 1875 2100; x_wconf 87' lang='lat' dir='ltr'><strong>causis</strong></span> 
     </span>
     <span class='ocr_line' id='line_1_14' title="bbox 467 2151 1877 2250; baseline 0 -26"><span class='ocrx_word' id='word_1_122' title='bbox 467 2173 616 2247; x_wconf 85' lang='lat' dir='ltr'><strong>quarum</strong></span> <span class='ocrx_word' id='word_1_123' title='bbox 637 2151 788 2248; x_wconf 74' lang='lat' dir='ltr'><strong>cognitio</strong></span> <span class='ocrx_word' id='word_1_124' title='bbox 811 2153 961 2249; x_wconf 88' lang='lat' dir='ltr'><strong>presenti</strong></span> <span class='ocrx_word' id='word_1_125' title='bbox 979 2163 1094 2228; x_wconf 89' lang='lat' dir='ltr'><strong>nostra</strong></span> <span class='ocrx_word' id='word_1_126' title='bbox 1112 2155 1356 2229; x_wconf 89' lang='lat' dir='ltr'><strong>constitutione</strong></span> <span class='ocrx_word' id='word_1_127' title='bbox 1370 2153 1541 2244; x_wconf 81' lang='lat' dir='ltr'><strong>differtm,</strong></span> <span class='ocrx_word' id='word_1_128' title='bbox 1561 2154 1597 2227; x_wconf 94' lang='lat' dir='ltr'><strong>iu</strong></span> <span class='ocrx_word' id='word_1_129' title='bbox 1614 2161 1789 2250; x_wconf 87' lang='lat' dir='ltr'><strong>posterum</strong></span> <span class='ocrx_word' id='word_1_130' title='bbox 1809 2171 1877 2246; x_wconf 78' lang='lat' dir='ltr'><strong>ge-</strong></span> 
     </span>
     <span class='ocr_line' id='line_1_15' title="bbox 465 2275 1874 2374; baseline 0.001 -26"><span class='ocrx_word' id='word_1_131' title='bbox 465 2275 632 2350; x_wconf 88' lang='lat' dir='ltr'><strong>nerando.</strong></span> <span class='ocrx_word' id='word_1_132' title='bbox 649 2279 699 2350; x_wconf 88' lang='lat' dir='ltr'><strong>De</strong></span> <span class='ocrx_word' id='word_1_133' title='bbox 716 2277 919 2350; x_wconf 89' lang='lat' dir='ltr'><strong>criminibus</strong></span> <span class='ocrx_word' id='word_1_134' title='bbox 934 2288 1063 2368; x_wconf 89' lang='lat' dir='ltr'><strong>autem,</strong></span> <span class='ocrx_word' id='word_1_135' title='bbox 1080 2279 1256 2354; x_wconf 86' lang='lat' dir='ltr'><strong>violentiis</strong></span> <span class='ocrx_word' id='word_1_136' title='bbox 1275 2288 1311 2352; x_wconf 90' lang='lat' dir='ltr'><strong>et</strong></span> <span class='ocrx_word' id='word_1_137' title='bbox 1326 2279 1464 2374; x_wconf 89' lang='lat' dir='ltr'><strong>injuriis</strong></span> <span class='ocrx_word' id='word_1_138' title='bbox 1481 2277 1548 2351; x_wconf 89' lang='lat' dir='ltr'><strong>illis</strong></span> <span class='ocrx_word' id='word_1_139' title='bbox 1566 2287 1644 2374; x_wconf 88' lang='lat' dir='ltr'><strong>post</strong></span> <span class='ocrx_word' id='word_1_140' title='bbox 1660 2287 1874 2374; x_wconf 87' lang='lat' dir='ltr'><strong>assumptum</strong></span> 
     </span>
     <span class='ocr_line' id='line_1_16' title="bbox 465 2401 1876 2502; baseline 0 -26"><span class='ocrx_word' id='word_1_141' title='bbox 465 2401 616 2476; x_wconf 92' lang='lat' dir='ltr'><strong>officium</strong></span> <span class='ocrx_word' id='word_1_142' title='bbox 634 2401 749 2495; x_wconf 86' lang='lat' dir='ltr'><strong>illatis,</strong></span> <span class='ocrx_word' id='word_1_143' title='bbox 769 2401 814 2475; x_wconf 93' lang='lat' dir='ltr'><strong>de</strong></span> <span class='ocrx_word' id='word_1_144' title='bbox 831 2403 960 2498; x_wconf 88' lang='lat' dir='ltr'><strong>quibus</strong></span> <span class='ocrx_word' id='word_1_145' title='bbox 975 2404 1022 2478; x_wconf 87' lang='lat' dir='ltr'><strong>ad</strong></span> <span class='ocrx_word' id='word_1_146' title='bbox 1039 2425 1099 2479; x_wconf 88' lang='lat' dir='ltr'><strong>eos</strong></span> <span class='ocrx_word' id='word_1_147' title='bbox 1112 2405 1263 2499; x_wconf 79' lang='lat' dir='ltr'><strong>cognitio</strong></span> <span class='ocrx_word' id='word_1_148' title='bbox 1283 2405 1448 2502; x_wconf 89' lang='lat' dir='ltr'><strong>pertinet,</strong></span> <span class='ocrx_word' id='word_1_149' title='bbox 1471 2405 1523 2478; x_wconf 89' lang='lat' dir='ltr'><strong>eie</strong></span> <span class='ocrx_word' id='word_1_150' title='bbox 1542 2405 1633 2478; x_wconf 87' lang='lat' dir='ltr'><strong>sicut</strong></span> <span class='ocrx_word' id='word_1_151' title='bbox 1651 2401 1812 2477; x_wconf 86' lang='lat' dir='ltr'><strong>omuibus</strong></span> <span class='ocrx_word' id='word_1_152' title='bbox 1830 2403 1876 2478; x_wconf 93' lang='lat' dir='ltr'><strong>de</strong></span> 
     </span>
     <span class='ocr_line' id='line_1_17' title="bbox 462 2524 1875 2627; baseline 0.002 -30"><span class='ocrx_word' id='word_1_153' title='bbox 462 2524 702 2618; x_wconf 86' lang='lat' dir='ltr'><strong>jurisdictione</strong></span> <span class='ocrx_word' id='word_1_154' title='bbox 725 2547 788 2600; x_wconf 90' lang='lat' dir='ltr'><strong>sua</strong></span> <span class='ocrx_word' id='word_1_155' title='bbox 806 2527 975 2622; x_wconf 89' lang='lat' dir='ltr'><strong>justitiam</strong></span> <span class='ocrx_word' id='word_1_156' title='bbox 995 2529 1186 2604; x_wconf 87' lang='lat' dir='ltr'><strong>ministrare</strong></span> <span class='ocrx_word' id='word_1_157' title='bbox 1206 2539 1402 2627; x_wconf 83' lang='lat' dir='ltr'><strong>procurent.</strong></span> <span class='ocrx_word' id='word_1_158' title='bbox 1421 2529 1556 2604; x_wconf 89' lang='lat' dir='ltr'><strong>Deinde</strong></span> <span class='ocrx_word' id='word_1_159' title='bbox 1573 2528 1777 2624; x_wconf 78' lang='lat' dir='ltr'><strong>generaliter</strong></span> <span class='ocrx_word' id='word_1_160' title='bbox 1796 2547 1875 2624; x_wconf 90' lang='lat' dir='ltr'><strong>pro·</strong></span> 
     </span>
     <span class='ocr_line' id='line_1_18' title="bbox 464 2649 1875 2752; baseline 0.003 -30"><span class='ocrx_word' id='word_1_161' title='bbox 464 2649 623 2724; x_wconf 90' lang='lat' dir='ltr'><strong>bibemus</strong></span> <span class='ocrx_word' id='word_1_162' title='bbox 639 2659 678 2725; x_wconf 95' lang='lat' dir='ltr'><strong>ut</strong></span> <span class='ocrx_word' id='word_1_163' title='bbox 691 2651 727 2723; x_wconf 90' lang='lat' dir='ltr'><strong>iu</strong></span> <span class='ocrx_word' id='word_1_164' title='bbox 745 2652 907 2726; x_wconf 85' lang='lat' dir='ltr'><strong>civilibus</strong></span> <span class='ocrx_word' id='word_1_165' title='bbox 922 2653 1049 2744; x_wconf 86' lang='lat' dir='ltr'><strong>causis,</strong></span> <span class='ocrx_word' id='word_1_166' title='bbox 1067 2662 1287 2752; x_wconf 75' lang='lat' dir='ltr'><strong>preterquam</strong></span> <span class='ocrx_word' id='word_1_167' title='bbox 1305 2655 1351 2730; x_wconf 95' lang='lat' dir='ltr'><strong>de</strong></span> <span class='ocrx_word' id='word_1_168' title='bbox 1366 2655 1481 2729; x_wconf 86' lang='lat' dir='ltr'><strong>iendis</strong></span> <span class='ocrx_word' id='word_1_169' title='bbox 1499 2655 1568 2728; x_wconf 88' lang='lat' dir='ltr'><strong>non</strong></span> <span class='ocrx_word' id='word_1_170' title='bbox 1582 2655 1795 2750; x_wconf 84' lang='lat' dir='ltr'><strong>quaternatis</strong></span> <span class='ocrx_word' id='word_1_171' title='bbox 1812 2675 1875 2726; x_wconf 90' lang='lat' dir='ltr'><strong>sen</strong></span> 
     </span>
     <span class='ocr_line' id='line_1_19' title="bbox 465 2776 1939 2879; baseline 0.002 -30"><span class='ocrx_word' id='word_1_172' title='bbox 465 2783 561 2872; x_wconf 89' lang='lat' dir='ltr'><strong>parta</strong></span> <span class='ocrx_word' id='word_1_173' title='bbox 576 2776 758 2852; x_wconf 83' lang='lat' dir='ltr'><strong>feudorum</strong></span> <span class='ocrx_word' id='word_1_174' title='bbox 778 2779 944 2874; x_wconf 90' lang='lat' dir='ltr'><strong>ipsorum,</strong></span> <span class='ocrx_word' id='word_1_175' title='bbox 961 2801 1027 2857; x_wconf 89' lang='lat' dir='ltr'><strong>nec</strong></span> <span class='ocrx_word' id='word_1_176' title='bbox 1039 2779 1272 2878; x_wconf 90' lang='lat' dir='ltr'><strong>principaliter</strong></span> <span class='ocrx_word' id='word_1_177' title='bbox 1284 2803 1349 2856; x_wconf 90' lang='lat' dir='ltr'><strong>nec</strong></span> <span class='ocrx_word' id='word_1_178' title='bbox 1367 2803 1428 2879; x_wconf 92' lang='lat' dir='ltr'><strong>per</strong></span> <span class='ocrx_word' id='word_1_179' title='bbox 1442 2781 1704 2878; x_wconf 85' lang='lat' dir='ltr'><strong>appellationem</strong></span> <span class='ocrx_word' id='word_1_180' title='bbox 1724 2779 1874 2854; x_wconf 90' lang='lat' dir='ltr'><strong>officium</strong></span> <span class='ocrx_word' id='word_1_181' title='bbox 1937 2864 1939 2868; x_wconf 11' lang='grc' dir='ltr'><em>Α</em></span> 
     </span>
     <span class='ocr_line' id='line_1_20' title="bbox 466 2903 1120 3004; baseline 0.003 -28"><span class='ocrx_word' id='word_1_182' title='bbox 466 2923 567 2976; x_wconf 90' lang='lat' dir='ltr'><strong>suum</strong></span> <span class='ocrx_word' id='word_1_183' title='bbox 585 2903 803 2998; x_wconf 88' lang='lat' dir='ltr'><strong>aliquatenus</strong></span> <span class='ocrx_word' id='word_1_184' title='bbox 819 2904 1039 3002; x_wconf 86' lang='lat' dir='ltr'><strong>interponant</strong></span> <span class='ocrx_word' id='word_1_185' title='bbox 1055 2905 1120 3004; x_wconf 78' lang='lat' dir='ltr'><strong>(t).</strong></span> 
     </span>
    </p>
   </div>
   <div class='ocr_carea' id='block_1_3' title="bbox 901 3208 1434 3298">
    <p class='ocr_par' dir='ltr' id='par_1_3' title="bbox 901 3208 1434 3298">
     <span class='ocr_line' id='line_1_21' title="bbox 901 3208 1434 3298; baseline 0.008 -18"><span class='ocrx_word' id='word_1_186' title='bbox 901 3208 1042 3282; x_wconf 83' lang='lat' dir='ltr'>LIBER</span> <span class='ocrx_word' id='word_1_187' title='bbox 1072 3211 1105 3298; x_wconf 89' lang='lat'><strong>1,</strong></span> <span class='ocrx_word' id='word_1_188' title='bbox 1133 3211 1334 3288; x_wconf 85' lang='lat' dir='ltr'><strong>TITULUS</strong></span> <span class='ocrx_word' id='word_1_189' title='bbox 1358 3211 1434 3286; x_wconf 91' lang='lat' dir='ltr'><strong>Lll.</strong></span> 
     </span>
    </p>
   </div>
   <div class='ocr_carea' id='block_1_4' title="bbox 592 3363 1751 3472">
    <p class='ocr_par' dir='ltr' id='par_1_4' title="bbox 592 3363 1751 3472">
     <span class='ocr_line' id='line_1_22' title="bbox 592 3363 1751 3472; baseline 0.011 -35"><span class='ocrx_word' id='word_1_190' title='bbox 592 3363 746 3455; x_wconf 78' lang='lat' dir='ltr'><strong>Qualiter</strong></span> <span class='ocrx_word' id='word_1_191' title='bbox 758 3368 937 3462; x_wconf 79' lang='lat' dir='ltr'><strong>justitiarii</strong></span> <span class='ocrx_word' id='word_1_192' title='bbox 952 3393 986 3444; x_wconf 82' lang='lat' dir='ltr'><strong>se</strong></span> <span class='ocrx_word' id='word_1_193' title='bbox 1001 3395 1114 3467; x_wconf 71' lang='lat' dir='ltr'><strong>perce</strong></span> <span class='ocrx_word' id='word_1_194' title='bbox 1134 3373 1269 3448; x_wconf 76' lang='lat' dir='ltr'><strong>ddecet</strong></span> <span class='ocrx_word' id='word_1_195' title='bbox 1289 3379 1325 3450; x_wconf 86' lang='lat' dir='ltr'><strong>irr</strong></span> <span class='ocrx_word' id='word_1_196' title='bbox 1341 3379 1513 3472; x_wconf 70' lang='lat' dir='ltr'><strong>procincto</strong></span> <span class='ocrx_word' id='word_1_197' title='bbox 1529 3379 1595 3452; x_wconf 83' lang='lat' dir='ltr'><strong>sili</strong></span> <span class='ocrx_word' id='word_1_198' title='bbox 1609 3378 1751 3451; x_wconf 75' lang='lat' dir='ltr'><strong>decreta</strong></span> 
     </span>
    </p>
   </div>
   <div class='ocr_carea' id='block_1_5' title="bbox 462 3531 1876 4389">
    <p class='ocr_par' dir='ltr' id='par_1_5' title="bbox 462 3531 1876 4389">
     <span class='ocr_line' id='line_1_23' title="bbox 513 3531 1876 3633; baseline 0.009 -29"><span class='ocrx_word' id='word_1_199' title='bbox 513 3531 691 3606; x_wconf 88' lang='lat' dir='ltr'><strong>lustitiarii</strong></span> <span class='ocrx_word' id='word_1_200' title='bbox 708 3556 778 3608; x_wconf 91' lang='lat' dir='ltr'><strong>non</strong></span> <span class='ocrx_word' id='word_1_201' title='bbox 798 3557 859 3630; x_wconf 90' lang='lat' dir='ltr'><strong>per</strong></span> <span class='ocrx_word' id='word_1_202' title='bbox 874 3538 1049 3630; x_wconf 89' lang='lat' dir='ltr'><strong>calendas,</strong></span> <span class='ocrx_word' id='word_1_203' title='bbox 1062 3547 1108 3612; x_wconf 92' lang='lat' dir='ltr'><strong>ut</strong></span> <span class='ocrx_word' id='word_1_204' title='bbox 1125 3543 1277 3616; x_wconf 86' lang='lat' dir='ltr'><strong>assolent</strong></span> <span class='ocrx_word' id='word_1_205' title='bbox 1294 3543 1478 3633; x_wconf 73' lang='lat' dir='ltr'><strong>melenus,</strong></span> <span class='ocrx_word' id='word_1_206' title='bbox 1500 3543 1564 3619; x_wconf 89' lang='lat' dir='ltr'><strong>sed</strong></span> <span class='ocrx_word' id='word_1_207' title='bbox 1584 3545 1746 3618; x_wconf 89' lang='lat' dir='ltr'><strong>continue</strong></span> <span class='ocrx_word' id='word_1_208' title='bbox 1763 3543 1876 3616; x_wconf 88' lang='lat' dir='ltr'><strong>curies</strong></span> 
     </span>
     <span class='ocr_line' id='line_1_24' title="bbox 463 3649 1875 3766; baseline 0.011 -38"><span class='ocrx_word' id='word_1_209' title='bbox 463 3677 524 3752; x_wconf 91' lang='lat' dir='ltr'><strong>per</strong></span> <span class='ocrx_word' id='word_1_210' title='bbox 542 3678 580 3729; x_wconf 91' lang='lat' dir='ltr'><strong>se</strong></span> <span class='ocrx_word' id='word_1_211' title='bbox 595 3659 650 3730; x_wconf 86' lang='lat' dir='ltr'><strong>vel</strong></span> <span class='ocrx_word' id='word_1_212' title='bbox 668 3677 730 3754; x_wconf 88' lang='lat' dir='ltr'><strong>per</strong></span> <span class='ocrx_word' id='word_1_213' title='bbox 745 3661 830 3734; x_wconf 88' lang='lat' dir='ltr'><strong>alios</strong></span> <span class='ocrx_word' id='word_1_214' title='bbox 841 3649 979 3754; x_wconf 80' lang='lat' dir='ltr'><strong>judices</strong></span> <span class='ocrx_word' id='word_1_215' title='bbox 997 3671 1079 3739; x_wconf 81' lang='lat' dir='ltr'><strong>suos</strong></span> <span class='ocrx_word' id='word_1_216' title='bbox 1093 3666 1225 3760; x_wconf 81' lang='lat' dir='ltr'><strong>quibus</strong></span> <span class='ocrx_word' id='word_1_217' title='bbox 1242 3667 1330 3741; x_wconf 91' lang='lat' dir='ltr'><strong>nibil</strong></span> <span class='ocrx_word' id='word_1_218' title='bbox 1346 3667 1444 3744; x_wconf 93' lang='lat' dir='ltr'><strong>aliud</strong></span> <span class='ocrx_word' id='word_1_219' title='bbox 1460 3654 1566 3766; x_wconf 78' lang='lat' dir='ltr'><strong>quam</strong></span> <span class='ocrx_word' id='word_1_220' title='bbox 1584 3669 1761 3744; x_wconf 82' lang='lat' dir='ltr'><strong>audientia</strong></span> <span class='ocrx_word' id='word_1_221' title='bbox 1773 3685 1875 3766; x_wconf 87' lang='lat' dir='ltr'><strong>ques·</strong></span> 
     </span>
     <span class='ocr_line' id='line_1_25' title="bbox 465 3779 1871 3885; baseline 0.011 -35"><span class='ocrx_word' id='word_1_222' title='bbox 465 3779 598 3852; x_wconf 89' lang='lat' dir='ltr'><strong>tionum</strong></span> <span class='ocrx_word' id='word_1_223' title='bbox 619 3781 760 3858; x_wconf 86' lang='lat' dir='ltr'><strong>debebit</strong></span> <span class='ocrx_word' id='word_1_224' title='bbox 784 3786 969 3881; x_wconf 89' lang='lat' dir='ltr'><strong>committi,</strong></span> <span class='ocrx_word' id='word_1_225' title='bbox 994 3809 1112 3885; x_wconf 79' lang='lat' dir='ltr'><strong>regere</strong></span> <span class='ocrx_word' id='word_1_226' title='bbox 1134 3791 1302 3883; x_wconf 78' lang='lat' dir='ltr'><strong>debeant,</strong></span> <span class='ocrx_word' id='word_1_227' title='bbox 1327 3799 1450 3868; x_wconf 79' lang='lat' dir='ltr'><strong>causes</strong></span> <span class='ocrx_word' id='word_1_228' title='bbox 1470 3793 1615 3870; x_wconf 84' lang='lat' dir='ltr'><strong>audiant</strong></span> <span class='ocrx_word' id='word_1_229' title='bbox 1636 3799 1671 3868; x_wconf 91' lang='lat' dir='ltr'><strong>et</strong></span> <span class='ocrx_word' id='word_1_230' title='bbox 1690 3791 1871 3882; x_wconf 81' lang='lat' dir='ltr'><strong>decidaut3</strong></span> 
     </span>
     <span class='ocr_line' id='line_1_26' title="bbox 464 3903 1871 4016; baseline 0.011 -39"><span class='ocrx_word' id='word_1_231' title='bbox 464 3903 621 3980; x_wconf 83' lang='lat' dir='ltr'><strong>civitates</strong></span> <span class='ocrx_word' id='word_1_232' title='bbox 637 3916 672 3980; x_wconf 93' lang='lat' dir='ltr'><strong>et</strong></span> <span class='ocrx_word' id='word_1_233' title='bbox 689 3907 764 3982; x_wconf 85' lang='lat' dir='ltr'><strong>loca</strong></span> <span class='ocrx_word' id='word_1_234' title='bbox 787 3931 928 3984; x_wconf 87' lang='lat' dir='ltr'><strong>suarum</strong></span> <span class='ocrx_word' id='word_1_235' title='bbox 942 3912 1223 4005; x_wconf 87' lang='lat' dir='ltr'><strong>jurisdictionum</strong></span> <span class='ocrx_word' id='word_1_236' title='bbox 1240 3918 1403 3993; x_wconf 78' lang='lat' dir='ltr'><strong>mnduua</strong></span> <span class='ocrx_word' id='word_1_237' title='bbox 1422 3918 1636 3993; x_wconf 85' lang='lat' dir='ltr'><strong>discursione</strong></span> <span class='ocrx_word' id='word_1_238' title='bbox 1653 3920 1871 4016; x_wconf 85' lang='lat' dir='ltr'><strong>perquirant;</strong></span> 
     </span>
     <span class='ocr_line' id='line_1_27' title="bbox 464 4025 1873 4140; baseline 0.011 -40"><span class='ocrx_word' id='word_1_239' title='bbox 464 4029 729 4124; x_wconf 86' lang='lat' dir='ltr'><strong>provincialium</strong></span> <span class='ocrx_word' id='word_1_240' title='bbox 753 4033 964 4131; x_wconf 85' lang='lat' dir='ltr'><strong>dispendiis,</strong></span> <span class='ocrx_word' id='word_1_241' title='bbox 996 4037 1089 4134; x_wconf 87' lang='lat' dir='ltr'><strong>ipsos</strong></span> <span class='ocrx_word' id='word_1_242' title='bbox 1118 4039 1164 4113; x_wconf 91' lang='lat' dir='ltr'><strong>ad</strong></span> <span class='ocrx_word' id='word_1_243' title='bbox 1192 4025 1322 4116; x_wconf 82' lang='lat' dir='ltr'><strong>remota</strong></span> <span class='ocrx_word' id='word_1_244' title='bbox 1347 4043 1422 4117; x_wconf 91' lang='lat' dir='ltr'><strong>loca</strong></span> <span class='ocrx_word' id='word_1_245' title='bbox 1446 4053 1584 4140; x_wconf 88' lang='lat' dir='ltr'><strong>propter</strong></span> <span class='ocrx_word' id='word_1_246' title='bbox 1603 4043 1773 4137; x_wconf 87' lang='lat' dir='ltr'><strong>justitiam</strong></span> <span class='ocrx_word' id='word_1_247' title='bbox 1805 4064 1873 4117; x_wconf 91' lang='lat' dir='ltr'><strong>non</strong></span> 
     </span>
     <span class='ocr_line' id='line_1_28' title="bbox 462 4147 1874 4264; baseline 0.013 -41"><span class='ocrx_word' id='word_1_248' title='bbox 462 4153 639 4248; x_wconf 88' lang='lat' dir='ltr'><strong>vocando,</strong></span> <span class='ocrx_word' id='word_1_249' title='bbox 659 4147 789 4251; x_wconf 83' lang='lat' dir='ltr'><strong>quanto</strong></span> <span class='ocrx_word' id='word_1_250' title='bbox 807 4153 997 4237; x_wconf 79' lang='lat' dir='ltr'><strong>salubriter</strong></span> <span class='ocrx_word' id='word_1_251' title='bbox 1007 4155 1187 4259; x_wconf 85' lang='lat' dir='ltr'><strong>poterunt,</strong></span> <span class='ocrx_word' id='word_1_252' title='bbox 1205 4165 1384 4263; x_wconf 88' lang='lat' dir='ltr'><strong>parcituri.</strong></span> <span class='ocrx_word' id='word_1_253' title='bbox 1403 4153 1597 4264; x_wconf 70' lang='lat' dir='ltr'><strong>Flagrantis</strong></span> <span class='ocrx_word' id='word_1_254' title='bbox 1620 4167 1788 4242; x_wconf 88' lang='lat' dir='ltr'><strong>maleficia</strong></span> <span class='ocrx_word' id='word_1_255' title='bbox 1805 4189 1874 4242; x_wconf 89' lang='lat' dir='ltr'><strong>non</strong></span> 
     </span>
     <span class='ocr_line' id='line_1_29' title="bbox 463 4277 1876 4389; baseline 0.011 -41"><span class='ocrx_word' id='word_1_256' title='bbox 463 4277 608 4351; x_wconf 87' lang='lat' dir='ltr'><strong>ulterius</strong></span> <span class='ocrx_word' id='word_1_257' title='bbox 627 4281 842 4376; x_wconf 88' lang='lat' dir='ltr'><strong>protrahant,</strong></span> <span class='ocrx_word' id='word_1_258' title='bbox 864 4285 927 4359; x_wconf 91' lang='lat' dir='ltr'><strong>sed</strong></span> <span class='ocrx_word' id='word_1_259' title='bbox 952 4286 1026 4382; x_wconf 90' lang='lat' dir='ltr'><strong>ipsa</strong></span> <span class='ocrx_word' id='word_1_260' title='bbox 1045 4288 1081 4360; x_wconf 90' lang='lat' dir='ltr'><strong>in</strong></span> <span class='ocrx_word' id='word_1_261' title='bbox 1102 4287 1187 4362; x_wconf 87' lang='lat' dir='ltr'><strong>locis</strong></span> <span class='ocrx_word' id='word_1_262' title='bbox 1210 4289 1247 4362; x_wconf 91' lang='lat' dir='ltr'><strong>iu</strong></span> <span class='ocrx_word' id='word_1_263' title='bbox 1269 4291 1397 4386; x_wconf 89' lang='lat' dir='ltr'><strong>quibus</strong></span> <span class='ocrx_word' id='word_1_264' title='bbox 1411 4313 1453 4366; x_wconf 87' lang='lat' dir='ltr'><strong>ea</strong></span> <span class='ocrx_word' id='word_1_265' title='bbox 1476 4301 1669 4389; x_wconf 87' lang='lat' dir='ltr'><strong>perpetrata</strong></span> <span class='ocrx_word' id='word_1_266' title='bbox 1688 4291 1876 4388; x_wconf 86' lang='lat' dir='ltr'><strong>repererint</strong></span> 
     </span>
    </p>
   </div>
   <div class='ocr_carea' id='block_1_6' title="bbox 463 4551 1875 4740">
    <p class='ocr_par' dir='ltr' id='par_1_6' title="bbox 463 4551 1875 4740">
     <span class='ocr_line' id='line_1_30' title="bbox 500 4551 1875 4644; baseline 0.012 -32"><span class='ocrx_word' id='word_1_267' title='bbox 500 4556 536 4630; x_wconf 74' lang='lat' dir='ltr'><strong>(a)</strong></span> <span class='ocrx_word' id='word_1_268' title='bbox 554 4551 594 4614; x_wconf 86' lang='lat' dir='ltr'><strong>cr.</strong></span> <span class='ocrx_word' id='word_1_269' title='bbox 605 4571 688 4634; x_wconf 71' lang='lat' dir='ltr'><strong>supra</strong></span> <span class='ocrx_word' id='word_1_270' title='bbox 700 4557 747 4616; x_wconf 80' lang='lat' dir='ltr'><strong>nu.</strong></span> <span class='ocrx_word' id='word_1_271' title='bbox 762 4560 792 4633; x_wconf 93' lang='lat'><strong>1,</strong></span> <span class='ocrx_word' id='word_1_272' title='bbox 805 4559 845 4618; x_wconf 79' lang='lat' dir='ltr'><strong>et.</strong></span> <span class='ocrx_word' id='word_1_273' title='bbox 858 4556 953 4636; x_wconf 77' lang='lat' dir='ltr'><strong>xciv,</strong></span> <span class='ocrx_word' id='word_1_274' title='bbox 964 4579 992 4638; x_wconf 78' lang='lat' dir='ltr'><strong>p.</strong></span> <span class='ocrx_word' id='word_1_275' title='bbox 1006 4565 1050 4622; x_wconf 82' lang='lat' dir='ltr'><strong>rr.</strong></span> <span class='ocrx_word' id='word_1_276' title='bbox 1065 4561 1250 4640; x_wconf 74' lang='lat' dir='ltr'><strong>cognonen</strong></span> <span class='ocrx_word' id='word_1_277' title='bbox 1267 4567 1385 4628; x_wconf 76' lang='lat' dir='ltr'><strong>ovinum</strong></span> <span class='ocrx_word' id='word_1_278' title='bbox 1397 4581 1540 4629; x_wconf 70' lang='lat' dir='ltr'><strong>aueum</strong></span> <span class='ocrx_word' id='word_1_279' title='bbox 1551 4584 1621 4644; x_wconf 74' lang='lat' dir='ltr'><strong>quae</strong></span> <span class='ocrx_word' id='word_1_280' title='bbox 1632 4568 1661 4626; x_wconf 80' lang='lat' dir='ltr'><strong>rn</strong></span> <span class='ocrx_word' id='word_1_281' title='bbox 1673 4568 1755 4628; x_wconf 69' lang='lat' dir='ltr'><strong>eres</strong></span> <span class='ocrx_word' id='word_1_282' title='bbox 1767 4551 1875 4628; x_wconf 64' lang='lat' dir='ltr'><strong>mous</strong></span> 
     </span>
     <span class='ocr_line' id='line_1_31' title="bbox 463 4653 1478 4740; baseline 0.016 -28"><span class='ocrx_word' id='word_1_283' title='bbox 463 4653 563 4713; x_wconf 86' lang='lat' dir='ltr'><strong>ibidem</strong></span> <span class='ocrx_word' id='word_1_284' title='bbox 575 4655 726 4729; x_wconf 87' lang='lat' dir='ltr'><strong>justitiariis</strong></span> <span class='ocrx_word' id='word_1_285' title='bbox 738 4657 910 4734; x_wconf 84' lang='lat' dir='ltr'><strong>permittitur,</strong></span> <span class='ocrx_word' id='word_1_286' title='bbox 921 4677 992 4720; x_wconf 88' lang='lat' dir='ltr'><strong>nunc</strong></span> <span class='ocrx_word' id='word_1_287' title='bbox 1002 4663 1161 4737; x_wconf 76' lang='lat' dir='ltr'><strong>generaliter</strong></span> <span class='ocrx_word' id='word_1_288' title='bbox 1171 4663 1336 4740; x_wconf 87' lang='lat' dir='ltr'><strong>prohibetur.</strong></span> <span class='ocrx_word' id='word_1_289' title='bbox 1438 4659 1478 4670; x_wconf 75' lang='grc'>”</span> 
     </span>
    </p>
   </div>
   <div class='ocr_carea' id='block_1_7' title="bbox 0 0 2154 5906">
    <p class='ocr_par' dir='ltr' id='par_1_7' title="bbox 0 0 2154 5906">
     <span class='ocr_line' id='line_1_32' title="bbox 0 0 2154 5906; baseline 0 0"><span class='ocrx_word' id='word_1_290' title='bbox 0 0 2154 5906; x_wconf 95' lang='lat' dir='ltr'><strong> </strong></span> 
     </span>
    </p>
   </div>
  </div>
 </body>
</html>
