4308 5910
764 577 891 639 REGNl
920 573 1113 636 SlClLlrlll.

639 867 841 941 TITULUS
868 853 1016 940 XLVll.
1045 867 1115 937 ΚΑ
1139 862 1229 960 (dl).

390 1064 438 1133 Dc
453 1057 605 1154 fidelium
623 1081 759 1132 numero
774 1081 874 1152 super
890 1058 1077 1130 electuariie
1094 1069 1125 1128 ct
1143 1057 1279 1151 sprupr'a
1298 1057 1482 1128 statuendo.

785 1273 878 1322 luunt
904 1271 1102 1322 sconarda.

280 1441 320 1512 lu
338 1448 429 1514 terra
449 1438 603 1534 qnalibet
625 1439 724 1533 regni
745 1438 852 1512 nostri
877 1447 992 1510 nostre
1012 1437 1242 1530 jurisdictioni
1261 1438 1418 1530 subjecta
1442 1437 1529 1510 dnos
1550 1438 1645 1512 viros

233 1565 500 1662 circumspectos
517 1571 552 1638 ct
570 1561 641 1636 fide
660 1562 785 1658 dignos
806 1562 969 1636 volumus
987 1559 1139 1636 ordinari
1161 1573 1195 1635 et
1212 1561 1379 1658 corporali
1398 1583 1459 1656 per
1483 1583 1543 1636 eos
1567 1583 1648 1658 pre·

233 1691 312 1764 stito
329 1699 545 1763 sacramento
561 1689 691 1780 teneri,
711 1709 859 1784 qnorum
884 1687 1024 1760 nomina
1049 1687 1095 1760 ad
1116 1686 1246 1760 curiam
1272 1696 1424 1760 nostram
1446 1687 1643 1776 mittentur;

232 1816 299 1888 sub
315 1835 465 1911 quornm
485 1813 724 1890 testificatione
744 1813 929 1888 electuaria
950 1823 984 1886 et
1001 1813 1122 1910 syrnpi
1141 1834 1183 1886 ac
1205 1811 1273 1885 alic
1298 1811 1472 1886 medicine
1491 1813 1647 1908 legaliter

233 1939 317 2014 liant
338 1951 374 2014 et
395 1941 447 2014 sic
471 1941 561 2014 lacto
578 1939 786 2014 vendantur.
812 1939 945 2014 Salerni
971 1938 1124 2013 maxime
1152 1958 1213 2033 per
1236 1937 1418 2033 magistros
1440 1938 1476 2010 in
1502 1937 1646 2034 physica

232 2066 297 2139 bec
319 2067 483 2139 volumus
504 2065 701 2162 appmbari.
723 2065 878 2140 Prasanti
893 2067 997 2139 ctiam
1015 2065 1092 2159 lego
1116 2064 1300 2138 statuimus
1316 2075 1354 2137 ut
1371 2063 1487 2137 nullus
1505 2064 1542 2136 in
1567 2085 1646 2136 ms-

233 2190 348 2264 dicina
366 2191 425 2264 vel
447 2189 621 2286 chirurgia
651 2191 718 2264 nisi
746 2190 840 2288 apud
869 2191 1047 2264 Salernum
1077 2185 1150 2288 [vel
1176 2185 1372 2287 Neapolim]
1397 2185 1446 2286 (a)
1470 2189 1560 2282 legat
1586 2185 1642 2286 [in
1766 2217 1768 2222 ⁴

232 2313 368 2414 regn0]‚
388 2337 453 2388 nec
470 2316 626 2412 magistri
643 2337 768 2390 nomen
784 2325 955 2407 assumat,
972 2316 1039 2388 nisi
1058 2313 1240 2410 diligenter
1257 2314 1478 2388 examinatus
1503 2313 1540 2385 in
1562 2335 1644 2408 pre-

233 2442 342 2514 sentia
360 2450 554 2515 nostrornm
583 2441 783 2515 officialium
804 2450 840 2514 ct
864 2440 1107 2533 magistrorum
1123 2440 1207 2513 artis
1223 2439 1392 2533 ejusdem.
1419 2435 1644 2512 conficientes

234 2567 337 2638 etiam
365 2565 554 2640 medicinas
583 2577 797 2640 sacramento
823 2565 1041 2662 corporaliter
1068 2565 1210 2662 prestito
1243 2565 1403 2638 volumus
1433 2563 1578 2658 obligari
1606 2574 1644 2636 ut

234 2690 328 2786 ipsas
345 2689 493 2766 fideliter
512 2694 614 2785 juxta
637 2701 728 2766 artes
753 2701 788 2764 et
805 2691 985 2764 hominnm
1004 2692 1186 2786 qualitates
1213 2690 1248 2761 in
1269 2691 1439 2786 presentia
1452 2691 1646 2782 juratorum

232 2814 429 2889 conficiant.
449 2817 551 2902 Quod
576 2817 607 2890 si
628 2826 746 2890 contra
770 2816 930 2904 fecerint,
950 2816 1184 2912 publicatione
1200 2814 1375 2888 'bonorum
1398 2835 1541 2886 suorum
1568 2834 1642 2885 mo·

232 2941 354 3014 bilium
374 2941 619 3015 sententialiter
641 2941 925 3014 condemnentur.
949 2940 1105 3014 Ordinati
1122 2961 1205 3013 vero
1222 2960 1369 3035 qnorum
1392 2937 1473 3012 fidei
1491 2935 1644 3032 predicta

232 3065 302 3136 sint
319 3067 517 3157 commissa,
538 3065 568 3138 si
586 3064 726 3139 fraudes
751 3065 788 3138 in
814 3065 944 3139 credito
966 3066 1051 3160 ipsis
1073 3065 1185 3138 ollicio
1207 3061 1419 3137 commisisse
1442 3062 1641 3158 probentur,

233 3189 355 3265 ultimo
371 3191 542 3288 supplicio
558 3189 729 3265 tenendos
746 3211 822 3264 csse
839 3211 1034 3264 censemus.

638 3433 840 3558 Truncus
868 3483 1035 3557 xnvur.
1063 3483 1127 3556 nn
1150 3482 1240 3581 (aa).

695 3678 743 3747 Dc
760 3676 1000 3748 consonatione
1017 3678 1103 3750 amis
1121 3677 1199 3774 (ὁ).Ι

781 3891 870 3940 rnnrr
902 3891 1100 3941 nucusrns.

282 4054 522 4130 salubritatem
544 4055 633 4130 aeris
653 4055 775 4130 divino
789 4057 922 4152 judicio
940 4067 1151 4132 reservatam
1169 4058 1285 4131 studio
1303 4057 1509 4154 provisionis
1528 4066 1644 4131 nostre

236 4177 270 4252 in
287 4189 456 4274 qnantum
474 4203 659 4278 possumrm
675 4181 892 4279 disponimus
908 4205 1124 4275 conservare;
1143 4181 1346 4256 mandantes
1364 4193 1404 4253 nt
1419 4183 1504 4256 nulli
1519 4183 1644 4258 amodo

236 4303 334 4378 liceat
365 4305 402 4378 in
428 4307 529 4403 aquis
551 4308 736 4402 cujuslibet
762 4308 910 4383 civitatis
934 4311 990 4382 vel
1012 4312 1112 4382 castri
1137 4309 1281 4400 vicinis,
1303 4318 1473 4402 quantum
1499 4309 1645 4384 milliare

278 4505 319 4587 (a)
347 4505 400 4570 Vel
409 4507 559 4592 Neapolim
571 4511 653 4573 deest
665 4515 698 4574 tn
710 4512 777 4574 cod.
792 4513 885 4588 latino
896 4519 926 4575 et
937 4515 969 4573 ln
982 4529 1099 4592 graeco.
1113 4515 1266 4593 Regnente
1285 4516 1364 4576 onim
1377 4514 1527 4577 Frlderlco
1544 4514 1645 4578 schola

237 4615 399 4678 mcdlclnae
412 4617 492 4695 apud
503 4618 657 4696 Neapolim
667 4622 732 4697 Jam
745 4637 806 4680 nnn
820 4626 883 4680 ernt
898 4622 1045 4682 instituta.

278 4720 318 4802 (d)
339 4723 451 4788 Graece
466 4743 474 4787 r
489 4723 532 4788 lto
544 4741 604 4787 oon
616 4722 776 4788 mutando
784 4745 877 4808 prope
888 4726 989 4789 urbem
1001 4725 1062 4788 lino
1074 4725 1120 4788 vel
1130 4743 1250 4808 canape.
