<?xml version="1.0" encoding="UTF-8"?>
<!DOCTYPE html PUBLIC "-//W3C//DTD XHTML 1.0 Transitional//EN"
    "http://www.w3.org/TR/xhtml1/DTD/xhtml1-transitional.dtd">
<html xmlns="http://www.w3.org/1999/xhtml" xml:lang="en" lang="en">
 <head>
  <title>
</title>
<meta http-equiv="Content-Type" content="text/html;charset=utf-8" />
  <meta name='ocr-system' content='tesseract 3.04.00' />
  <meta name='ocr-capabilities' content='ocr_page ocr_carea ocr_par ocr_line ocrx_word'/>
</head>
<body>
  <div class='ocr_page' id='page_1' title='image "./historiadiploma07fredgoog_0046.png"; bbox 0 0 4372 5918; ppageno 0'>
   <div class='ocr_carea' id='block_1_1' title="bbox 496 569 1923 3543">
    <p class='ocr_par' dir='ltr' id='par_1_1' title="bbox 497 569 1378 636">
     <span class='ocr_line' id='line_1_1' title="bbox 497 569 1378 636; baseline -0.005 -2"><span class='ocrx_word' id='word_1_1' title='bbox 497 575 537 636; x_wconf 81' lang='grc'>30</span> <span class='ocrx_word' id='word_1_2' title='bbox 1026 569 1378 630; x_wconf 71' lang='lat' dir='ltr'>tonsrtrurtontts</span> 
     </span>
    </p>

    <p class='ocr_par' dir='ltr' id='par_1_2' title="bbox 496 703 1923 3543">
     <span class='ocr_line' id='line_1_2' title="bbox 497 703 1908 801; baseline -0.006 -18"><span class='ocrx_word' id='word_1_3' title='bbox 497 709 666 784; x_wconf 83' lang='lat' dir='ltr'><strong>dilucidas</strong></span> <span class='ocrx_word' id='word_1_4' title='bbox 696 705 845 780; x_wconf 88' lang='lat' dir='ltr'>inveniri</span> <span class='ocrx_word' id='word_1_5' title='bbox 872 703 1118 801; x_wconf 87' lang='lat' dir='ltr'>nonpossint,</span> <span class='ocrx_word' id='word_1_6' title='bbox 1146 703 1332 800; x_wconf 85' lang='lat' dir='ltr'>imperialis</span> <span class='ocrx_word' id='word_1_7' title='bbox 1359 704 1566 800; x_wconf 83' lang='lat' dir='ltr'>provisionis</span> <span class='ocrx_word' id='word_1_8' title='bbox 1582 703 1758 778; x_wconf 74' lang='lat' dir='ltr'>¹remediis</span> <span class='ocrx_word' id='word_1_9' title='bbox 1786 705 1908 787; x_wconf 86' lang='lat' dir='ltr'>merito</span> 
     </span>
     <span class='ocr_line' id='line_1_3' title="bbox 496 827 1906 925; baseline -0.004 -21"><span class='ocrx_word' id='word_1_10' title='bbox 496 833 736 920; x_wconf 85' lang='lat' dir='ltr'>subvenimus,</span> <span class='ocrx_word' id='word_1_11' title='bbox 755 845 794 902; x_wconf 89' lang='lat' dir='ltr'>ut</span> <span class='ocrx_word' id='word_1_12' title='bbox 808 828 1047 904; x_wconf 84' lang='lat' dir='ltr'>universaliter</span> <span class='ocrx_word' id='word_1_13' title='bbox 1063 849 1126 925; x_wconf 93' lang='grc' dir='ltr'>ρετ</span> <span class='ocrx_word' id='word_1_14' title='bbox 1142 850 1355 925; x_wconf 71' lang='lat' dir='ltr'>possessores</span> <span class='ocrx_word' id='word_1_15' title='bbox 1371 829 1537 921; x_wconf 81' lang='lat' dir='ltr'>locorum,</span> <span class='ocrx_word' id='word_1_16' title='bbox 1554 829 1755 924; x_wconf 89' lang='lat' dir='ltr'>inquorum</span> <span class='ocrx_word' id='word_1_17' title='bbox 1771 827 1906 902; x_wconf 89' lang='lat' dir='ltr'>territo-</span> 
     </span>
     <span class='ocr_line' id='line_1_4' title="bbox 499 953 1907 1050; baseline -0.002 -22"><span class='ocrx_word' id='word_1_18' title='bbox 499 957 560 1028; x_wconf 87' lang='lat' dir='ltr'>riis</span> <span class='ocrx_word' id='word_1_19' title='bbox 583 954 632 1050; x_wconf 77' lang='lat' dir='ltr'>(a)</span> <span class='ocrx_word' id='word_1_20' title='bbox 652 953 849 1050; x_wconf 88' lang='lat' dir='ltr'>hujusmodi</span> <span class='ocrx_word' id='word_1_21' title='bbox 870 953 999 1028; x_wconf 84' lang='lat' dir='ltr'>seelera</span> <span class='ocrx_word' id='word_1_22' title='bbox 1016 963 1098 1026; x_wconf 91' lang='lat' dir='ltr'>sunt</span> <span class='ocrx_word' id='word_1_23' title='bbox 1113 953 1312 1042; x_wconf 86' lang='lat' dir='ltr'>oommissa,</span> <span class='ocrx_word' id='word_1_24' title='bbox 1331 975 1450 1028; x_wconf 92' lang='lat' dir='ltr'>eorum</span> <span class='ocrx_word' id='word_1_25' title='bbox 1475 953 1760 1026; x_wconf 78' lang='lat' dir='ltr'>indemnitatibus</span> <span class='ocrx_word' id='word_1_26' title='bbox 1781 975 1907 1026; x_wconf 89' lang='lat' dir='ltr'>oonsu-</span> 
     </span>
     <span class='ocr_line' id='line_1_5' title="bbox 502 1076 1907 1175; baseline -0.001 -23"><span class='ocrx_word' id='word_1_27' title='bbox 502 1082 607 1165; x_wconf 82' lang='lat' dir='ltr'>latur3</span> <span class='ocrx_word' id='word_1_28' title='bbox 635 1081 743 1154; x_wconf 90' lang='lat' dir='ltr'>multo</span> <span class='ocrx_word' id='word_1_29' title='bbox 772 1079 893 1154; x_wconf 79' lang='lat' dir='ltr'>fortius</span> <span class='ocrx_word' id='word_1_30' title='bbox 913 1079 989 1152; x_wconf 83' lang='lat' dir='ltr'>ilios</span> <span class='ocrx_word' id='word_1_31' title='bbox 1011 1087 1170 1175; x_wconf 80' lang='lat' dir='ltr'>expertes</span> <span class='ocrx_word' id='word_1_32' title='bbox 1193 1076 1411 1174; x_wconf 87' lang='lat' dir='ltr'>providentia</span> <span class='ocrx_word' id='word_1_33' title='bbox 1433 1087 1548 1152; x_wconf 85' lang='lat' dir='ltr'>nostra</span> <span class='ocrx_word' id='word_1_34' title='bbox 1572 1079 1766 1172; x_wconf 83' lang='lat' dir='ltr'>relinquere</span> <span class='ocrx_word' id='word_1_35' title='bbox 1788 1077 1907 1150; x_wconf 83' lang='lat' dir='ltr'>crede·</span> 
     </span>
     <span class='ocr_line' id='line_1_6' title="bbox 501 1201 1909 1300; baseline -0.003 -20"><span class='ocrx_word' id='word_1_36' title='bbox 501 1227 617 1280; x_wconf 85' lang='lat' dir='ltr'>remus</span> <span class='ocrx_word' id='word_1_37' title='bbox 646 1204 851 1300; x_wconf 79' lang='lat' dir='ltr'>iudignum,</span> <span class='ocrx_word' id='word_1_38' title='bbox 870 1223 1018 1299; x_wconf 88' lang='lat' dir='ltr'>quorum</span> <span class='ocrx_word' id='word_1_39' title='bbox 1037 1211 1172 1298; x_wconf 87' lang='lat' dir='ltr'>patres,</span> <span class='ocrx_word' id='word_1_40' title='bbox 1192 1201 1353 1294; x_wconf 79' lang='lat' dir='ltr'>antidii,</span> <span class='ocrx_word' id='word_1_41' title='bbox 1375 1203 1512 1298; x_wconf 80' lang='lat' dir='ltr'>eognati</span> <span class='ocrx_word' id='word_1_42' title='bbox 1530 1201 1682 1298; x_wconf 87' lang='lat' dir='ltr'>deniqne</span> <span class='ocrx_word' id='word_1_43' title='bbox 1706 1203 1761 1276; x_wconf 85' lang='lat' dir='ltr'>vel</span> <span class='ocrx_word' id='word_1_44' title='bbox 1789 1203 1909 1276; x_wconf 86' lang='lat' dir='ltr'>affines</span> 
     </span>
     <span class='ocr_line' id='line_1_7' title="bbox 501 1327 1911 1424; baseline -0.002 -23"><span class='ocrx_word' id='word_1_45' title='bbox 501 1330 538 1402; x_wconf 93' lang='lat' dir='ltr'>in</span> <span class='ocrx_word' id='word_1_46' title='bbox 556 1331 640 1404; x_wconf 85' lang='lat' dir='ltr'>loeis</span> <span class='ocrx_word' id='word_1_47' title='bbox 662 1328 837 1424; x_wconf 81' lang='lat' dir='ltr'>aliquibus</span> <span class='ocrx_word' id='word_1_48' title='bbox 859 1350 921 1424; x_wconf 91' lang='grc' dir='ltr'>ρετ</span> <span class='ocrx_word' id='word_1_49' title='bbox 941 1327 1128 1401; x_wconf 83' lang='lat' dir='ltr'>homicidia</span> <span class='ocrx_word' id='word_1_50' title='bbox 1146 1327 1361 1424; x_wconf 89' lang='lat' dir='ltr'>perimuntur</span> <span class='ocrx_word' id='word_1_51' title='bbox 1375 1328 1520 1417; x_wconf 76' lang='lat' dir='ltr'>occulta,</span> <span class='ocrx_word' id='word_1_52' title='bbox 1541 1349 1622 1401; x_wconf 87' lang='lat' dir='ltr'>oum</span> <span class='ocrx_word' id='word_1_53' title='bbox 1647 1339 1716 1402; x_wconf 88' lang='lat' dir='ltr'>tam</span> <span class='ocrx_word' id='word_1_54' title='bbox 1738 1328 1911 1401; x_wconf 90' lang='lat' dir='ltr'>horribilis</span> 
     </span>
     <span class='ocr_line' id='line_1_8' title="bbox 502 1451 1910 1552; baseline -0.004 -22"><span class='ocrx_word' id='word_1_55' title='bbox 502 1455 639 1530; x_wconf 88' lang='lat' dir='ltr'>soeleris</span> <span class='ocrx_word' id='word_1_56' title='bbox 671 1462 859 1552; x_wconf 84' lang='lat' dir='ltr'>patratores</span> <span class='ocrx_word' id='word_1_57' title='bbox 897 1453 1160 1548; x_wconf 74' lang='lat' dir='ltr'>investigatione</span> <span class='ocrx_word' id='word_1_58' title='bbox 1188 1453 1361 1548; x_wconf 88' lang='lat' dir='ltr'>quelibet,</span> <span class='ocrx_word' id='word_1_59' title='bbox 1388 1451 1549 1548; x_wconf 89' lang='lat' dir='ltr'>quamvis</span> <span class='ocrx_word' id='word_1_60' title='bbox 1576 1453 1816 1542; x_wconf 83' lang='lat' dir='ltr'>exactissima,</span> <span class='ocrx_word' id='word_1_61' title='bbox 1848 1475 1910 1524; x_wconf 86' lang='lat' dir='ltr'>ne·</span> 
     </span>
     <span class='ocr_line' id='line_1_9' title="bbox 502 1577 1912 1677; baseline -0.005 -24"><span class='ocrx_word' id='word_1_62' title='bbox 502 1589 633 1677; x_wconf 81' lang='lat' dir='ltr'>queant</span> <span class='ocrx_word' id='word_1_63' title='bbox 653 1578 805 1676; x_wconf 88' lang='lat' dir='ltr'>reperiri.</span> <span class='ocrx_word' id='word_1_64' title='bbox 834 1577 983 1650; x_wconf 89' lang='lat' dir='ltr'>Presonti</span> <span class='ocrx_word' id='word_1_65' title='bbox 1010 1577 1115 1672; x_wconf 80' lang='lat' dir='ltr'>igitur</span> <span class='ocrx_word' id='word_1_66' title='bbox 1144 1577 1367 1652; x_wconf 84' lang='lat' dir='ltr'>saluberrima</span> <span class='ocrx_word' id='word_1_67' title='bbox 1390 1577 1635 1652; x_wconf 84' lang='lat' dir='ltr'>constitutione</span> <span class='ocrx_word' id='word_1_68' title='bbox 1660 1578 1851 1663; x_wconf 87' lang='lat' dir='ltr'>sancimus,</span> <span class='ocrx_word' id='word_1_69' title='bbox 1872 1589 1912 1648; x_wconf 89' lang='lat' dir='ltr'>ut</span> 
     </span>
     <span class='ocr_line' id='line_1_10' title="bbox 504 1701 1909 1800; baseline -0.004 -22"><span class='ocrx_word' id='word_1_70' title='bbox 504 1704 699 1800; x_wconf 80' lang='lat' dir='ltr'>siquando</span> <span class='ocrx_word' id='word_1_71' title='bbox 724 1701 926 1796; x_wconf 90' lang='lat' dir='ltr'>hujusmodi</span> <span class='ocrx_word' id='word_1_72' title='bbox 953 1701 1121 1775; x_wconf 82' lang='lat' dir='ltr'>maleficia</span> <span class='ocrx_word' id='word_1_73' title='bbox 1147 1701 1184 1774; x_wconf 93' lang='lat' dir='ltr'>in</span> <span class='ocrx_word' id='word_1_74' title='bbox 1206 1723 1505 1798; x_wconf 88' lang='lat' dir='ltr'>quorumcumque</span> <span class='ocrx_word' id='word_1_75' title='bbox 1531 1703 1708 1776; x_wconf 88' lang='lat' dir='ltr'>territoriis</span> <span class='ocrx_word' id='word_1_76' title='bbox 1736 1703 1909 1794; x_wconf 86' lang='lat' dir='ltr'>locorum,</span> 
     </span>
     <span class='ocr_line' id='line_1_11' title="bbox 505 1823 1911 1925; baseline -0.004 -23"><span class='ocrx_word' id='word_1_77' title='bbox 505 1829 601 1925; x_wconf 89' lang='lat' dir='ltr'>quod</span> <span class='ocrx_word' id='word_1_78' title='bbox 628 1829 885 1918; x_wconf 85' lang='lat' dir='ltr'>abominamur,</span> <span class='ocrx_word' id='word_1_79' title='bbox 919 1827 1102 1920; x_wconf 78' lang='lat' dir='ltr'>eontigerit</span> <span class='ocrx_word' id='word_1_80' title='bbox 1129 1823 1190 1924; x_wconf 93' lang='lat' dir='ltr'>[in</span> <span class='ocrx_word' id='word_1_81' title='bbox 1215 1825 1407 1924; x_wconf 86' lang='lat' dir='ltr'>posterum]</span> <span class='ocrx_word' id='word_1_82' title='bbox 1432 1829 1637 1924; x_wconf 87' lang='lat' dir='ltr'>perpetrari,</span> <span class='ocrx_word' id='word_1_83' title='bbox 1667 1849 1731 1900; x_wconf 88' lang='lat' dir='ltr'>neo</span> <span class='ocrx_word' id='word_1_84' title='bbox 1759 1828 1911 1923; x_wconf 86' lang='lat' dir='ltr'>ipsorum</span> 
     </span>
     <span class='ocr_line' id='line_1_12' title="bbox 507 1949 1915 2048; baseline -0.001 -22"><span class='ocrx_word' id='word_1_85' title='bbox 507 1952 709 2026; x_wconf 84' lang='lat' dir='ltr'>commissor</span> <span class='ocrx_word' id='word_1_86' title='bbox 726 1959 902 2047; x_wconf 86' lang='lat' dir='ltr'>appareat,</span> <span class='ocrx_word' id='word_1_87' title='bbox 922 1951 969 2022; x_wconf 88' lang='lat' dir='ltr'>ita</span> <span class='ocrx_word' id='word_1_88' title='bbox 987 1949 1084 2045; x_wconf 92' lang='lat' dir='ltr'>qnod</span> <span class='ocrx_word' id='word_1_89' title='bbox 1098 1951 1215 2023; x_wconf 91' lang='lat' dir='ltr'>nullus</span> <span class='ocrx_word' id='word_1_90' title='bbox 1227 1949 1273 2024; x_wconf 88' lang='lat' dir='ltr'>de</span> <span class='ocrx_word' id='word_1_91' title='bbox 1287 1951 1346 2025; x_wconf 87' lang='lat' dir='ltr'>tali</span> <span class='ocrx_word' id='word_1_92' title='bbox 1363 1953 1514 2026; x_wconf 85' lang='lat' dir='ltr'>facinore</span> <span class='ocrx_word' id='word_1_93' title='bbox 1531 1953 1576 2025; x_wconf 88' lang='lat' dir='ltr'>ab</span> <span class='ocrx_word' id='word_1_94' title='bbox 1590 1951 1657 2044; x_wconf 87' lang='lat' dir='ltr'>bis,</span> <span class='ocrx_word' id='word_1_95' title='bbox 1673 1953 1735 2048; x_wconf 90' lang='lat' dir='ltr'>qui</span> <span class='ocrx_word' id='word_1_96' title='bbox 1751 1951 1915 2025; x_wconf 84' lang='lat' dir='ltr'>defuneto</span> 
     </span>
     <span class='ocr_line' id='line_1_13' title="bbox 506 2073 1915 2172; baseline -0.004 -21"><span class='ocrx_word' id='word_1_97' title='bbox 506 2076 722 2165; x_wconf 85' lang='lat' dir='ltr'>attinuerint,</span> <span class='ocrx_word' id='word_1_98' title='bbox 749 2075 803 2148; x_wconf 90' lang='lat' dir='ltr'>vel</span> <span class='ocrx_word' id='word_1_99' title='bbox 821 2097 841 2147; x_wconf 87' lang='lat' dir='ltr'>a</span> <span class='ocrx_word' id='word_1_100' title='bbox 860 2074 1013 2170; x_wconf 91' lang='lat' dir='ltr'>quolibet</span> <span class='ocrx_word' id='word_1_101' title='bbox 1028 2073 1073 2148; x_wconf 88' lang='lat' dir='ltr'>do</span> <span class='ocrx_word' id='word_1_102' title='bbox 1091 2076 1219 2172; x_wconf 91' lang='lat' dir='ltr'>populo</span> <span class='ocrx_word' id='word_1_103' title='bbox 1242 2085 1426 2168; x_wconf 77' lang='lat' dir='ltr'>arguatur3</span> <span class='ocrx_word' id='word_1_104' title='bbox 1453 2099 1524 2171; x_wconf 89' lang='lat' dir='ltr'>quo</span> <span class='ocrx_word' id='word_1_105' title='bbox 1548 2099 1631 2150; x_wconf 89' lang='lat' dir='ltr'>oasn</span> <span class='ocrx_word' id='word_1_106' title='bbox 1648 2075 1733 2150; x_wconf 90' lang='lat' dir='ltr'>diva</span> <span class='ocrx_word' id='word_1_107' title='bbox 1748 2077 1915 2150; x_wconf 83' lang='lat' dir='ltr'>eonstitu-</span> 
     </span>
     <span class='ocr_line' id='line_1_14' title="bbox 507 2199 1916 2297; baseline -0.001 -24"><span class='ocrx_word' id='word_1_108' title='bbox 507 2201 610 2273; x_wconf 91' lang='lat' dir='ltr'>tionis</span> <span class='ocrx_word' id='word_1_109' title='bbox 629 2209 743 2274; x_wconf 89' lang='lat' dir='ltr'>nostre</span> <span class='ocrx_word' id='word_1_110' title='bbox 760 2221 863 2295; x_wconf 86' lang='lat' dir='ltr'>snper</span> <span class='ocrx_word' id='word_1_111' title='bbox 890 2199 1027 2271; x_wconf 82' lang='lat' dir='ltr'>sortiris</span> <span class='ocrx_word' id='word_1_112' title='bbox 1049 2208 1083 2272; x_wconf 87' lang='lat' dir='ltr'>et</span> <span class='ocrx_word' id='word_1_113' title='bbox 1100 2199 1276 2272; x_wconf 82' lang='lat' dir='ltr'>absconsis</span> <span class='ocrx_word' id='word_1_114' title='bbox 1295 2199 1492 2273; x_wconf 93' lang='lat' dir='ltr'>bomioidiis</span> <span class='ocrx_word' id='word_1_115' title='bbox 1509 2199 1556 2297; x_wconf 85' lang='lat' dir='ltr'>(t)</span> <span class='ocrx_word' id='word_1_116' title='bbox 1582 2199 1676 2274; x_wconf 86' lang='lat' dir='ltr'>odite</span> <span class='ocrx_word' id='word_1_117' title='bbox 1699 2209 1825 2274; x_wconf 84' lang='lat' dir='ltr'>statuta</span> <span class='ocrx_word' id='word_1_118' title='bbox 1842 2223 1916 2273; x_wconf 86' lang='lat' dir='ltr'>ser·</span> 
     </span>
     <span class='ocr_line' id='line_1_15' title="bbox 510 2323 1913 2422; baseline -0.003 -22"><span class='ocrx_word' id='word_1_119' title='bbox 510 2349 648 2416; x_wconf 88' lang='lat' dir='ltr'>vamus;</span> <span class='ocrx_word' id='word_1_120' title='bbox 668 2336 751 2398; x_wconf 90' lang='lat' dir='ltr'>tuno</span> <span class='ocrx_word' id='word_1_121' title='bbox 769 2324 1027 2419; x_wconf 75' lang='lat' dir='ltr'>inquisitionem</span> <span class='ocrx_word' id='word_1_122' title='bbox 1045 2323 1090 2398; x_wconf 85' lang='lat' dir='ltr'>de</span> <span class='ocrx_word' id='word_1_123' title='bbox 1110 2323 1265 2422; x_wconf 85' lang='lat' dir='ltr'>predicto</span> <span class='ocrx_word' id='word_1_124' title='bbox 1284 2323 1433 2398; x_wconf 79' lang='lat' dir='ltr'>facinore</span> <span class='ocrx_word' id='word_1_125' title='bbox 1450 2323 1524 2398; x_wconf 87' lang='lat' dir='ltr'>fieri</span> <span class='ocrx_word' id='word_1_126' title='bbox 1543 2327 1704 2398; x_wconf 89' lang='lat' dir='ltr'>volumus</span> <span class='ocrx_word' id='word_1_127' title='bbox 1718 2325 1913 2419; x_wconf 81' lang='lat' dir='ltr'>diligenter,</span> 
     </span>
     <span class='ocr_line' id='line_1_16' title="bbox 508 2449 1918 2548; baseline -0.001 -25"><span class='ocrx_word' id='word_1_128' title='bbox 508 2473 571 2548; x_wconf 90' lang='lat' dir='ltr'>per</span> <span class='ocrx_word' id='word_1_129' title='bbox 591 2472 697 2546; x_wconf 85' lang='lat' dir='ltr'>quam</span> <span class='ocrx_word' id='word_1_130' title='bbox 716 2449 746 2522; x_wconf 92' lang='lat' dir='ltr'>si</span> <span class='ocrx_word' id='word_1_131' title='bbox 766 2450 900 2544; x_wconf 89' lang='lat' dir='ltr'>aliquid</span> <span class='ocrx_word' id='word_1_132' title='bbox 918 2459 1049 2523; x_wconf 89' lang='lat' dir='ltr'>osrtum</span> <span class='ocrx_word' id='word_1_133' title='bbox 1077 2451 1253 2545; x_wconf 88' lang='lat' dir='ltr'>probatur,</span> <span class='ocrx_word' id='word_1_134' title='bbox 1277 2449 1381 2542; x_wconf 83' lang='lat' dir='ltr'>juxta</span> <span class='ocrx_word' id='word_1_135' title='bbox 1403 2450 1547 2546; x_wconf 87' lang='lat' dir='ltr'>probata</span> <span class='ocrx_word' id='word_1_136' title='bbox 1570 2449 1803 2545; x_wconf 90' lang='lat' dir='ltr'>inquisitionis</span> <span class='ocrx_word' id='word_1_137' title='bbox 1824 2451 1918 2543; x_wconf 83' lang='lat' dir='ltr'>ajus-</span> 
     </span>
     <span class='ocr_line' id='line_1_17' title="bbox 511 2573 1919 2671; baseline -0.003 -21"><span class='ocrx_word' id='word_1_138' title='bbox 511 2575 589 2650; x_wconf 89' lang='lat' dir='ltr'>dem</span> <span class='ocrx_word' id='word_1_139' title='bbox 618 2573 877 2671; x_wconf 85' lang='lat' dir='ltr'>proosdsndum</span> <span class='ocrx_word' id='word_1_140' title='bbox 906 2596 981 2650; x_wconf 91' lang='lat' dir='ltr'>esse</span> <span class='ocrx_word' id='word_1_141' title='bbox 1004 2595 1196 2650; x_wconf 83' lang='lat' dir='ltr'>censemus.</span> <span class='ocrx_word' id='word_1_142' title='bbox 1228 2574 1331 2662; x_wconf 87' lang='lat' dir='ltr'>Quod</span> <span class='ocrx_word' id='word_1_143' title='bbox 1356 2575 1386 2650; x_wconf 88' lang='lat' dir='ltr'>si</span> <span class='ocrx_word' id='word_1_144' title='bbox 1411 2597 1458 2649; x_wconf 81' lang='lat' dir='ltr'>ox</span> <span class='ocrx_word' id='word_1_145' title='bbox 1481 2574 1701 2670; x_wconf 81' lang='lat' dir='ltr'>inqu&#39;mitione</span> <span class='ocrx_word' id='word_1_146' title='bbox 1724 2573 1801 2669; x_wconf 83' lang='lat' dir='ltr'>ipsa</span> <span class='ocrx_word' id='word_1_147' title='bbox 1822 2573 1919 2647; x_wconf 88' lang='lat' dir='ltr'>leves</span> 
     </span>
     <span class='ocr_line' id='line_1_18' title="bbox 511 2697 1918 2796; baseline -0.001 -24"><span class='ocrx_word' id='word_1_148' title='bbox 511 2719 657 2796; x_wconf 84' lang='lat' dir='ltr'>persono</span> <span class='ocrx_word' id='word_1_149' title='bbox 673 2699 789 2795; x_wconf 88' lang='lat' dir='ltr'>aliqua</span> <span class='ocrx_word' id='word_1_150' title='bbox 804 2698 850 2773; x_wconf 88' lang='lat' dir='ltr'>de</span> <span class='ocrx_word' id='word_1_151' title='bbox 866 2697 1053 2773; x_wconf 87' lang='lat' dir='ltr'>homicidio</span> <span class='ocrx_word' id='word_1_152' title='bbox 1067 2699 1143 2795; x_wconf 92' lang='lat' dir='ltr'>ipso</span> <span class='ocrx_word' id='word_1_153' title='bbox 1157 2708 1329 2789; x_wconf 84' lang='lat' dir='ltr'>notantur,</span> <span class='ocrx_word' id='word_1_154' title='bbox 1341 2700 1422 2772; x_wconf 86' lang='lat' dir='ltr'>ticet</span> <span class='ocrx_word' id='word_1_155' title='bbox 1439 2720 1500 2796; x_wconf 91' lang='lat' dir='ltr'>per</span> <span class='ocrx_word' id='word_1_156' title='bbox 1513 2721 1588 2772; x_wconf 87' lang='lat' dir='ltr'>eam</span> <span class='ocrx_word' id='word_1_157' title='bbox 1606 2708 1723 2772; x_wconf 87' lang='lat' dir='ltr'>eontra</span> <span class='ocrx_word' id='word_1_158' title='bbox 1741 2699 1834 2794; x_wconf 91' lang='lat' dir='ltr'>ipsos</span> <span class='ocrx_word' id='word_1_159' title='bbox 1847 2721 1918 2772; x_wconf 93' lang='lat' dir='ltr'>nou</span> 
     </span>
     <span class='ocr_line' id='line_1_19' title="bbox 511 2822 1917 2921; baseline -0.002 -22"><span class='ocrx_word' id='word_1_160' title='bbox 511 2825 675 2921; x_wconf 85' lang='lat' dir='ltr'>probetur</span> <span class='ocrx_word' id='word_1_161' title='bbox 689 2822 736 2897; x_wconf 89' lang='lat' dir='ltr'>ad</span> <span class='ocrx_word' id='word_1_162' title='bbox 750 2825 908 2920; x_wconf 87' lang='lat' dir='ltr'>plenum,</span> <span class='ocrx_word' id='word_1_163' title='bbox 928 2822 975 2898; x_wconf 86' lang='lat' dir='ltr'>ad</span> <span class='ocrx_word' id='word_1_164' title='bbox 997 2832 1164 2898; x_wconf 85' lang='lat' dir='ltr'>tormenta</span> <span class='ocrx_word' id='word_1_165' title='bbox 1183 2825 1333 2920; x_wconf 85' lang='lat' dir='ltr'>ipsarum</span> <span class='ocrx_word' id='word_1_166' title='bbox 1354 2845 1577 2920; x_wconf 82' lang='lat' dir='ltr'>personarum</span> <span class='ocrx_word' id='word_1_167' title='bbox 1592 2825 1723 2897; x_wconf 89' lang='lat' dir='ltr'>levium</span> <span class='ocrx_word' id='word_1_168' title='bbox 1741 2833 1776 2897; x_wconf 89' lang='lat' dir='ltr'>et</span> <span class='ocrx_word' id='word_1_169' title='bbox 1793 2823 1917 2897; x_wconf 88' lang='lat' dir='ltr'>vitium</span> 
     </span>
     <span class='ocr_line' id='line_1_20' title="bbox 511 2947 1920 3048; baseline -0.001 -26"><span class='ocrx_word' id='word_1_170' title='bbox 511 2958 684 3048; x_wconf 86' lang='lat' dir='ltr'>postremo</span> <span class='ocrx_word' id='word_1_171' title='bbox 698 2948 917 3023; x_wconf 86' lang='lat' dir='ltr'>decernimus</span> <span class='ocrx_word' id='word_1_172' title='bbox 932 2947 1230 3035; x_wconf 84' lang='lat' dir='ltr'>dososndendnm;</span> <span class='ocrx_word' id='word_1_173' title='bbox 1248 2971 1310 3044; x_wconf 89' lang='lat' dir='ltr'>por</span> <span class='ocrx_word' id='word_1_174' title='bbox 1328 2971 1397 3044; x_wconf 91' lang='lat' dir='ltr'>qne</span> <span class='ocrx_word' id='word_1_175' title='bbox 1414 2949 1568 3040; x_wconf 89' lang='lat' dir='ltr'>[omnia]</span> <span class='ocrx_word' id='word_1_176' title='bbox 1585 2949 1614 3022; x_wconf 93' lang='lat' dir='ltr'>si</span> <span class='ocrx_word' id='word_1_177' title='bbox 1631 2948 1676 3023; x_wconf 88' lang='lat' dir='ltr'>de</span> <span class='ocrx_word' id='word_1_178' title='bbox 1693 2948 1818 3023; x_wconf 86' lang='lat' dir='ltr'>delicto</span> <span class='ocrx_word' id='word_1_179' title='bbox 1829 2970 1920 3022; x_wconf 89' lang='lat' dir='ltr'>con-</span> 
     </span>
     <span class='ocr_line' id='line_1_21' title="bbox 511 3071 1923 3171; baseline 0 -26"><span class='ocrx_word' id='word_1_180' title='bbox 511 3081 602 3146; x_wconf 88' lang='lat' dir='ltr'>stare</span> <span class='ocrx_word' id='word_1_181' title='bbox 630 3095 699 3146; x_wconf 89' lang='lat' dir='ltr'>non</span> <span class='ocrx_word' id='word_1_182' title='bbox 719 3073 859 3170; x_wconf 88' lang='lat' dir='ltr'>poterit,</span> <span class='ocrx_word' id='word_1_183' title='bbox 887 3071 981 3168; x_wconf 88' lang='lat' dir='ltr'>quod</span> <span class='ocrx_word' id='word_1_184' title='bbox 1011 3071 1165 3147; x_wconf 86' lang='lat' dir='ltr'>confiteri</span> <span class='ocrx_word' id='word_1_185' title='bbox 1199 3073 1424 3168; x_wconf 83' lang='lat' dir='ltr'>pernimiam</span> <span class='ocrx_word' id='word_1_186' title='bbox 1447 3073 1562 3146; x_wconf 85' lang='lat' dir='ltr'>forsan</span> <span class='ocrx_word' id='word_1_187' title='bbox 1586 3084 1621 3145; x_wconf 88' lang='lat' dir='ltr'>et</span> <span class='ocrx_word' id='word_1_188' title='bbox 1642 3074 1776 3148; x_wconf 87' lang='lat' dir='ltr'>solitam</span> <span class='ocrx_word' id='word_1_189' title='bbox 1798 3083 1923 3171; x_wconf 87' lang='lat' dir='ltr'>poten-</span> 
     </span>
     <span class='ocr_line' id='line_1_22' title="bbox 514 3195 1918 3294; baseline 0.001 -26"><span class='ocrx_word' id='word_1_190' title='bbox 514 3197 597 3270; x_wconf 89' lang='lat' dir='ltr'>tiam</span> <span class='ocrx_word' id='word_1_191' title='bbox 615 3195 659 3294; x_wconf 80' lang='grc' dir='ltr'>(ε)</span> <span class='ocrx_word' id='word_1_192' title='bbox 675 3207 920 3270; x_wconf 89' lang='lat' dir='ltr'>tormentorum</span> <span class='ocrx_word' id='word_1_193' title='bbox 938 3197 1119 3294; x_wconf 89' lang='lat' dir='ltr'>intrepidi,</span> <span class='ocrx_word' id='word_1_194' title='bbox 1138 3197 1267 3291; x_wconf 89' lang='lat' dir='ltr'>quibus</span> <span class='ocrx_word' id='word_1_195' title='bbox 1284 3197 1488 3291; x_wconf 80' lang='lat' dir='ltr'>ingeruntur</span> <span class='ocrx_word' id='word_1_196' title='bbox 1503 3208 1687 3288; x_wconf 87' lang='lat' dir='ltr'>tormenta,</span> <span class='ocrx_word' id='word_1_197' title='bbox 1708 3220 1776 3272; x_wconf 92' lang='lat' dir='ltr'>non</span> <span class='ocrx_word' id='word_1_198' title='bbox 1790 3199 1918 3285; x_wconf 78' lang='lat' dir='ltr'>vetint3</span> 
     </span>
     <span class='ocr_line' id='line_1_23' title="bbox 515 3321 1917 3420; baseline 0.003 -28"><span class='ocrx_word' id='word_1_199' title='bbox 515 3323 571 3393; x_wconf 86' lang='lat' dir='ltr'>vel</span> <span class='ocrx_word' id='word_1_200' title='bbox 592 3321 620 3393; x_wconf 94' lang='lat' dir='ltr'>si</span> <span class='ocrx_word' id='word_1_201' title='bbox 639 3321 685 3393; x_wconf 93' lang='lat' dir='ltr'>ob</span> <span class='ocrx_word' id='word_1_202' title='bbox 708 3321 861 3418; x_wconf 90' lang='lat' dir='ltr'>ipsorum</span> <span class='ocrx_word' id='word_1_203' title='bbox 880 3323 1113 3420; x_wconf 82' lang='lat' dir='ltr'>impotentiam</span> <span class='ocrx_word' id='word_1_204' title='bbox 1127 3322 1193 3419; x_wconf 82' lang='lat' dir='ltr'>(d),</span> <span class='ocrx_word' id='word_1_205' title='bbox 1214 3333 1315 3416; x_wconf 86' lang='lat' dir='ltr'>prout</span> <span class='ocrx_word' id='word_1_206' title='bbox 1330 3321 1488 3396; x_wconf 86' lang='lat' dir='ltr'>accidere</span> <span class='ocrx_word' id='word_1_207' title='bbox 1504 3323 1664 3396; x_wconf 85' lang='lat' dir='ltr'>norimus</span> <span class='ocrx_word' id='word_1_208' title='bbox 1680 3323 1716 3394; x_wconf 92' lang='lat' dir='ltr'>in</span> <span class='ocrx_word' id='word_1_209' title='bbox 1734 3323 1917 3418; x_wconf 85' lang='lat' dir='ltr'>plerisque,</span> 
     </span>
     <span class='ocr_line' id='line_1_24' title="bbox 517 3445 1923 3543; baseline 0.002 -27"><span class='ocrx_word' id='word_1_210' title='bbox 517 3445 748 3520; x_wconf 86' lang='lat' dir='ltr'>ultramodum</span> <span class='ocrx_word' id='word_1_211' title='bbox 773 3447 885 3520; x_wconf 91' lang='lat' dir='ltr'>timidi</span> <span class='ocrx_word' id='word_1_212' title='bbox 910 3448 1091 3535; x_wconf 81' lang='lat' dir='ltr'>fateantur,</span> <span class='ocrx_word' id='word_1_213' title='bbox 1115 3469 1179 3520; x_wconf 87' lang='lat' dir='ltr'>neo</span> <span class='ocrx_word' id='word_1_214' title='bbox 1206 3447 1241 3518; x_wconf 93' lang='lat' dir='ltr'>in</span> <span class='ocrx_word' id='word_1_215' title='bbox 1268 3447 1481 3522; x_wconf 83' lang='lat' dir='ltr'>confessione</span> <span class='ocrx_word' id='word_1_216' title='bbox 1504 3447 1692 3543; x_wconf 87' lang='lat' dir='ltr'>perdurent</span> <span class='ocrx_word' id='word_1_217' title='bbox 1715 3448 1818 3521; x_wconf 89' lang='lat' dir='ltr'>soluti</span> <span class='ocrx_word' id='word_1_218' title='bbox 1845 3459 1923 3520; x_wconf 86' lang='lat' dir='ltr'>tor-</span> 
     </span>
    </p>
   </div>
   <div class='ocr_carea' id='block_1_2' title="bbox 445 3619 1924 3790">
    <p class='ocr_par' dir='ltr' id='par_1_3' title="bbox 445 3619 1924 3790">
     <span class='ocr_line' id='line_1_25' title="bbox 445 3619 1924 3704; baseline 0.004 -24"><span class='ocrx_word' id='word_1_219' title='bbox 445 3664 446 3668; x_wconf 63' lang='lat'>,</span> <span class='ocrx_word' id='word_1_220' title='bbox 557 3619 601 3702; x_wconf 84' lang='lat' dir='ltr'>(o)</span> <span class='ocrx_word' id='word_1_221' title='bbox 621 3623 731 3684; x_wconf 84' lang='lat' dir='ltr'>Groooe</span> <span class='ocrx_word' id='word_1_222' title='bbox 751 3619 935 3704; x_wconf 68' lang='grc' dir='ltr'>κρατὴμασινς</span> <span class='ocrx_word' id='word_1_223' title='bbox 957 3625 1037 3701; x_wconf 90' lang='lat' dir='ltr'>qnod</span> <span class='ocrx_word' id='word_1_224' title='bbox 1060 3624 1164 3685; x_wconf 84' lang='lat' dir='ltr'>mellus</span> <span class='ocrx_word' id='word_1_225' title='bbox 1189 3624 1368 3704; x_wconf 61' lang='lat' dir='ltr'>manto,</span> <span class='ocrx_word' id='word_1_226' title='bbox 1382 3623 1472 3704; x_wconf 87' lang='lat' dir='ltr'>hujus</span> <span class='ocrx_word' id='word_1_227' title='bbox 1493 3629 1559 3686; x_wconf 82' lang='lat' dir='ltr'>sert</span> <span class='ocrx_word' id='word_1_228' title='bbox 1574 3625 1727 3702; x_wconf 76' lang='lat' dir='ltr'>vocabulo,</span> <span class='ocrx_word' id='word_1_229' title='bbox 1749 3625 1924 3704; x_wconf 86' lang='lat' dir='ltr'>respondero</span> 
     </span>
     <span class='ocr_line' id='line_1_26' title="bbox 516 3718 843 3790; baseline 0.009 -3"><span class='ocrx_word' id='word_1_230' title='bbox 516 3718 640 3788; x_wconf 86' lang='lat' dir='ltr'>videtur.</span> <span class='ocrx_word' id='word_1_231' title='bbox 655 3729 701 3789; x_wconf 84' lang='lat' dir='ltr'>lta</span> <span class='ocrx_word' id='word_1_232' title='bbox 714 3733 745 3790; x_wconf 83' lang='lat' dir='ltr'>et</span> <span class='ocrx_word' id='word_1_233' title='bbox 756 3729 843 3790; x_wconf 79' lang='lat' dir='ltr'>intra.</span> 
     </span>
    </p>
   </div>
   <div class='ocr_carea' id='block_1_3' title="bbox 516 3831 1924 4236">
    <p class='ocr_par' dir='ltr' id='par_1_4' title="bbox 516 3831 1924 4018">
     <span class='ocr_line' id='line_1_27' title="bbox 558 3831 1924 3918; baseline 0.004 -24"><span class='ocrx_word' id='word_1_234' title='bbox 558 3831 600 3914; x_wconf 83' lang='lat' dir='ltr'>(t)</span> <span class='ocrx_word' id='word_1_235' title='bbox 622 3835 670 3897; x_wconf 87' lang='lat' dir='ltr'>Sto</span> <span class='ocrx_word' id='word_1_236' title='bbox 682 3837 772 3896; x_wconf 86' lang='lat' dir='ltr'>ettam</span> <span class='ocrx_word' id='word_1_237' title='bbox 785 3837 817 3896; x_wconf 88' lang='lat' dir='ltr'>tn</span> <span class='ocrx_word' id='word_1_238' title='bbox 831 3851 948 3915; x_wconf 65' lang='lat' dir='ltr'>puero.</span> <span class='ocrx_word' id='word_1_239' title='bbox 966 3835 1024 3898; x_wconf 85' lang='lat' dir='ltr'>Sed</span> <span class='ocrx_word' id='word_1_240' title='bbox 1045 3835 1202 3915; x_wconf 79' lang='lat' dir='ltr'>legendum</span> <span class='ocrx_word' id='word_1_241' title='bbox 1224 3833 1381 3916; x_wconf 72' lang='lat' dir='ltr'>molestatio,</span> <span class='ocrx_word' id='word_1_242' title='bbox 1396 3853 1465 3899; x_wconf 90' lang='lat' dir='ltr'>oum</span> <span class='ocrx_word' id='word_1_243' title='bbox 1477 3837 1515 3900; x_wconf 88' lang='lat' dir='ltr'>da</span> <span class='ocrx_word' id='word_1_244' title='bbox 1525 3835 1684 3902; x_wconf 68' lang='grc' dir='ltr'>Ιιοτιᾶοίὥίἱτ</span> <span class='ocrx_word' id='word_1_245' title='bbox 1696 3842 1728 3902; x_wconf 85' lang='lat' dir='ltr'>tu</span> <span class='ocrx_word' id='word_1_246' title='bbox 1741 3839 1924 3918; x_wconf 82' lang='lat' dir='ltr'>praesedentt</span> 
     </span>
     <span class='ocr_line' id='line_1_28' title="bbox 516 3939 908 4018; baseline 0.008 -18"><span class='ocrx_word' id='word_1_247' title='bbox 516 3939 581 4018; x_wconf 79' lang='lat' dir='ltr'>iege</span> <span class='ocrx_word' id='word_1_248' title='bbox 594 3941 711 4002; x_wconf 89' lang='lat' dir='ltr'>nultum</span> <span class='ocrx_word' id='word_1_249' title='bbox 725 3945 764 4003; x_wconf 88' lang='lat' dir='ltr'>stt</span> <span class='ocrx_word' id='word_1_250' title='bbox 777 3942 908 4004; x_wconf 83' lang='lat' dir='ltr'>verbum.</span> 
     </span>
    </p>

    <p class='ocr_par' dir='ltr' id='par_1_5' title="bbox 560 4043 1342 4131">
     <span class='ocr_line' id='line_1_29' title="bbox 560 4043 1342 4131; baseline 0.008 -25"><span class='ocrx_word' id='word_1_251' title='bbox 560 4043 599 4126; x_wconf 85' lang='lat' dir='ltr'>(c)</span> <span class='ocrx_word' id='word_1_252' title='bbox 624 4047 741 4109; x_wconf 82' lang='lat' dir='ltr'>Scilicet</span> <span class='ocrx_word' id='word_1_253' title='bbox 752 4065 806 4128; x_wconf 81' lang='lat' dir='ltr'>ptr</span> <span class='ocrx_word' id='word_1_254' title='bbox 818 4047 952 4111; x_wconf 74' lang='lat' dir='ltr'>roborato</span> <span class='ocrx_word' id='word_1_255' title='bbox 964 4047 1170 4131; x_wconf 74' lang='lat' dir='ltr'>comparandis</span> <span class='ocrx_word' id='word_1_256' title='bbox 1184 4053 1342 4112; x_wconf 79' lang='lat' dir='ltr'>tormentit.</span> 
     </span>
    </p>

    <p class='ocr_par' dir='ltr' id='par_1_6' title="bbox 558 4149 1276 4236">
     <span class='ocr_line' id='line_1_30' title="bbox 558 4149 1276 4236; baseline 0.003 -22"><span class='ocrx_word' id='word_1_257' title='bbox 558 4149 603 4233; x_wconf 88' lang='lat' dir='ltr'>(d)</span> <span class='ocrx_word' id='word_1_258' title='bbox 625 4153 742 4214; x_wconf 86' lang='lat' dir='ltr'>Soitiost</span> <span class='ocrx_word' id='word_1_259' title='bbox 754 4153 933 4216; x_wconf 76' lang='lat' dir='ltr'>imbecillitas</span> <span class='ocrx_word' id='word_1_260' title='bbox 945 4175 1018 4236; x_wconf 79' lang='lat' dir='ltr'>quae</span> <span class='ocrx_word' id='word_1_261' title='bbox 1033 4157 1181 4218; x_wconf 75' lang='lat' dir='ltr'>tormentit</span> <span class='ocrx_word' id='word_1_262' title='bbox 1192 4155 1276 4216; x_wconf 81' lang='lat' dir='ltr'>cadit.</span> 
     </span>
    </p>
   </div>
   <div class='ocr_carea' id='block_1_4' title="bbox 520 4390 1928 4762">
    <p class='ocr_par' dir='ltr' id='par_1_7' title="bbox 520 4390 1928 4762">
     <span class='ocr_line' id='line_1_31' title="bbox 520 4390 1926 4470; baseline 0.004 -26"><span class='ocrx_word' id='word_1_263' title='bbox 520 4391 630 4448; x_wconf 78' lang='lat' dir='ltr'>»facias</span> <span class='ocrx_word' id='word_1_264' title='bbox 642 4390 807 4464; x_wconf 82' lang='lat' dir='ltr'>diligantur:</span> <span class='ocrx_word' id='word_1_265' title='bbox 828 4408 877 4466; x_wconf 88' lang='lat' dir='ltr'>per</span> <span class='ocrx_word' id='word_1_266' title='bbox 893 4395 1010 4466; x_wconf 88' lang='lat' dir='ltr'>quamsi</span> <span class='ocrx_word' id='word_1_267' title='bbox 1032 4401 1158 4468; x_wconf 81' lang='lat' dir='ltr'>poterunt</span> <span class='ocrx_word' id='word_1_268' title='bbox 1176 4395 1304 4467; x_wconf 86' lang='lat' dir='ltr'>inveniri,</span> <span class='ocrx_word' id='word_1_269' title='bbox 1318 4396 1448 4470; x_wconf 83' lang='lat' dir='ltr'>prooodas</span> <span class='ocrx_word' id='word_1_270' title='bbox 1469 4395 1603 4454; x_wconf 86' lang='lat' dir='ltr'>mediante</span> <span class='ocrx_word' id='word_1_271' title='bbox 1623 4394 1732 4469; x_wconf 79' lang='lat' dir='ltr'>justicia</span> <span class='ocrx_word' id='word_1_272' title='bbox 1754 4401 1845 4454; x_wconf 89' lang='lat' dir='ltr'>ooutra</span> <span class='ocrx_word' id='word_1_273' title='bbox 1868 4409 1926 4452; x_wconf 86' lang='lat' dir='ltr'>eos.</span> 
     </span>
     <span class='ocr_line' id='line_1_32' title="bbox 520 4488 1927 4566; baseline 0.005 -25"><span class='ocrx_word' id='word_1_274' title='bbox 520 4509 533 4541; x_wconf 72' lang='lat' dir='ltr'>a</span> <span class='ocrx_word' id='word_1_275' title='bbox 547 4489 670 4546; x_wconf 81' lang='lat' dir='ltr'>Ceterum</span> <span class='ocrx_word' id='word_1_276' title='bbox 689 4488 713 4546; x_wconf 91' lang='lat' dir='ltr'>si</span> <span class='ocrx_word' id='word_1_277' title='bbox 731 4488 914 4549; x_wconf 75' lang='lat' dir='ltr'>malefactores</span> <span class='ocrx_word' id='word_1_278' title='bbox 932 4507 985 4548; x_wconf 92' lang='lat' dir='ltr'>uon</span> <span class='ocrx_word' id='word_1_279' title='bbox 1003 4498 1129 4565; x_wconf 85' lang='lat' dir='ltr'>poterunt</span> <span class='ocrx_word' id='word_1_280' title='bbox 1143 4493 1270 4566; x_wconf 79' lang='lat' dir='ltr'>inveniri,</span> <span class='ocrx_word' id='word_1_281' title='bbox 1285 4493 1415 4552; x_wconf 76' lang='lat' dir='ltr'>damnum</span> <span class='ocrx_word' id='word_1_282' title='bbox 1428 4493 1514 4551; x_wconf 84' lang='lat' dir='ltr'>eidem</span> <span class='ocrx_word' id='word_1_283' title='bbox 1528 4493 1631 4551; x_wconf 87' lang='lat' dir='ltr'>mulieri</span> <span class='ocrx_word' id='word_1_284' title='bbox 1642 4493 1744 4552; x_wconf 81' lang='lat' dir='ltr'>illatum</span> <span class='ocrx_word' id='word_1_285' title='bbox 1762 4493 1798 4552; x_wconf 84' lang='lat' dir='ltr'>ab</span> <span class='ocrx_word' id='word_1_286' title='bbox 1818 4491 1927 4552; x_wconf 84' lang='lat' dir='ltr'>unirer·</span> 
     </span>
     <span class='ocr_line' id='line_1_33' title="bbox 521 4585 1928 4666; baseline 0.007 -29"><span class='ocrx_word' id='word_1_287' title='bbox 521 4586 631 4644; x_wconf 69' lang='lat' dir='ltr'>usitate</span> <span class='ocrx_word' id='word_1_288' title='bbox 644 4585 730 4660; x_wconf 89' lang='lat' dir='ltr'>ipsius</span> <span class='ocrx_word' id='word_1_289' title='bbox 752 4591 837 4658; x_wconf 86' lang='lat' dir='ltr'>terro,</span> <span class='ocrx_word' id='word_1_290' title='bbox 857 4588 885 4644; x_wconf 93' lang='lat' dir='ltr'>in</span> <span class='ocrx_word' id='word_1_291' title='bbox 905 4589 982 4662; x_wconf 85' lang='lat' dir='ltr'>cnjus</span> <span class='ocrx_word' id='word_1_292' title='bbox 1002 4589 1133 4648; x_wconf 81' lang='lat' dir='ltr'>territorio</span> <span class='ocrx_word' id='word_1_293' title='bbox 1156 4590 1284 4648; x_wconf 85' lang='lat' dir='ltr'>damnum</span> <span class='ocrx_word' id='word_1_294' title='bbox 1305 4591 1391 4650; x_wconf 83' lang='lat' dir='ltr'>extitit</span> <span class='ocrx_word' id='word_1_295' title='bbox 1410 4597 1610 4666; x_wconf 79' lang='lat' dir='ltr'>perpetratum,</span> <span class='ocrx_word' id='word_1_296' title='bbox 1624 4591 1773 4650; x_wconf 85' lang='lat' dir='ltr'>seeundum</span> <span class='ocrx_word' id='word_1_297' title='bbox 1794 4591 1928 4666; x_wconf 79' lang='lat' dir='ltr'>iustitiam</span> 
     </span>
     <span class='ocr_line' id='line_1_34' title="bbox 520 4680 1559 4762; baseline 0.008 -26"><span class='ocrx_word' id='word_1_298' title='bbox 520 4700 533 4735; x_wconf 80' lang='lat' dir='ltr'>u</span> <span class='ocrx_word' id='word_1_299' title='bbox 549 4680 632 4740; x_wconf 77' lang='lat' dir='ltr'>radas</span> <span class='ocrx_word' id='word_1_300' title='bbox 642 4683 794 4754; x_wconf 84' lang='lat' dir='ltr'>emendari,</span> <span class='ocrx_word' id='word_1_301' title='bbox 813 4699 848 4742; x_wconf 92' lang='lat' dir='ltr'>ne</span> <span class='ocrx_word' id='word_1_302' title='bbox 862 4684 898 4742; x_wconf 89' lang='lat' dir='ltr'>ab</span> <span class='ocrx_word' id='word_1_303' title='bbox 912 4685 964 4742; x_wconf 89' lang='lat' dir='ltr'>beo</span> <span class='ocrx_word' id='word_1_304' title='bbox 976 4686 1096 4744; x_wconf 85' lang='lat' dir='ltr'>iteratam</span> <span class='ocrx_word' id='word_1_305' title='bbox 1107 4687 1245 4762; x_wconf 86' lang='lat' dir='ltr'>querelam</span> <span class='ocrx_word' id='word_1_306' title='bbox 1257 4686 1368 4746; x_wconf 87' lang='lat' dir='ltr'>ulterius</span> <span class='ocrx_word' id='word_1_307' title='bbox 1381 4688 1530 4748; x_wconf 85' lang='lat' dir='ltr'>audiamus.</span> <span class='ocrx_word' id='word_1_308' title='bbox 1545 4708 1559 4744; x_wconf 79' lang='lat' dir='ltr'>r</span> 
     </span>
    </p>
   </div>
   <div class='ocr_carea' id='block_1_5' title="bbox 0 0 2223 5908">
    <p class='ocr_par' dir='ltr' id='par_1_8' title="bbox 0 0 2223 5908">
     <span class='ocr_line' id='line_1_35' title="bbox 0 0 2223 5908; baseline 0 0"><span class='ocrx_word' id='word_1_309' title='bbox 0 0 2223 5908; x_wconf 95' lang='lat' dir='ltr'> </span> 
     </span>
    </p>
   </div>
  </div>
 </body>
</html>
