4288 5912
472 641 475 648 7
547 551 607 614 ³90
1046 549 1259 612 lllllllllllldl
1283 546 1458 612 secortttt
1769 546 1850 630 [bn.
1868 547 1951 610 1232

546 683 764 762 successibus
790 682 915 758 nostris
940 685 1174 780 peremnitatis
1197 685 1343 781 gloriam
1367 703 1600 779 agregamus,.
1620 704 1702 756 cum
1722 683 1836 776 justas
1862 683 1954 758 vices

545 809 675 886 meritis
697 809 903 902 referentes,
924 808 1000 882 illos
1020 831 1067 884 ex
1085 811 1255 908 imperiali
1273 807 1509 884 munificentia
1529 805 1706 882 beneficiis
1727 807 1852 882 nostris
1876 828 1954 905 pro·

544 935 722 1028 sequimur
745 953 836 1028 quos
855 927 943 1030 pu're
964 932 1046 1008 fidei
1067 929 1214 1009 decorat
1230 933 1430 1010 ocasmnoia
1446 941 1485 1007 et
1508 931 1733 1007 servicioruru
1758 953 1900 1028 praem
1920 942 1954 1006 et

543 1059 708 1131 continua
727 1056 902 1154 gratitudo
921 1059 1156 1134 commendat..
1174 1053 1244 1133 Nos
1258 1056 1559 1155 igiturpredictns
1580 1057 1728 1131 virtutes
1745 1057 1794 1130 in.
1807 1077 1952 1153 persona
2115 1053 2116 1072 ¹

543 1181 700 1256 lllccardi
717 1181 763 1256 de
783 1180 982 1257 Brundusio
1005 1183 1138 1275 clerici,
1158 1183 1273 1258 dileoi
1290 1183 1470 1258 familiaris
1490 1190 1526 1256 st
1542 1180 1657 1256 fidelis
1674 1180 1799 1271 nostri,
1815 1182 1952 1278 perspi-

542 1327 626 1378 cuas
644 1305 876 1396 attendentes,
901 1307 1017 1403 ipsum
1034 1307 1240 1382 lliccurdum
1253 1307 1593 1404 archipresbyterum
1612 1306 1648 1378 in
1670 1305 1816 1383 eeclesia
1837 1314 1952 1381 nostra

539 1429 716 1505 Altamnre
732 1431 798 1504 site
809 1431 844 1505 in
860 1432 1086 1526 justitiariatu
1099 1441 1190 1507 terre
1201 1432 1281 1506 Bari
1295 1453 1358 1528 per
1368 1452 1433 1506 uos
1449 1430 1497 1506 ad
1505 1431 1679 1506 bonorem
1685 1431 1789 1506 beata
1801 1429 1950 1525 Virginis

539 1554 584 1628 de
612 1575 704 1631 novo
731 1555 876 1630 lundata
898 1555 1065 1631 duximus
1091 1557 1327 1632 statuendum.
1347 1555 1591 1631 'Conmdentes
1604 1555 1680 1630 sibi
1698 1563 1746 1635 ‘et
1768 1575 1950 1630 sucooeso·

537 1680 635 1753 ribus
664 1679 736 1754 suis
764 1678 912 1754 eandem
931 1679 1112 1755 ecclesiam
1139 1683 1284 1756 liberam
1304 1691 1342 1760 ct
1369 1689 1567 1778 exemptam
1590 1681 1636 1754 ab
1658 1681 1764 1754 omni.
1777 1679 1949 1775 jurisdic-

537 1805 631 1878 tione
651 1805 965 1902 archiepiscopatus
987 1807 1045 1880 vel
1065 1807 1283 1903 episcopatus
1300 1806 1504 1900 cujuslibet3
1525 1806 1573 1880 ita
1588 1804 1790 1902 quodnulli
1809 1805 1948 1878 archie-

537 1929 680 2026 piscopo
702 1932 760 2003 vel
776 1929 937 2026 episcopo
955 1952 1097 2027 prorsus
1113 1932 1158 2005 sit
1174 1931 1349 2024 subditos,
1369 1942 1484 2027 preter
1500 1939 1618 2004 sancte
1632 1931 1786 2004 llomane
1796 1929 1948 2004 Eooloeie

536 2075 607 2150 qne
629 2062 734 2149 caput
757 2063 810 2128 est
832 2055 987 2129 omnium
1009 2056 1232 2130 ecclesiarum
1258 2065 1294 2130 et
1318 2055 1419 2130 nobis
1439 2053 1505 2152 qui
1524 2055 1682 2130 eamdem
1705 2054 1888 2130 ecclesiam
1911 2055 1947 2128 in

537 2178 702 2253 honorem
715 2179 815 2254 beata
831 2179 988 2275 Virginis·
995 2179 1151 2254 edificari
1166 2181 1315 2256 lecimus
1332 2180 1369 2252 in
1389 2188 1479 2254 terra
1494 2179 1810 2276 predictaliberam
1830 2185 1868 2252 et
1882 2178 1946 2250 im·

536 2325 691 2395 munem,
708 2304 893 2378 collacione
911 2303 1057 2401 predicti
1074 2304 1414 2402 archipresbiteratus
1430 2303 1532 2378 nobis
1549 2313 1585 2378 et
1597 2303 1855 2378 successoribus
1868 2325 1945 2400 per·

535 2437 641 2526 petuo
658 2437 844 2504 reservata.
865 2420 920 2503 'Ad
941 2429 1046 2523 hujus
1062 2439 1179 2506 autem
1194 2442 1311 2505 nostro
1325 2429 1558 2504 concessionis
1572 2428 1827 2504 memoriamet
1840 2427 1945 2501 robor

534 2561 702 2650 perpetuo
722 2553 927 2647 valiturum,
948 2576 1090 2650 presens
1112 2555 1336 2652 privilegium
1355 2577 1419 2652 per
1435 2575 1560 2633 manua
1576 2555 1739 2652 Procopii
1751 2553 1796 2628 de
1815 2553 1944 2628 matera

536 2678 659 2750 notarii
677 2687 712 2752 et
728 2676 840 2750 fidelis
864 2679 972 2752 nostri
995 2687 1030 2752 et
1051 2679 1166 2776 sigillo
1187 2680 1375 2774 majestatis
1399 2687 1515 2754 nostre
1532 2680 1701 2774 jussimus
1721 2676 1940 2770 communiri,

382 2861 385 2870 .
533 2823 638 2893 enno,
656 2823 775 2876 mense
791 2811 826 2875 et
842 2801 1030 2877 indictione
1045 2804 1260 2900 subscriptis.

579 2928 705 3000 Datum
723 2924 852 3016 Mellle,
872 2947 964 2999 anno
980 2925 1153 3000 dominice
1169 2927 1413 3002 incarnationis
1428 2926 1609 3002 millesimo
1625 2925 1861 3002 ducentesimo
1880 2925 1942 2998 tri·

532 3049 660 3150 cesimo
692 3051 867 3144 secondo,
896 3072 1015 3125 mense
1047 3035 1272 3148 septembris,
1303 3051 1492 3127 indictione
1520 3061 1639 3146 sexta,
1670 3051 1804 3148 imperii
1835 3051 1940 3124 nostri

532 3197 623 3254 anno
641 3177 864 3282 duodecimo,
884 3179 983 3274 regni
1001 3176 1190 3254 Ierusalem
1211 3179 1376 3277 septimo,
1403 3181 1503 3276 regni
1517 3201 1608 3256 uero
1630 3179 1744 3254 Sicilie
1768 3177 1940 3253 tricesimo

533 3303 694 3399 [quinto],
715 3303 870 3378 feliciter.
887 3301 1011 3378 Arnen.

348 3792 478 3906 iffi,
580 3773 708 3868 Mense
725 3777 948 3891 septembris
965 3779 1170 3891 imperator
1188 3806 1212 3890 e
1228 3777 1353 3868 blelfia
1369 3779 1472 3866 venit
1488 3779 1664 3899 logiam,
1684 3791 1722 3864 et
1741 3777 1935 3892 generales

525 3927 734 4026 pertulum
750 3939 915 4027 regnum
927 3913 1077 3998 litteras
1094 3913 1226 4026 dirigit
1240 3923 1286 4004 ut
1301 3915 1351 4000 de
1367 3915 1538 4026 qualibet
1557 3914 1705 4002 mutate
1725 3915 1786 4000 vel
1811 3923 1935 3998 castro

524 4053 602 4134 duo
619 4053 668 4134 de
684 4049 905 4134 melioribus
923 4048 1104 4132 amedent
1136 4050 1186 4132 ad
1216 4049 1341 4160 ipsum
1366 4049 1618 4160 proutilitate
1639 4049 1747 4160 regni
1770 4058 1809 4132 et
1825 4071 1933 4132 oom-

523 4185 639 4268 modo
657 4183 823 4300 generali
842 4181 925 4294 (l);
946 4183 996 4266 ad
1013 4207 1129 4294 quem
1146 4207 1217 4294 pro
1239 4193 1340 4267 terra
1358 4182 1487 4268 Sancti
1505 4182 1683 4268 Germani
1700 4181 1770 4266 ivit
1785 4179 1929 4269 Roffri-

522 4320 597 4401 dus
614 4319 662 4402 de
679 4317 805 4402 Monte
821 4315 945 4400 miles.

556 4581 591 4657 (t)
609 4581 697 4640 Prima
707 4581 767 4640 vice
779 4583 891 4640 nuncios
903 4583 1041 4640 cidtatum
1054 4583 1088 4641 ad
1100 4581 1202 4641 curiam
1216 4583 1273 4642 sire
1284 4582 1487 4660 parlamentum
1496 4585 1624 4642 conuocat
1634 4581 1788 4658 imperator.
1798 4577 1839 4642 ct
1852 4595 1925 4640 urm·

517 4679 721 4738 datat⁰mertii
733 4685 763 4739 et
777 4679 925 4738 tormentit
940 4679 1009 4740 tiit
1024 4680 1096 4756 apud
1112 4679 1262 4741 viterbium
1280 4679 1731 4756 conmanducatam.
