4308 5910
484 528 542 590 116
667 545 678 554 ‘
1007 530 1365 594 CONSTITUTIONES

486 661 545 736 die
573 663 811 760 appellationis
837 665 1035 762 interposite
1067 669 1194 742 habeat
1220 667 1427 764 appellator,
1456 662 1547 737 inira
1572 663 1670 758 quod
1695 685 1889 761 pmoessum

480 785 606 879 judieii
629 796 664 860 et
685 791 922 884 appellationis
939 800 1054 865 nostre
1081 794 1177 866 curia
1193 797 1413 890 representet.
1431 787 1475 860 Et
1493 795 1533 861 ut
1548 787 1662 860 omnis
1683 788 1823 861 omnino
1839 788 1890 862 al·

484 909 631 1000 legando
653 911 864 986 difficultatis
878 915 1012 988 oooasio
1029 915 1066 986 in
1085 925 1258 1010 posterum
1276 912 1513 1008 conquiescat,
1535 911 1780 1006 appellationes
1797 911 1891 1006 ipsas

483 1035 647 1130 magistro
658 1037 846 1128 justitiario
861 1059 923 1112 seu
939 1037 1113 1130 judicibus
1130 1061 1255 1134 magne
1273 1039 1369 1112 ourie
1386 1043 1501 1110 nostre
1523 1034 1671 1108 sufficiat
1687 1035 1886 1131 presentari.

484 1159 641 1234 Ceterum
663 1161 694 1234 si
724 1160 770 1234 ad
791 1161 876 1236 alios
897 1163 1043 1254 maiores
1061 1161 1197 1254 jndioar
1221 1185 1243 1236 a
1266 1161 1439 1234 minorum
1460 1159 1627 1232 sententia
1647 1158 1751 1232 luerit
1769 1159 1887 1253 appel·

483 1283 566 1356 latio
587 1283 780 1376 interjecta,
800 1284 863 1378 qui
884 1305 954 1356 non
969 1283 1016 1380 (o)
1034 1285 1215 1359 nobiscum
1243 1285 1279 1357 in
1306 1283 1403 1358 ouria
1428 1289 1693 1371 oommorantur,
1718 1289 1802 1353 tuno
1825 1301 1886 1375 pro

483 1406 634 1480 locorum
661 1405 833 1480 distantiis
857 1417 892 1480 ot
916 1429 1099 1482 causarum
1122 1408 1346 1503 qualitatibus
1371 1427 1504 1480 neonon
1531 1415 1567 1478 et
1595 1425 1836 1500 personarum,
1865 1425 1886 1478 a

483 1529 789 1626 pmnunoiantibus
807 1531 987 1623 jndicibus
1013 1533 1318 1628 presentandarum
1340 1529 1609 1627 appellationum
1634 1537 1789 1624 tempora
1809 1548 1887 1622 pre·

483 1654 580 1727 stitui
598 1655 760 1728 volumus
775 1656 980 1752 appellanti,
1004 1655 1193 1730 dummodo
1220 1655 1452 1751 predictorum
1475 1651 1726 1748 qninquaginta
1752 1650 1886 1724 dierum

483 1778 634 1874 spatium
669 1799 739 1851 non
769 1779 916 1854 excedat
948 1781 1082 1855 indulta
1113 1779 1243 1854 dilatio.
1276 1779 1353 1865 Qua
1376 1777 1491 1851 omnia
1517 1776 1554 1848 in
1582 1775 1658 1872 ipso
1688 1774 1886 1870 appellatio-

484 1923 568 1974 num
596 1898 644 1996 (l)
678 1912 795 1976 tenore
828 1905 990 1978 volumus
1014 1903 1194 1978 oontineri.
1223 1902 1314 1976 lllud
1337 1901 1440 1976 etiam
1470 1899 1619 1996 presenti
1645 1899 1886 1992 oonjungimus

484 2025 652 2098 sanctioni
665 2025 761 2120 quod
777 2027 807 2100 si
824 2037 901 2122 post
916 2027 1178 2124 appellationem
1195 2034 1436 2122 presentatam,
1453 2025 1643 2120 appellator
1657 2021 1733 2094 siue
1751 2021 1886 2096 lieentia

478 2148 609 2243 judicis
626 2148 790 2244 adquam
808 2151 995 2246 appellavit
1015 2151 1223 2242 discesserit,
1242 2171 1307 2224 neo
1326 2150 1492 2222 instanter
1511 2148 1615 2220 instet
1629 2155 1669 2219 ut
1685 2166 1885 2240 responsum

482 2271 639 2346 debitum
667 2283 897 2368 oomequatur
924 2275 1025 2369 quasi
1052 2295 1232 2370 nunquam
1254 2272 1494 2369 appellaverit,
1517 2279 1591 2344 rata
1614 2269 1783 2342 sententia
1809 2289 1885 2362 per·

481 2395 646 2487 manebit,
667 2395 733 2468 nisi
748 2396 823 2491 ipso
838 2399 918 2490 jure
933 2398 1029 2471 nulla
1042 2421 1063 2472 a
1072 2398 1193 2492 judioe
1205 2398 1381 2494 superiore
1394 2395 1543 2470 dicatur.

898 2749 1100 2823 TITULUS
1127 2749 1258 2822 XLIX.
1284 2753 1352 2822 ΜΖ
1376 2743 1466 2846 (l'l).

843 2954 889 3024 lla
908 2954 1015 3026 comis
1033 2957 1069 3026 io
1080 2955 1206 3048 judioio
1224 2957 1288 3026 cito
1305 2953 1448 3027 dicendis
1469 2950 1526 3050 ().

1019 3181 1113 3230 rnna
1139 3181 1341 3232 auousrus.

530 3355 715 3430 Universos
734 3367 769 3431 et
784 3357 939 3452 singulos
956 3361 1096 3453 judiees
1119 3362 1218 3454 regni
1245 3361 1351 3435 nostri
1376 3359 1538 3434 volumus
1557 3379 1639 3430 oum
1664 3364 1746 3429 voto
1770 3363 1885 3426 nostm

481 3501 700 3570 concurrere3
720 3490 758 3553 ut
776 3503 898 3556 causas
916 3483 951 3554 in
970 3505 1088 3556 eornm
1105 3485 1267 3558 examine
1287 3484 1469 3558 ventilatas
1489 3483 1557 3556 aito
1576 3479 1753 3572 decidant,
1775 3477 1886 3550 advo-

481 3619 633 3682 catorum
660 3605 925 3702 allegationibus
944 3608 1005 3701 qui
1024 3607 1224 3704 philacteria
1242 3629 1306 3681 sua
1322 3607 1512 3704 perorando
1529 3605 1690 3695 dilatant,
1710 3601 1777 3674 nisi
1799 3621 1886 3695 qua·

480 3741 581 3805 tenus
597 3728 791 3804 desiderate
806 3729 1037 3804 instructionis
1051 3731 1237 3805 necessitas
1252 3732 1419 3826 exegerit,
1439 3732 1634 3803 nullatenus
1650 3726 1880 3820 indulgentes.

481 3854 550 3928 Sed
572 3863 650 3949 post
673 3854 766 3927 diota
792 3853 928 3926 testium
955 3855 1207 3950 publicatorum
1231 3855 1268 3927 in
1287 3855 1421 3948 J’udioio
1449 3864 1484 3928 et
1512 3875 1559 3928 ex
1583 3852 1634 3926 eis
1653 3849 1809 3923 rubricas
1829 3869 1885 3919 as·

480 3987 650 4072 sumptas,
672 3977 708 4048 in
724 3977 876 4071 qualibet
891 3999 995 4052 eausa
1015 3979 1164 4054 duorum
1189 3980 1325 4053 dierum
1340 3979 1489 4074 spatium
1504 3987 1638 4050 tantum
1657 3973 1808 4046 habeant
1823 3969 1886 4043 ad·

482 4100 594 4174 vocati
623 4099 668 4173 ad
696 4099 945 4195 disputandum
974 4101 1122 4194 dejure
1150 4110 1185 4176 et
1211 4099 1487 4176 oonolndendum
1519 4098 1556 4170 in
1584 4115 1701 4171 oauea.
1731 4093 1883 4180 Quorum

482 4223 662 4319 segnitiem
683 4223 714 4296 ai
733 4223 845 4316 judex
871 4225 995 4318 [cause
1015 4221 1117 4323 forte]
1139 4225 1303 4322 repererit
1328 4223 1542 4318 evidentem,
1569 4239 1740 4319 expensas
1765 4236 1884 4292 omnes

373 4405 375 4410 ¹
526 4425 567 4500 (a)
588 4425 733 4488 Addimus
746 4443 806 4486 noo
818 4443 855 4488 ex
868 4433 993 4506 utroque
1005 4443 1109 4508 maeno
1122 4437 1153 4491 et
1164 4447 1203 4492 ex
1216 4429 1283 4491 eod.
1296 4437 1387 4491 seat.

528 4528 568 4611 (t)
590 4533 627 4593 ln
639 4531 778 4594 omnlbus
795 4533 882 4595 edltla
894 4531 1098 4614 aporwlonrm.
1113 4537 1198 4612 Quod
1211 4539 1275 4615 lpse
1288 4553 1326 4597 ax
1340 4550 1445 4615 graeco
1457 4531 1593 4596 mandat
1606 4529 1765 4603 camut·

527 4635 563 4719 (a)
585 4639 695 4702 Graece
711 4657 720 4700 ι
739 4637 895 4723 lltjodicar
907 4659 967 4702 noo
979 4639 1150 4725 indulgeant
1162 4641 1304 4706 advocatia
1316 4637 1609 4722 mmmmm·
