4360 5908
548 543 610 606 366
1046 541 1263 604 rntnnntct
1286 541 1461 606 sltcttllnt
1771 545 1853 630 [Αιι
1872 547 1959 608 iffi

550 676 658 768 hujus
680 683 797 748 numm
821 671 1089 748 confirmationis
1113 685 1230 750 nosue
1253 677 1456 751 montorium
1480 685 1518 749 et
1542 675 1649 748 robur
1667 685 1838 772 pepetno
1866 679 1963 752 vali-

548 812 685 890 turum,
712 821 854 896 precem
877 799 1045 894 scriptum
1069 799 1197 874 exinde
1223 801 1338 877 eidem
1359 801 1468 875 banni
1489 799 1565 874 deri
1584 811 1621 874 ct
1638 801 1752 897 rigillo
1773 805 1962 898 ΝΜ

550 935 665 998 nostm
674 925 844 1017 jussimus
858 925 1079 998 communiri.
1865 949 1872 958 ·

599 1051 723 1122 Datum
741 1047 837 1144 apud
855 1049 1108 1143 Spinacrolam‚
1128 1072 1221 1124 anno
1237 1049 1412 1125 dominice
1428 1051 1674 1124 incarnation'n
1693 1053 1877 1128 millanno
1894 1055 1962 1128 du-

551 1174 739 1248 centesimo
761 1173 933 1246 tricesimo
955 1174 1129 1262 secundo,
1149 1197 1269 1248 mense
1280 1177 1376 1268 iulii,
1394 1177 1516 1270 quinte
1532 1175 1746 1268 indictionis,
1772 1179 1963 1276 imperante

550 1299 692 1372 domino
717 1309 834 1372 nostro
864 1297 1037 1372 Friderioo
1060 1299 1303 1394 gloriosissimo
1330 1303 1564 1374 Romanorum
1589 1301 1795 1398 imputare
1825 1327 1964 1401 semper

551 1434 715 1519 augusto,
732 1425 921 1496 Jerusalem
947 1425 986 1496 et
999 1425 1114 1498 Sicilie
1132 1447 1233 1520 rego,
1251 1427 1386 1522 imperii
1406 1427 1485 1518 ejus
1502 1447 1596 1498 nnno
1617 1425 1847 1517 duodecimo,
1866 1432 1960 1524 regni

552 1549 735 1624 lernsnlem
750 1559 873 1622 octavo
892 1549 988 1642 (ab),
1007 1549 1106 1644 regni
1122 1547 1238 1638 Sicilie
1256 1549 1429 1623 tricesimo
1446 1551 1553 1622 racto
1571 1553 1583 1642 l
1592 1551 1656 1643 leq.
1673 1551 1826 1644 quinto).

774 1851 1739 1866 -ι-ι-ι--α--ι-οοιιιιι-ι-Ἥ-ι-ι-ι-οι--ι-σ-ᾝ

464 2169 489 2234 ,3
610 2122 814 2232 Gregorius
835 2147 935 2232 papa
952 2119 1083 2204 scribit
1102 2121 1293 2206 Friderioo
1318 2123 1578 2208 Romanorum
1601 2123 1821 2234 imperatori
1835 2123 1961 2232 quod,

555 2283 644 2338 cum
659 2256 856 2339 Gebardus
869 2255 1018 2364 legatus
1032 2253 1116 2366 ejus
1129 2256 1169 2338 in
1179 2257 1316 2340 Tuscia
1328 2284 1407 2342 uon
1417 2261 1673 2369 comparuerit
1684 2260 1788 2368 apud
1795 2259 1963 2344 bundam

555 2393 604 2474 de
618 2417 712 2500 paco
732 2416 821 2472 cum
839 2388 1063 2473 lombardis
1077 2399 1328 2500 tractaturus,
1352 2417 1483 2474 coram
1501 2419 1543 2476 se
1560 2419 1718 2478 seusam
1734 2391 1904 2479 evocavit
1918 2391 1962 2472 ad

556 2525 774 2632 proximum
791 2523 931 2608 festum
950 2523 1135 2608 Omnium
1151 2523 1393 2610 Sanctorum.

635 2739 764 2818 (lnsdlt.
780 2756 818 2800 cx
836 2745 943 2818 regest.
959 2737 1083 2818 Gregor.
1097 2739 1157 2812 lx,
1173 2757 1244 2802 nnn.
1260 2741 1320 2814 Vl,
1338 2743 1425 2818 splot.
1444 2749 1501 2813 29,
1515 2741 1547 2800 ln
1560 2741 1676 2802 collect.
1690 2739 1817 2818 lanortc
1829 2739 1872 2800 du
1885 2738 1965 2799 ’lbell

676 2863 726 2925 np.
741 2846 881 2909 Blbllotb.
897 2863 961 2926 reg.
976 2847 1148 2923 Pnrlslcns)

607 3035 804 3129 Gregorius,
825 3043 910 3124 etc,
929 3035 1106 3108 carissimo
1124 3035 1159 3106 iu
1177 3035 1310 3108 Christo
1327 3033 1399 3109 fibo
1412 3047 1528 3110 nostro
1542 3035 1725 3109 Frederico
1741 3037 1965 3108 Romanorum

560 3161 756 3256 imperatori
775 3179 912 3254 sempor
926 3170 1093 3252 augusto,
1115 3161 1304 3234 Jerusalem
1320 3171 1356 3234 et
1372 3162 1488 3234 Sicilie
1502 3161 1595 3255 regi,
1613 3161 1761 3234 salutern
1779 3171 1815 3234 et
1827 3171 1966 3254 aposto-

560 3287 659 3361 licam
678 3285 967 3360 benedictionem.
985 3287 1071 3358 Cum
1093 3286 1189 3382 pacis
1207 3287 1385 3378 negotium
1400 3285 1514 3359 dilecti
1528 3285 1590 3358 filii
1603 3286 1758 3359 nostri...
1778 3285 1968 3358 Prenestri-

563 3434 629 3486 nus
646 3415 778 3486 electus
795 3421 830 3484 et
847 3409 888 3482 Ο.
908 3411 1023 3484 Sancti
1045 3409 1175 3484 Nicolai
1194 3413 1229 3484 in
1251 3411 1395 3485 Currere
1410 3412 1567 3486 Tulliano
1585 3411 1752 3484 diaconus
1768 3411 1967 3501 cardmnlis,

560 3537 755 3634 Apostolice
771 3535 874 3609 Sedis
891 3535 1007 3630 legati,
1022 3539 1125 3628 juxte
1141 3536 1341 3610 mandatum
1361 3547 1515 3610 nostrum
1533 3537 1635 3632 pleun
1648 3535 1881 3609 sollicitudine
1896 3557 1969 3632 pro

561 3671 761 3754 sequentes,
782 3681 861 3734 cum
878 3659 1069 3732 rectoribus
1085 3668 1121 3731 et
1137 3661 1267 3734 nuntiis
1285 3661 1557 3734 bombardmum
1574 3661 1670 3756 apud
1688 3661 1842 3732 Lundam
1861 3661 1970 3733 collo-

561 3785 684 3882 quium
700 3784 926 3877 celebrarent,
953 3783 1037 3878 quia
1059 3783 1183 3856 nobilis
1206 3785 1261 3856 vir
1279 3784 1457 3858 Gebardus
1476 3797 1557 3858 tuus
1573 3785 1709 3879 legatus
1725 3785 1763 3856 in
1780 3785 1904 3858 Tuscia
1922 3783 1970 3881 (l)

795 3983 944 3992 ...ι-ο--μ-
1229 3985 1275 3993 ..-

600 4097 635 4170 (l)
655 4098 863 4154 lustramentum
880 4111 951 4152 nunc
965 4095 1087 4152 addimus
1100 4096 1172 4168 quod
1185 4095 1268 4152 edidit
1280 4097 1369 4166 Inar,
1383 4099 1503 4156 Menum.
1521 4097 1610 4154 erclen
1629 4096 1715 4168 Flos,
1731 4103 1796 4153 tom.
1816 4097 1846 4168 1,
1866 4111 1895 4169 p.
1911 4099 1970 4152 506.

564 4195 603 4253 lbi
615 4195 686 4252 enim
697 4196 797 4251 mentio
810 4193 841 4250 tit
852 4193 886 4250 de
894 4193 994 4250 vicario
1004 4193 1051 4267 qui
1064 4200 1129 4250 tunc
1140 4194 1268 4268 temporis
1280 4195 1307 4250 in
1321 4195 1417 4252 Tuscia
1425 4195 1563 4252 Gebhardi
1578 4199 1669 4268 parles
1680 4193 1792 4267 agebat:
1803 4195 1856 4250 «ln
1869 4193 1973 4251 nominc

565 4313 579 4346 r
595 4293 699 4350 Domini
712 4308 801 4350 amen.
817 4293 857 4348 lix
876 4293 957 4366 bnjns
970 4292 1070 4365 publici
1085 4291 1254 4349 instrumenti
1268 4292 1381 4368 [tenore]
1396 4293 1502 4368 plenius
1515 4292 1626 4367 putnlid
1638 4293 1711 4366 qnod
1724 4293 1871 4366 nnsNiger
1882 4309 1973 4366 quon·

566 4411 579 4446 r
595 4391 658 4448 darn
681 4390 841 4456 Burnottini‚
859 4397 887 4447 et
906 4390 1042 4448 Pratensis
1061 4389 1195 4463 quondam
1221 4390 1401 4448 lldebrnndini
1423 4399 1452 4450 ct
1473 4393 1660 4450 bonaventura
1677 4391 1810 4466 quondam
1831 4390 1971 4460 lobannis,

566 4487 769 4547 »castaldiones
783 4487 869 4558 curia,
885 4505 918 4545 ex
939 4493 1064 4563 precepto
1084 4487 1184 4545 domini
1204 4489 1270 4546 lone
1291 4489 1383 4546 Sancti
1403 4490 1520 4548 llininlis
1540 4489 1693 4560 castellani,
1714 4495 1746 4545 ut
1767 4487 1847 4546 nobis
1863 4489 1891 4545 in
1904 4487 1972 4544 bunc

567 4611 580 4643 r
595 4589 704 4646 modum
719 4587 775 4644 suis
790 4585 888 4643 licteris
901 4603 1002 4660 suoque
1016 4585 1104 4660 sigillo
1116 4587 1248 4644 roboratis
1261 4586 1437 4660 significavit:

602 4707 614 4740 r
630 4687 711 4744 lones
728 4684 818 4744 Sancti
836 4683 953 4742 lliuiatis
966 4685 1125 4742 castellanus
1145 4701 1195 4759 pro
1215 4685 1323 4744 domino
1336 4686 1456 4744 Gernrdo
1471 4685 1608 4762 (Gebcrdo)
1619 4687 1653 4744 ds
1672 4685 1827 4744 fflrncstein
1840 4686 1909 4744 sacri
1922 4685 1971 4741 im·
