4372 5918
777 607 903 670 auaui
928 607 1114 670 SICILIAE.
1611 611 1649 673 itt

241 744 379 819 defense
396 743 616 840 imponantur
629 761 675 815 ox
687 749 785 838 parta
800 751 928 834 nostra,
941 742 986 816 do
1002 743 1099 816 tertia
1115 751 1211 839 parts
1227 743 1407 817 mobilium
1424 745 1520 818 ouria
1534 755 1650 820 nostre

240 870 356 944 debita
374 877 508 943 tantum
524 866 667 942 domiuo
688 866 898 962 acquiratur,
914 877 1082 963 quantum
1106 867 1139 940 ei
1162 889 1210 941 ax
1234 869 1399 964 qualitate
1417 868 1547 959 delicti,
1565 880 1649 966 puta

239 1015 286 1067 ax
302 983 468 1068 violantia
483 992 539 1066 vel
556 989 741 1084 similibus,
757 991 787 1064 si
804 991 947 1066 daiansa
973 1013 1042 1066 non
1063 992 1182 1068 fuisset
1196 992 1373 1089 imposita,
1394 993 1599 1084 deberetur;
1615 1003 1651 1067 et

239 1119 410 1214 reliquum
428 1115 554 1190 nostris
571 1115 811 1209 largitionibus
831 1116 1008 1190 inferatur.
1028 1117 1063 1188 Si
1081 1137 1165 1190 varo
1179 1117 1225 1190 ob
1241 1119 1325 1191 alias
1340 1139 1478 1212 causas,
1499 1127 1584 1215 puta
1603 1118 1649 1191 ob

238 1242 394 1314 timorem
413 1261 636 1336 personarum
654 1261 797 1312 suarum
816 1247 877 1312 aut
893 1261 1055 1332 suomm;
1073 1241 1128 1314 val
1146 1263 1190 1314 na
1216 1241 1251 1314 in
1277 1263 1435 1332 uxorem,
1454 1242 1573 1337 filiam,
1593 1243 1649 1318 vcl

238 1387 389 1438 sororem
417 1375 537 1461 raptus
562 1364 693 1439 crimen
718 1363 774 1438 vat
801 1363 961 1438 adulterii
986 1375 1219 1462 perpetretur,
1244 1368 1363 1440 autin
1389 1368 1579 1460 slmilibus,
1604 1387 1651 1442 ax

238 1491 368 1586 quibus
387 1490 541 1586 capitalis
565 1499 598 1563 ct
619 1489 758 1586 publica
782 1490 955 1563 accusatio
977 1490 1059 1563 oriri
1084 1499 1220 1586 posset,
1241 1491 1383 1566 dascusa
1406 1493 1569 1590 predictis
1586 1493 1651 1568 do·

238 1616 343 1688 minis
361 1617 594 1712 imponantur,
611 1622 695 1688 tunc
710 1615 849 1687 vassalli
868 1637 948 1688 oum
971 1614 1120 1688 dominis
1142 1614 1189 1713 (a)
1208 1616 1358 1691 habeant
1373 1617 1409 1690 in
1429 1617 1580 1692 defensis
1595 1618 1650 1716 ip-

240 1741 286 1813 sis
300 1741 343 1835 (b)
356 1742 416 1834 jus
433 1761 616 1814 commuue
637 1762 716 1813 cum
733 1741 867 1814 ceteris.
882 1741 925 1812 Et
939 1740 1101 1815 eumdem
1113 1741 1149 1812 in
1164 1742 1362 1839 proscriptis
1376 1743 1527 1837 casibus,
1545 1765 1649 1840 quam

240 1865 277 1938 in
300 1865 462 1939 omnibus
479 1866 556 1939 aliis
574 1864 716 1940 dolense
728 1874 923 1962 contempta
941 1861 986 1962 (c)
1002 1864 1173 1962 imposito,
1191 1866 1378 1940 sortiantur
1391 1866 1561 1941 allectum.

679 2202 880 2275 arrosus
909 2202 1034 2276 xvrr.
1063 2211 1094 2276 K
1119 2202 1210 2302 (ao).

427 2409 474 2480 Dc
491 2407 631 2500 defends
644 2405 806 2504 impositis
822 2407 865 2480 ab
880 2407 1081 2504 officialibus,
1101 2418 1132 2480 ct
1146 2431 1232 2503 peno
1248 2409 1379 2502 datm
1397 2409 1460 2507 (d).

769 2635 875 2690 rusa
907 2637 1126 2688 nuousrus.

288 2819 458 2894 Fidulium
470 2829 665 2892 nostrorum
678 2819 833 2914 iujurias,
846 2822 909 2917 qui
927 2823 1000 2898 sola
1015 2823 1235 2919 protectionis
1248 2831 1364 2898 nostre
1376 2833 1454 2920 post
1466 2826 1575 2898 Mum
1590 2824 1652 2900 de·

242 2945 395 3019 tonsione
408 2947 568 3034 letantur,
583 2959 647 3041 pro
660 2967 761 3042 posse
776 2945 957 3042 precidere
972 2948 1169 3043 cupientem
1177 2948 1373 3042 justitiariis
1385 2949 1442 3045 (a),
1455 2952 1651 3026 camerariis

242 3071 346 3143 nostri
357 3071 470 3165 regni,
480 3071 607 3166 bajulis
618 3071 722 3144 etiam
737 3081 773 3144 at
784 3073 937 3145 locorum
947 3073 1208 3170 judicibus,qui
1221 3072 1527 3149 admiuistratiouia
1536 3086 1652 3151 nostra

241 3195 474 3288 gubomacula
503 3206 749 3292 suscoperunt,
774 3197 977 3293 imponendi
1000 3198 1161 3273 defensas
1184 3199 1408 3274 concedimus
1432 3201 1649 3295 facultatam3

242 3319 271 3390 si
296 3319 438 3414 quando
464 3321 501 3392 in
529 3321 614 3394 locis
636 3321 721 3417 ipsis
748 3332 810 3395 ant
831 3324 920 3396 circa
941 3346 984 3398 aa
1008 3325 1105 3398 rixas
1128 3321 1217 3424 [qua
1238 3325 1427 3420 vulgariter
1452 3327 1584 3401 malleto
1602 3327 1653 3426 (l)

243 3439 443 3540 dicuntur],
466 3444 629 3539 iujurias,
648 3447 847 3540 violentias,
867 3457 929 3521 aut
956 3449 1156 3543 hujusmodi
1179 3451 1308 3546 flagitIa
1328 3452 1415 3526 sorta
1432 3453 1653 3547 prenoverInt

282 3630 322 3712 (α)
347 3634 421 3694 Cam
433 3631 672 3698 midumai
685 3638 716 3697 ln
730 3653 834 3716 gruem
846 3645 877 3700 ct
889 3640 921 3699 ln
934 3639 1035 3701 codice
1048 3647 1139 3718 tana,
1150 3657 1205 3703 nac
1217 3643 1317 3704 sensui
1329 3644 1491 3706 necessaria
1503 3643 1649 3707 videntur.

283 3738 322 3820 (b)
344 3739 975 3829 Ingraacoiatalidwcartdmatdcsemir.
1676 3769 1681 3780 ·

245 3846 318 3940 „Id
350 3849 535 3930 ccaampme
547 3851 580 3912 ln
593 3867 700 3930 gracco
713 3851 794 3914 deest
806 3859 837 3916 ct
849 3855 880 3914 ln
895 3854 962 3914 cod.
979 3863 1070 3916 tout.

282 3952 326 4034 (d)
349 3955 459 4018 Graeca
471 3957 633 4036 simplicius
648 3974 657 4018 a
673 3955 867 4040 Dasumltute
880 3957 951 4022 dcto
964 3957 1134 4040 officialibus
1146 3961 1313 4041 imponendi
1324 3961 1462 4045 destruct

283 4059 320 4140 (ι)
346 4061 382 4123 In
407 4066 530 4125 casuris
556 4071 587 4126 ct
612 4067 702 4126 adam
725 4082 772 4144 ap.
800 4066 923 4130 Caroani
948 4069 1094 4150 maqittrir
1108 4068 1299 4150 justitiariirr
1324 4087 1428 4151 graeca
1455 4078 1570 4136 tantum
1597 4080 1652 4142 τοῖς

246 4164 407 4244 iacobum
430 4169 511 4248 qnod
535 4173 619 4254 regni
646 4172 763 4234 Siciliae
791 4173 1038 4238 administrationi
1064 4177 1138 4238 bane
1164 4177 1311 4256 quadrat,
1336 4179 1409 4242 dum
1435 4197 1513 4244 nnus
1534 4186 1651 4244 tantumn

246 4277 380 4354 magister
388 4279 567 4354 insutiarlns
579 4280 707 4342 adesset.

1501 4469 1643 4482 ..ι-ιι-

280 4566 315 4642 (ll
334 4567 379 4627 SIc
399 4569 540 4644 legendum
560 4571 721 4632 arbitramur
740 4577 831 4650 potius
851 4593 932 4652 quam
948 4577 1087 4637 mallotuc.
1101 4579 1230 4639 dlalsatoa
1249 4582 1375 4656 proponit
1396 4581 1602 4655 Liudcbrogius3
1618 4581 1652 4641 da

249 4681 299 4738 qua
309 4665 424 4726 lectione
438 4669 499 4727 vida
512 4669 641 4746 Congium
653 4673 688 4731 ad
700 4690 728 4732 v.
742 4673 870 4734 iiabctto
884 4675 1023 4750 (micitia,
1036 4679 1184 4752 miscillo);
1200 4679 1311 4738 lorsitan
1325 4681 1444 4754 agallico
1456 4679 1569 4753 Mastia,
1582 4679 1653 4738 undc

250 4760 346 4822 lactum
359 4765 448 4825 italica
459 4769 593 4829 dliaoltic.
