4320 5918
472 543 533 608 518
971 547 1187 611 intentum
1211 545 1386 612 SECUNM
1696 549 1780 630 [An.
1798 548 1886 614 123⁴.

476 689 510 754 et
532 679 648 756 Sicilie
662 702 739 772 rex,
757 679 884 756 dilecto
901 681 1050 780 principi
1072 704 1137 760 sno
1151 683 1311 760 Heinrieo
1326 681 1518 761 venerabili
1533 681 1665 778 abbati,
1685 686 1886 780 conventui,

476 806 674 902 intendatis,
686 808 968 884 ministerialibus
975 818 1080 908 atque
1094 810 1222 886 familie
1230 809 1375 886 ecclesie
1388 807 1434 884 de
1446 809 1617 906 Togiense
1630 809 1776 905 gmtiam
1787 831 1889 884 snam

477 943 511 1006 et
526 954 629 1008 omne
645 933 889 1008 bonumeam
903 935 1047 1010 ecclesia
1064 943 1179 1011 vestra
1195 935 1322 1010 talibus
1334 932 1487 1032 gaudent
1499 933 1714 1010 libertatibus
1725 944 1760 1009 et
1771 945 1890 1010 utatur

477 1058 660 1155 privilegio
678 1057 774 1154 qnod
797 1059 1004 1136 advocatum
1028 1071 1064 1136 et
1086 1060 1301 1138 defensorem
1326 1059 1435 1136 libere
1458 1059 1599 1158 possitis
1614 1060 1764 1153 eligere,
1782 1082 1889 1158 mem

479 1191 593 1258 vestre
610 1183 815 1281 promotioni
828 1194 863 1259 et
874 1185 1057 1262 commodo
1074 1186 1231 1263 videritis
1243 1184 1425 1284 expedire,
1437 1193 1473 1260 et
1486 1206 1582 1258 nnnc
1592 1205 1697 1282 quem
1709 1185 1890 1281 elegeratis

478 1309 555 1384 dux
566 1309 735 1404 Menenio,
754 1309 901 1385 dilectus
914 1311 1075 1410 princeps
1087 1321 1216 1404 noster,
1233 1311 1326 1388 diem
1340 1320 1536 1386 extremum
1549 1309 1690 1402 clausit,
1711 1307 1889 1385 devotioni

479 1445 594 1510 vestre
607 1443 721 1530 gratos
732 1436 911 1510 relerimus
920 1436 1076 1533 copiosas
1085 1437 1181 1533 qnod
1192 1457 1256 1512 nos
1266 1437 1303 1510 in
1314 1435 1522 1511 advocatum
1530 1435 1658 1532 eligere
1669 1432 1886 1522 decrevistis,

480 1559 685 1656 recipientes
700 1580 765 1634 vos
777 1569 813 1635 et
827 1561 1007 1635 eeclesiam
1019 1571 1167 1637 vestram
1180 1583 1262 1636 cnm
1278 1559 1440 1636 omnibus
1455 1559 1569 1653 bonis,
1579 1558 1774 1656 mancipiis,
1782 1558 1890 1632 liber·
1917 1589 1920 1594 ·

479 1683 606 1758 tatibus
627 1693 662 1758 et
679 1685 711 1759 ei
726 1685 950 1760 attinentibus
967 1685 1034 1760 sub
1050 1685 1260 1784 protectione
1276 1694 1392 1760 nostm
1409 1693 1445 1759 et
1461 1684 1595 1781 imperii
1608 1683 1769 1781 speciali3
1784 1703 1890 1755 man-

480 1807 602 1883 dantes
619 1819 655 1884 et
667 1811 734 1884 sub
752 1811 894 1885 obtentu
913 1811 1023 1908 gratie
1038 1821 1153 1886 nostre
1171 1810 1314 1885 firmiter
1326 1810 1553 1909 precipientes
1573 1819 1614 1884 ut
1634 1809 1752 1882 nullus
1769 1809 1815 1882 sit
1827 1809 1891 1904 qui

481 1955 568 2008 ausu
582 1933 707 2009 ductus
723 1936 901 2010 temerario
914 1935 1105 2034 dampnum
1114 1935 1215 2010 vobis
1230 1933 1372 2032 aliquod
1385 1935 1537 2032 irrogare
1548 1943 1734 2032 presumat.
1743 1931 1847 2019 Quod
1859 1931 1891 2006 si

481 2057 558 2155 quis
572 2063 837 2158 presumpserit,
858 2061 1131 2158 indignationem
1148 2061 1256 2136 nostri
1272 2061 1434 2136 culminis
1448 2081 1488 2136 se
1503 2060 1639 2136 noverit
1650 2059 1888 2134 incursurum.

529 2183 652 2258 ilatum
670 2183 791 2282 Fogie,
812 2185 932 2262 ultimo
951 2185 1160 2282 decembris,
1177 2185 1254 2262 Vlll
1271 2185 1471 2262 indictione.

713 2485 1288 2500 mnu-ouum·
1294 2483 1653 2498 mne·-

276 2780 442 2883 armi..
532 2751 765 2862 Fridericus,
785 2751 1045 2838 Romanorum
1063 2751 1284 2864 imperator,
1305 2750 1457 2860 Ottoni,
1473 2749 1553 2836 filio
1569 2747 1678 2834 ducis
1695 2748 1894 2861 quondam

479 2887 687 2996 Meuaniae,
706 2897 744 2972 et
770 2887 941 2995 ilberto,
964 2887 1093 2972 comiti
1120 2886 1335 3000 Tyrolensi‚
1357 2885 1583 2970 sententiam
1607 2883 1826 2996 principum
1850 2883 1893 2967 in

482 3023 651 3108 levorem
686 3020 864 3106 ecelesiae
896 3020 1187 3132 'legemseensis
1212 3019 1331 3104 latum
1362 3017 1575 3127 nuncians,
1598 3017 1779 3130 praecipit
1799 3027 1895 3102 uta

482 3157 648 3242 laesione
665 3166 703 3240 et
719 3155 915 3241 vexatione
931 3154 1148 3266 impetendo
1166 3153 1451 3240 advocationem
1471 3160 1631 3236 cessent.

556 3373 652 3456 (Edit.
667 3373 699 3434 ln
715 3371 843 3434 dionunt
860 3367 951 3447 Boio,
964 3370 1151 3452 tom.Vl,p.
1169 3377 1240 3434 209.
1258 3371 1415 3434 Memorat.
1427 3385 1548 3450 quoque
1559 3365 1683 3448 mtto,
1697 3373 1771 3432 tom.
1786 3368 1893 3444 XXX,

602 3497 673 3562 pars
688 3487 728 3556 1¹,
743 3495 775 3558 p.
790 3487 861 3555 att,
871 3495 910 3540 ex
921 3477 1056 3560 originali
1066 3481 1153 3558 cutus
1166 3477 1294 3559 sigillum
1307 3475 1419 3558 perlit.)

532 3669 728 3746 Fridericns
739 3669 801 3744 Ilei
815 3669 926 3765 gratia
936 3669 1168 3743 llomonornm
1180 3667 1363 3764 imperator
1373 3667 1894 3764 semperougustus‚lerusalem

486 3807 520 3870 et
535 3795 651 3872 Sicilie
668 3817 750 3886 rex,
772 3791 897 3868 dilecto
920 3793 1068 3891 principi
1094 3813 1159 3867 auo
1180 3791 1252 3866 lilio
1267 3791 1445 3887 qnondam
1463 3791 1605 3866 illustris
1623 3791 1725 3866 ducis
1741 3791 1896 3866 Menenio

485 3933 520 3996 et
536 3922 660 3998 dilecto
677 3917 771 3993 fideli
789 3939 853 3992 sno
871 3917 986 3992 comiti
1001 3917 1177 4016 Tymionsi
1192 3917 1338 4012 gratiam
1355 3937 1454 3990 soom
1472 3925 1506 3992 et
1521 3915 1783 3990 omnebonum.
1806 3915 1894 3990 Cum

485 4071 531 4123 ex
547 4046 757 4146 inspectione
774 4044 1033 4142 privilegiorum
1046 4042 1162 4118 dilecti
1177 4041 1346 4140 principis
1361 4041 1468 4116 nocui
1484 4041 1692 4116 venerabilis
1705 4038 1896 4116 abbatiede

484 4175 654 4268 Tagrense
675 4171 746 4269 (cic)
767 4169 940 4245 serenitati
963 4177 1077 4244 nostre
1097 4167 1286 4243 constiterit
1305 4166 1503 4242 evidentius
1521 4175 1557 4240 et
1574 4176 1895 4264 nnucpersenten-

485 4301 567 4372 tiam
582 4297 776 4395 principum
793 4315 908 4370 coram
926 4293 1106 4368 karissimo
1122 4291 1193 4368 lilio
1208 4301 1324 4367 nostro
1336 4291 1380 4364 Η.
1404 4291 1526 4365 illustri
1544 4291 1774 4366 llomanomm
1791 4311 1891 4386 rege,

484 4425 573 4499 siout
588 4445 650 4522 per
666 4423 795 4495 litteras
806 4443 889 4495 sues
900 4419 1079 4494 manifeste
1094 4425 1249 4516 apparet,
1265 4416 1446 4512 injudicio
1457 4418 1502 4491 sit
1515 4417 1694 4493 obtentum
1711 4415 1894 4491 ecclesiam

484 4572 582 4622 suam
602 4569 678 4624 esse
695 4547 838 4620 liberam
860 4553 895 4620 et
917 4544 963 4619 ab
983 4543 1078 4618 omni
1098 4541 1343 4620 advocatorum
1360 4542 1527 4618 servitute
1542 4543 1732 4618 immunem
1749 4539 1801 4640 (o)
1824 4561 1896 4639 pe-

525 4699 568 4785 (n)
589 4701 648 4782 Ap.
663 4697 1006 4776 Mounm.Bolc.,t.V1,
1021 4713 1207 4760 comm.
