4360 5908
1033 583 1248 650 carnanter
1272 581 1447 648 suenum
1757 581 1838 666 [ιιι.
1857 583 1945 648 rear.

766 835 1515 850 *anonumum—¹
1522 835 1716 846 *1-

351 1094 482 1202 iddllb‘ss
585 1097 822 1206 Fridericus,
837 1042 1100 1184 Romdncrum
1117 1098 1338 1206 imperator,
1358 1095 1408 1180 cd
1421 1119 1550 1205 preces
1567 1092 1717 1178 Hearioi
1735 1093 1884 1178 abbatis
1897 1093 1946 1176 dc

358 1202 477 1246 dmmbd.

533 1231 762 1343 Tegernsce‚
786 1231 919 1316 statuit
943 1241 986 1314 ut
1009 1229 1107 1315 nulli
1128 1229 1312 1314 abbatum
1337 1227 1453 1340 hujus
1471 1227 1690 1312 monasterii
1706 1227 1817 1312 liceat
1843 1227 1945 1312 bona

532 1364 615 1476 ejus
645 1366 686 1448 in
723 1368 865 1449 ducat-u
897 1364 1073 1449 lustriae
1101 1363 1335 1476 quibusdam
1361 1363 1402 1445 in
1427 1362 1698 1446 detrimentum
1725 1361 1945 1446 monasterii

530 1498 684 1608 collata,
695 1511 899 1611 postquam
916 1497 968 1583 ad
984 1499 1206 1583 demanium
1220 1496 1302 1608 ejus
1321 1497 1521 1605 redierint,
1537 1496 1618 1580 ullo
1633 1497 1748 1580 modo
1762 1495 1940 1580 alienare.

609 1693 620 1770 (
629 1691 708 1754 altr.
730 1693 762 1752 ln
782 1689 913 1752 Morum.
928 1689 1019 1770 boin,
1033 1690 1129 1764 t.v1‚
1143 1707 1175 1767 p.
1190 1698 1261 1762 aar,
1276 1690 1355 1750 lnter
1376 1695 1568 1750 monumenta
1589 1689 1836 1768 Tcgernreenda,
1850 1693 1881 1750 ct
1891 1703 1942 1766 ap.

650 1798 788 1878 Oxrsux,
801 1797 958 1876 Scriptum,
979 1803 1004 1858 t.
1019 1797 1066 1868 11,
1085 1813 1117 1873 p.
1133 1799 1198 1872 88.)

579 1959 617 2032 ln
635 1957 775 2032 nomine
796 1965 914 2032 sancte
938 1967 973 2032 at
994 1956 1178 2032 individue
1195 1955 1381 2033 Trinitatis.
1401 1954 1595 2032 Fridericus
1621 1955 1797 2030 secundus
1821 1955 1944 2030 divina

529 2083 668 2156 favente
685 2083 866 2156 clementia
887 2084 1119 2156 Romanorum
1137 2082 1322 2180 imperator
1338 2102 1474 2178 semper
1494 2093 1681 2177 augustus,
1702 2083 1890 2158 lerumlem
1907 2093 1944 2156 ct

528 2207 644 2280 Sicilie
662 2229 738 2281 rex.
762 2207 798 2282 Si
816 2206 863 2280 ad
880 2207 956 2280 loca
980 2206 1141 2302 religiosa
1163 2214 1198 2278 et
1223 2225 1387 2302 personas
1407 2205 1657 2294 ecclesiasticas
1680 2207 1801 2280 oculos
1822 2206 1944 2282 excel-

528 2305 633 2408 lentie
649 2341 764 2406 nostre
785 2331 937 2426 benigne
959 2331 1190 2407 convertimus
1211 2339 1246 2404 et
1263 2331 1469 2404 utilitatibus
1486 2331 1559 2404 suis
1575 2329 1839 2405 misericorditer
1860 2351 1943 2427 pro·

528 2453 707 2548 ridemus,
728 2456 915 2554 imperialis
930 2455 1145 2532 celsitudinis
1166 2465 1281 2530 nostre
1298 2477 1423 2532 nornen
1441 2457 1641 2531 extollimus
1655 2463 1691 2530 et
1709 2456 1810 2530 nobis
1825 2477 1888 2552 per
1903 2455 1943 2530 id

527 2589 644 2656 eterna
664 2581 897 2656 retributionis
918 2580 1040 2654 merita
1062 2601 1316 2678 comparamus.
1339 2580 1516 2654 Universis
1542 2580 1648 2676 igitur
1674 2579 1810 2676 imperii
1834 2581 1941 2654 nostri

527 2704 688 2812 fidelibus
705 2716 775 2778 tam
793 2705 1011 2802 presentibus
1026 2726 1132 2811 quem
1155 2705 1280 2778 lutaris
1301 2705 1573 2796 volumuscsse
1585 2714 1705 2780 notum
1724 2704 1821 2802 quod
1844 2706 1942 2780 llen·

526 2830 619 2904 ricus
636 2831 845 2938 venerabilis
860 2831 969 2904 abbas
982 2829 1028 2904 de
1041 2831 1225 2928 Tegernse‚
1237 2831 1385 2907 dilectus
1397 2829 1510 2906 tidelis
1526 2839 1659 2924 noser,
1674 2839 1789 2906 nostre
1802 2831 1941 2906 celsitu·

527 2955 601 3028 dini
624 2956 786 3052 exposuit
806 2956 954 3052 qualiter
975 2955 1119 3049 qnidam
1143 2955 1287 3030 abbates
1308 2955 1570 3051 predecessores
1596 2956 1653 3030 sni
1674 2956 1766 3030 bona
1788 2955 1941 3051 quedam

527 3077 574 3152 de
600 3077 761 3179 demanio
782 3079 980 3184 monasterii
998 3077 1136 3178 ipsi[us]
1157 3080 1193 3153 in
1212 3080 1342 3156 ducatu
1359 3079 1499 3156 Austris
1517 3079 1682 3178 deputata
1703 3081 1777 3154 vite
1797 3081 1940 3154 lralrum

526 3180 702 3310 ejusdem,
720 3205 969 3302 qncprclatum
983 3205 1229 3280 monasterium
1245 3229 1268 3280 a
1284 3205 1384 3280 nobis
1402 3215 1438 3280 ct
1446 3206 1593 3301 imperio
1602 3213 1710 3298 tend,
1728 3203 1941 3300 quibusdam

526 3327 563 3400 in
581 3315 722 3402 lendum
743 3338 983 3402 concesserant
1005 3329 1040 3402 in
1059 3329 1293 3426 prejudicium
1310 3339 1465 3406 nostrum
1481 3340 1587 3427 atque
1602 3328 1739 3427 imperii
1756 3339 1792 3404 ct
1809 3329 1847 3402 in
1865 3329 1941 3404 evi-

526 3452 665 3528 dentem
682 3453 881 3528 monasterii
904 3454 1013 3550 ipsius
1037 3475 1079 3528 ac
1102 3457 1245 3529 lratrum
1267 3455 1303 3528 in
1321 3475 1364 3530 cc
1382 3457 1584 3552 degentium
1600 3455 1777 3530 lesionem.
1799 3453 1942 3552 Propter

525 3577 623 3675 quod
637 3575 841 3652 excellentie
860 3588 975 3652 nostre
993 3579 1165 3653 humiliter
1183 3581 1394 3677 supplicavit
1411 3591 1450 3654 nt
1465 3591 1535 3654 tam
1558 3579 1750 3654 commodis
1768 3579 1941 3656 nostriset

527 3702 663 3799 imperii
684 3723 789 3798 quam
816 3701 1058 3798 indempnitati
1078 3703 1276 3776 monasterii
1299 3703 1457 3798 ejusdem
1477 3711 1514 3777 el
1530 3703 1601 3778 vite
1621 3703 1765 3778 lucum
1786 3703 1941 3800 ipsorum

527 3827 708 3902 salubriter
731 3825 969 3926 providentes,
994 3827 1085 3900 bona
1100 3825 1254 3923 predicta
1267 3849 1373 3924 quarn
1397 3827 1465 3904 cito
1489 3849 1680 3902 caracara
1702 3827 1884 3923 contigerit
1907 3838 1942 3902 ct

528 3952 641 4026 redire
663 3951 711 4026 ad
735 3951 936 4026 demanium
952 3971 1077 4045 suum,
1104 3952 1241 4026 extrahi
1260 3973 1331 4026 non
1350 3961 1546 4050 pateremur
1571 3951 1617 4026 de
1632 3951 1795 4026 demanio
1819 3975 1941 4027 mona·

530 4078 623 4151 sterii
649 4077 851 4174 supradicti.
871 4077 941 4150 Nos
966 4077 1071 4171 igitur
1092 4077 1403 4174 supplicationibus
1428 4077 1501 4150 suis
1528 4077 1762 4150 favorabiliter
1788 4077 1942 4150 inclinati

531 4201 716 4276 statuimus
733 4201 876 4274 firmiter
899 4198 1119 4298 injungentes
1140 4212 1180 4274 nt
1202 4201 1290 4274 nulli
1308 4223 1412 4298 quem
1431 4201 1477 4274 de
1493 4211 1606 4274 cetero
1624 4199 1717 4274 dicto
1736 4203 1944 4276 monasterio

531 4348 668 4425 preesse
686 4325 883 4422 contigerit,
900 4325 1002 4400 liceat
1019 4329 1110 4400 bona
1128 4329 1260 4424 prelata
1274 4337 1456 4424 postquam
1471 4327 1733 4421 addcmaninm
1747 4327 1945 4434 monasterii

532 4452 688 4547 ejusdcm
712 4451 899 4543 redierint,
920 4451 965 4526 de
988 4452 1149 4525 demanio
1164 4453 1361 4527 monasterii
1381 4453 1490 4550 ipsine
1507 4453 1708 4544 extrahere,
1729 4449 1944 4524 intendendo

534 4601 576 4654 ea
595 4579 651 4652 uel
668 4577 736 4649 alio
753 4597 962 4671 quocunque
979 4577 1195 4650 alienationis
1214 4577 1317 4652 modo
1332 4577 1378 4652 de
1397 4579 1506 4676 ipsius
1523 4585 1690 4676 potestate
1707 4575 1765 4649 vel
1780 4573 1943 4648 demanio

532 4699 780 4781 subtrahendo.
807 4701 878 4774 Nec
905 4701 996 4772 ullus
1023 4701 1068 4773 sit
1091 4701 1151 4798 qui
1178 4723 1265 4775 ausu
1297 4701 1477 4776 temerario
1501 4711 1618 4776 contra
1645 4697 1797 4798 predicta
1822 4699 1943 4773 venire
