4320 5918
246 583 346 642 lauret.
362 579 407 657 ἃ]
696 571 893 636 ursionis
917 569 1216 634 biliomeilcti.
1595 577 1657 639 525

247 715 435 814 poterimus
448 711 606 786 oblivisci
624 709 770 806 qualiter
779 731 860 784 cum
869 709 979 804 major
991 707 1138 782 adverse
1148 706 1256 804 partis
1267 706 1461 784 immineret
1471 710 1653 806 hostilitas,

246 861 310 916 nos
326 841 363 913 in
376 836 605 912 adolescentia
629 845 745 910 nostra
760 855 824 932 per
841 835 1007 931 speciales
1023 833 1163 907 nuntios
1176 831 1377 908 ardentibus
1394 836 1487 909 votis
1502 859 1524 910 a
1538 838 1655 914 Sicilia

248 963 418 1039 evocastis
439 971 475 1034 et
498 960 676 1034 immensis
701 960 882 1035 conatibus
904 958 1031 1032 virium
1055 956 1102 1032 ad
1125 957 1292 1032 bonorem
1313 959 1447 1054 imperii
1471 962 1654 1058 magnifice

247 1086 467 1186 provexistis.
491 1086 534 1158 lit
554 1085 686 1158 utinum
705 1094 842 1182 propter
858 1083 925 1157 boc
942 1103 1012 1178 que
1029 1082 1065 1154 in
1089 1093 1171 1155 voto
1191 1083 1401 1178 gesserimus
1422 1091 1457 1156 et
1474 1105 1651 1182 geramus,

246 1213 425 1286 valeamus
449 1210 635 1284 liberaliter
654 1209 801 1304 singulis
820 1207 867 1282 ad
889 1207 1062 1302 condigna
1089 1207 1220 1304 premia
1245 1207 1477 1299 responderet
1502 1212 1654 1310 ideoque

246 1358 326 1410 cum
342 1335 486 1409 unicum
504 1333 612 1407 tilium
625 1332 831 1408 hebetemus
843 1341 878 1407 et
894 1333 979 1406 alias
991 1334 1197 1429 presentiam
1214 1343 1364 1407 nostram
1387 1337 1524 1430 negotia
1537 1340 1653 1436 reipu-

245 1458 335 1532 blice
353 1459 542 1550 traherent,
562 1456 724 1532 eumdem
736 1457 783 1532 ad
795 1465 1053 1554 partesveetras
1068 1455 1272 1530 mittendum
1286 1457 1453 1532 celsitudo
1467 1473 1584 1536 nostre
1595 1463 1656 1540 de·

245 1593 400 1654 creverat
412 1591 451 1652 ut
464 1581 540 1676 ipse
558 1602 622 1656 vos
635 1602 755 1654 omues
768 1589 803 1654 et
818 1580 973 1676 singulos
993 1581 1029 1652 in
1052 1603 1199 1676 persona
1215 1591 1331 1656 nostra
1345 1582 1577 1659 lavorabiliter
1590 1589 1653 1662 bc-

244 1715 397 1798 noraret,
415 1705 548 1780 sincere
563 1705 721 1800 diligeret
733 1715 769 1778 et
786 1714 937 1778 nosbam
951 1705 998 1779 ad
1018 1726 1081 1777 vos
1098 1705 1341 1799 gratitudinem
1355 1705 1451 1780 iiliali
1467 1709 1652 1788 devotione

243 1830 437 1927 suppleret,
459 1830 639 1926 presertim
652 1852 732 1904 cum
750 1851 813 1904 vos
827 1829 1047 1904 devotionem
1061 1829 1109 1902 ad
1127 1851 1190 1902 uos
1203 1831 1355 1903 habitum
1370 1831 1404 1902 in
1417 1855 1498 1907 eum
1509 1837 1652 1911 univer-

243 1954 359 2028 saliter
370 1952 603 2049 effundentes,
629 1954 771 2028 absente
785 1963 882 2050 patre
891 1953 1096 2050 presentiam
1108 1952 1171 2025 iiiii
1188 1952 1305 2028 debita
1316 1955 1575 2034 honorificentia
1593 1963 1652 2036 io·

242 2079 360 2152 veritis
372 2088 408 2152 et
419 2079 533 2175 ipsum
547 2079 592 2152 ad
605 2079 740 2174 regum
755 2079 878 2152 solium
888 2077 934 2152 ob
948 2078 1111 2151 bonorem
1122 2087 1158 2152 et
1168 2079 1313 2172 gretiam
1326 2090 1476 2154 nostram
1489 2086 1651 2160 concordi

243 2203 511 2278 sublimaveritis
524 2203 713 2276 voluntate.
738 2202 839 2290 Quod
856 2223 937 2276 eum
961 2203 1082 2276 merito
1104 2201 1224 2276 debuit
1248 2204 1418 2300 obligasse
1436 2217 1476 2279 ut
1493 2211 1652 2305 specialis

243 2329 368 2403 amoris
385 2329 604 2426 prerogativa
625 2350 690 2402 vos
711 2329 857 2419 coloret,
883 2327 969 2402 aiios
981 2329 1115 2402 nobiles
1128 2349 1265 2420 omnes,
1287 2330 1542 2428 ministeriales,
1564 2337 1650 2411 civi·

242 2463 330 2528 tates
339 2462 373 2528 et
383 2453 566 2528 universos
578 2452 812 2527 indifferenter
822 2451 943 2527 fideles
954 2453 1091 2550 imperii
1103 2474 1321 2548 nequaquam
1332 2456 1542 2552 offenderet,
1565 2463 1651 2556 quin

242 2578 358 2674 potius
369 2577 417 2652 ad
428 2577 713 2672 gubernationem
727 2577 886 2650 omnium
902 2577 952 2650 sic
969 2599 1008 2650 se
1024 2576 1257 2652 moderatione
1277 2577 1442 2652 laudabili
1462 2584 1651 2660 contineret

243 2699 391 2774 utnobis
403 2722 424 2774 a
436 2701 676 2776 remotioribus
683 2701 786 2794 juxta
798 2700 1011 2776 desiderium
1022 2702 1095 2798 spei
1112 2711 1227 2776 nostre
1238 2703 1368 2775 meritis
1379 2713 1448 2776 mm
1460 2704 1584 2780 firmati
1599 2709 1649 2808 (c)

241 2847 347 2921 quam
364 2847 468 2923 opere
482 2827 685 2900 continuum
703 2827 892 2923 etplenum
919 2826 1086 2923 gaudium
1109 2827 1329 2901 ministraret.
1349 2829 1418 2902 Sed
1431 2831 1525 2926 quod
1547 2834 1651 2930 longe

242 2948 396 3025 dolentes
414 2949 580 3042 dicimus,
601 2961 716 3026 nostra
738 2973 820 3048 spes
842 2971 953 3024 vacua
971 2952 1153 3048 reperitur.
1175 2951 1313 3026 Frustra
1333 2951 1425 3026 euim
1441 2958 1651 3053 complacuit

241 3076 342 3150 nobis
358 3077 395 3148 in
409 3075 498 3166 iilic,
524 3097 687 3172 processu
703 3075 867 3171 temporis
883 3074 1126 3148 mandatorum
1149 3086 1343 3151 nostrorum
1365 3081 1558 3155 reverentia
1576 3083 1650 3157 dis·

241 3199 396 3274 cedente.
417 3201 505 3274 Nam
522 3208 562 3272 ut
586 3201 753 3294 majorem
772 3207 914 3297 paterno
940 3200 1069 3295 pectori
1092 3209 1209 3274 nostro
1225 3201 1435 3275 anxietatem
1457 3203 1646 3300 infligeret,

239 3334 318 3421 post
339 3325 446 3398 mulia
464 3325 501 3398 in
522 3325 630 3397 nostri
648 3323 801 3398 mandati
824 3333 1058 3420 contemptum
1079 3333 1115 3397 et
1135 3325 1438 3419 transgressionem
1463 3329 1649 3404 voluntatis

240 3457 355 3523 nostre
370 3452 564 3542 commissa,
582 3450 617 3522 in
629 3447 870 3524 devotissimos
881 3448 1053 3544 principes
1066 3450 1324 3538 nostros,nostri
1334 3451 1451 3524 lumen
1463 3461 1498 3525 et
1508 3455 1645 3530 culmen

240 3574 393 3672 imperii,
412 3597 450 3650 se
467 3575 660 3648 inconsulte
675 3574 857 3664 convertit,
876 3583 911 3648 et
925 3573 1063 3646 illorum
1077 3595 1163 3648 usus
1182 3574 1325 3649 consilio
1340 3597 1429 3671 quos
1443 3588 1581 3675 propter
1593 3581 1646 3653 in·

240 3701 418 3774 solentiam
432 3698 762 3796 etingratitudinem
782 3699 924 3794 agretia
944 3709 1059 3773 nostra
1077 3699 1340 3795 prescripsimus
1358 3703 1412 3774 vel
1430 3723 1518 3796 quos
1535 3706 1648 3777 mani·

240 3826 327 3899 iesta
339 3825 490 3898 iacinora
501 3824 694 3899 reddebant
707 3824 809 3898 nobis
820 3833 856 3898 et
866 3824 1010 3921 imperio
1017 3827 1111 3918 juste
1122 3835 1317 3922 suspectos,
1337 3825 1463 3920 incepit
1474 3827 1647 3925 principes

239 3949 520 4024 etaliosdevctos
532 3961 665 4025 nostros
676 3973 737 4046 per
745 3949 1003 4046 requisitionem
1015 3948 1178 4024 obsidum
1191 3971 1256 4024 nec
1267 3971 1336 4023 non
1345 3950 1430 4024 alias
1441 3951 1648 4050 multiplices

240 4075 472 4148 molestiarum
487 4074 667 4148 instantias
681 4076 845 4170 impetere
860 4085 896 4147 et
908 4095 1049 4146 vexare.
1068 4073 1171 4159 Quod
1186 4074 1246 4146 ubi
1261 4074 1360 4147 nobis
1376 4075 1540 4167 innotuit,
1563 4078 1647 4173 quia

240 4197 286 4274 ad
299 4199 448 4296 pupillas
458 4200 635 4273 oculorum
647 4208 841 4272 nostrorum
851 4195 1333 4292 videlicetprincipesnostros
1343 4220 1465 4271 manus
1475 4199 1645 4294 injecerit,

240 4325 385 4419 aiicujus
397 4323 555 4419 obsequii
568 4323 663 4419 quod
673 4323 755 4397 olim
767 4321 867 4396 nobis
878 4331 912 4395 et
925 4321 992 4417 ipsi
1006 4331 1075 4393 tam
1088 4321 1220 4416 grande
1235 4322 1452 4418 prestiterant
1469 4324 1649 4401 immemor

241 4460 276 4524 et
290 4449 464 4546 ingratus,
488 4469 558 4522 non
574 4447 749 4544 potuimus
759 4468 840 4519 cum
852 4445 1016 4542 patientia
1033 4446 1175 4518 tolerare
1189 4446 1275 4540 quin
1284 4449 1501 4543 personalem
1512 4451 1647 4524 subire·

280 4703 323 4787 (o)
345 4707 630 4788 itaincodic.etop.
639 4709 782 4772 binrteue.
793 4708 882 4787 Apud
896 4707 983 4770 ilabn
997 4706 1168 4788 verosame,
1178 4709 1260 4788 quod
1273 4727 1333 4772 non
1346 4712 1450 4774 medus
1462 4711 1644 4792 intelligitur.
