4372 5918
766 569 893 630 auom
921 566 1112 629 stolatum.
1610 567 1647 628 15

238 716 352 782 contra
370 705 542 780 delatores
560 725 755 792 armorum,
776 706 838 800 qui
866 706 902 777 in
927 725 1034 800 reguo
1057 711 1248 792 morantur,
1267 701 1460 794 edidimus,
1482 701 1649 794 subjace-

239 835 335 906 bunt.
356 831 400 904 Et
417 840 457 904 ut
474 831 703 926 ignorantiam
725 829 888 904 simulare
909 851 980 902 uon
1000 827 1147 925 possint,
1167 827 1280 900 statim
1301 849 1365 923 per
1383 825 1546 899 officiales
1567 846 1649 898 nos·

237 970 322 1048 tros,
349 977 428 1030 oum
453 977 600 1050 regnum
620 953 840 1046 intraverint,
864 954 948 1051 ipsis
968 955 1132 1027 volumus
1153 951 1218 1026 hec
1235 949 1366 1048 exponi
1386 977 1395 1022 :
1415 959 1455 1022 ut
1472 949 1651 1046 panoerias

235 1092 270 1156 et
283 1081 409 1155 loricas
425 1080 566 1154 indutas
582 1100 652 1152 nou
669 1078 825 1153 deferant
841 1078 908 1176 (a);
927 1088 962 1152 et
976 1087 1016 1150 ut
1030 1089 1212 1174 postquam
1230 1077 1277 1152 ad
1293 1078 1370 1152 loca
1388 1075 1558 1150 destinata
1571 1097 1651 1172 per-

237 1207 413 1297 venerint,
438 1206 557 1278 omuia
578 1205 720 1278 omnino
743 1227 839 1279 arma
857 1205 1050 1302 deponant,
1077 1203 1161 1276 dum
1181 1215 1296 1276 temen
1320 1204 1409 1277 intra
1438 1202 1594 1276 civitates
1616 1209 1651 1275 et

236 1333 337 1405 uillas
353 1329 556 1422 manserint,
576 1329 733 1404 cultellos
750 1339 785 1404 et
799 1352 901 1404 enses
918 1331 1021 1404 etiam
1036 1337 1173 1424 portare
1190 1351 1259 1402 non
1276 1329 1420 1424 possint.

695 1533 896 1608 amotus
922 1535 1006 1606 xri.
1035 1537 1078 1605 m
1103 1530 1192 1630 (tt).

359 1689 408 1760 De
421 1709 512 1782 perta
528 1688 615 1780 ejus,
632 1687 692 1782 qui
702 1697 818 1760 contra
834 1687 977 1782 aliquem
998 1697 1128 1759 tautum
1145 1707 1242 1758 amna
1256 1688 1446 1758 emtramerit
1465 1685 1524 1784 (b).

767 1859 870 1908 11)ss
898 1859 1117 1910 tacueras.

283 1990 516 2087 Asperitatem
531 1998 688 2065 veterum
702 1991 832 2084 legum,
853 2009 923 2084 qua
937 1989 1207 2083 constringentes
1230 1987 1365 2082 gladios
1383 1998 1417 2062 et
1429 1987 1649 2066 extrahentes

234 2127 271 2189 et
288 2116 520 2212 perculientes
541 2137 620 2188 oum
638 2115 689 2188 eis
706 2114 941 2188 indubitanter
962 2114 1144 2187 occidendi
1166 2115 1321 2188 animum
1344 2115 1509 2188 babuisse
1527 2138 1648 2214 presu-

237 2251 349 2334 munt,
365 2239 645 2335 interpretatione
663 2239 849 2336 imperialis
864 2240 1142 2314 mausuetudinis
1155 2239 1333 2330 lenientes,
1350 2241 1501 2335 presenti
1517 2241 1594 2336 lege
1612 2242 1649 2315 in

236 2375 443 2462 perpetuum
464 2367 536 2438 Deo
565 2364 714 2462 propitio
735 2365 883 2438 valitura
912 2366 1086 2438 sancimus
1108 2392 1117 2436 ι
1139 2375 1176 2437 ut
1199 2365 1227 2438 si
1250 2364 1330 2459 quis
1356 2385 1452 2439 arma
1478 2366 1650 2460 pmbibita

237 2503 354 2563 contra
371 2491 522 2586 aliquem
538 2490 741 2582 extraxerit,
752 2511 818 2564 neo
835 2491 949 2586 ipsum
968 2489 1162 2576 offenderit,
1174 2491 1383 2586 duplicatam
1403 2513 1527 2587 penam
1543 2515 1651 2588 quam

238 2615 430 2690 meandum
447 2637 672 2714 personarum
691 2614 923 2690 conditionem
940 2637 1046 2712 super
1061 2615 1252 2712 portatione
1269 2637 1443 2690 armorum
1459 2615 1647 2707 edidimus,

237 2749 352 2814 nostre
370 2741 467 2814 curie
491 2763 529 2814 se
549 2739 821 2836 compositurum
841 2750 1017 2836 agnoscat.
1038 2741 1109 2814 Neo
1132 2738 1276 2835 indigne
1294 2739 1504 2834 duplicatum
1526 2763 1650 2836 penam

237 2867 273 2937 in
290 2887 375 2939 casu
400 2867 551 2962 presenti
576 2865 708 2940 delator
733 2887 905 2940 armorum
922 2867 1092 2940 sustinere
1110 2864 1267 2956 debebit,
1288 2874 1406 2959 utpote
1425 2865 1485 2960 qui
1508 2866 1651 2942 armisa

238 2991 377 3064 nemine
394 3001 619 3088 provocatus,
642 2990 857 3095 extrahendo
881 2991 956 3089 ipsa
987 2992 1022 3063 in
1048 2991 1270 3064 offensionem
1299 2989 1439 3062 alterius
1457 2989 1522 3088 (c),
1549 2991 1651 3064 maii·
1680 3059 1681 3064 ,

239 3116 356 3188 volum
373 3137 436 3189 sue
456 3115 656 3189 intentionis
675 3117 889 3214 propositum
908 3117 1117 3213 publicavit;
1139 3114 1234 3211 quod
1252 3123 1332 3189 ante
1348 3137 1411 3211 per
1428 3117 1535 3190 solam
1557 3116 1652 3191 dela·

240 3239 369 3313 donem
402 3261 522 3312 eorum
550 3240 742 3314 necessario
774 3239 983 3313 detensionis
1011 3241 1171 3334 objectu,
1201 3239 1287 3313 dum
1312 3240 1461 3334 aiicujus
1487 3242 1651 3316 insultum

240 3363 359 3438 timere
374 3385 413 3438 se
430 3365 578 3458 diceret,
598 3365 737 3438 forsitan
754 3375 887 3462 poterat
902 3367 1066 3438 colorare.

686 3572 887 3645 TITULUS
911 3573 1015 3644 XIII.
1044 3576 1087 3642 ΙΕ
1117 3569 1206 3667 (lb).

584 3723 633 3796 De
646 3726 854 3817 percussione
875 3724 992 3794 illicito
1010 3747 1084 3796 uem
1105 3724 1208 3795 armis
1226 3721 1290 3818 (d).

767 3897 870 3944 rnnn
903 3897 1122 3946 nuausrus.

290 4023 420 4118 Siquis
437 4025 590 4120 aliquem
605 4047 684 4098 cum
700 4026 805 4098 armis
821 4025 1003 4122 prohibitis
1021 4025 1230 4122 supradictis
1248 4026 1471 4120 percusserit,
1497 4027 1543 4099 ita
1560 4026 1655 4122 quod

282 4183 323 4264 (a)
348 4187 427 4248 Satis
449 4187 531 4250 haud
553 4189 646 4268 liquet
668 4189 742 4268 quid
764 4189 822 4250 slbi
844 4189 916 4249 velit
938 4187 1010 4250 lliud
1027 4207 1035 4248 t
1051 4185 1154 4248 loricas
1175 4186 1293 4249 indutae
1312 4206 1370 4248 uon
1388 4186 1530 4267 deserant.
1545 4189 1659 4252 Clarius

243 4289 347 4352 saitem
361 4295 392 4352 in
407 4309 512 4371 graeco
527 4311 535 4353 r
550 4301 586 4356 ut
599 4302 627 4356 et
640 4293 678 4355 ab
689 4296 760 4375 apris
774 4293 849 4355 latae
863 4291 965 4354 lmicoe
978 4293 1145 4374 deponerem
1154 4304 1309 4378 portpuam
1329 4297 1450 4372 [autem]
1464 4294 1505 4356 ed
1516 4292 1586 4371 loca,
1599 4303 1657 4358 etc.

283 4397 325 4479 (d)
346 4401 382 4462 In
396 4417 499 4478 graeco
515 4419 523 4460 τ
539 4403 582 4463 De
594 4401 811 4465 extrahentibus
827 4421 912 4463 arma
924 4411 1025 4464 contra
1037 4401 1173 4485 aliquem.

284 4504 319 4583 (e)
346 4505 395 4566 Ab
408 4513 508 4586 utpote
522 4525 618 4586 usque
631 4511 670 4572 ad
683 4507 864 4591 alentionem
877 4511 960 4572 deest
970 4515 1091 4572 omnino
1111 4513 1143 4572 in
1157 4511 1256 4574 codice
1279 4529 1394 4592 gracco.
1406 4511 1491 4574 Unde
1510 4515 1656 4576 sententia

241 4608 325 4672 laede
336 4618 503 4675 truncatur.

282 4715 326 4798 (d)
349 4721 384 4781 lu
399 4737 504 4800 graeco
518 4743 527 4778 ε
543 4723 586 4785 lle
593 4741 690 4804 poem
698 4727 924 4804 percutientium
937 4723 1062 4808 aliquem
1074 4743 1139 4785 eum
1153 4726 1252 4786 armis.
