4308 5910
516 557 574 616 158
1047 554 1398 620 constitutiones

518 711 587 764 non
612 699 749 786 possent
772 691 920 764 latrones
949 688 1266 781 ostendere‚lu1es
1296 695 1362 790 ipsi
1391 695 1446 768 vel
1473 695 1553 766 furti
1584 701 1853 793 consentientes,
1882 705 1929 779 de

518 815 726 889 animalibus
757 813 841 910 ipsis
873 812 918 886 ab
951 834 1072 886 eorum
1104 814 1280 908 dominis,
1309 817 1406 914 quod
1440 827 1515 892 erat
1547 819 1727 919 iniquum,
1758 827 1928 926 redemp-

517 942 646 1012 tionem
664 947 920 1034 exterquentes,
938 937 1174 1014 fraudulenter
1189 962 1268 1014 cum
1287 944 1386 1016 lucro
1398 943 1481 1016 furti
1500 945 1552 1039 (o)
1567 965 1692 1040 penam
1709 959 1744 1023 et
1755 953 1928 1028 maculam

516 1063 723 1138 evadebant.

1097 1216 1163 1286 nr
1187 1215 1261 1310 (αα)
1286 1216 1345 1314 (α).

565 1395 691 1467 Verum
710 1413 790 1464 oum
809 1401 964 1464 nostrum
987 1391 1031 1464 sit
1049 1391 1209 1490 amplecti
1224 1393 1412 1487 justitium,
1432 1394 1548 1467 lovere
1566 1405 1685 1490 pacem
1708 1405 1743 1469 et
1763 1419 1834 1494 que
1850 1399 1927 1495 paci

518 1519 687 1592 contraria
709 1525 789 1588 sunt
812 1537 985 1604 resecare,
1007 1516 1137 1610 placuit
1151 1517 1319 1612 majestati
1340 1525 1473 1607 nostre,
1500 1517 1652 1614 ipsorum
1672 1521 1927 1596 fraudulentam

518 1643 705 1738 nequitiam
731 1639 973 1713 constitutione
999 1652 1114 1714 nostra
1143 1651 1179 1714 et
1201 1641 1495 1738 superabundanti
1517 1641 1651 1736 justitia
1677 1621 1926 1740 reprimentes,

516 1763 714 1860 hujusmodi
737 1765 849 1836 velata
876 1766 966 1837 furta
993 1763 1152 1860 detegam
1172 1775 1207 1838 et
1228 1777 1394 1862 perpetua
1416 1765 1597 1840 securitate
1620 1767 1748 1841 delere.
1775 1771 1927 1844 Preeenti

518 1895 634 1986 itaque
654 1887 895 1963 constitutione
911 1899 1025 1961 nostra
1044 1889 1301 1986 inperpetuum
1320 1891 1468 1962 valitura
1485 1891 1693 1987 precipimus
1703 1901 1739 1964 et
1753 1895 1929 1968 sancimus

518 2017 603 2088 nulli
621 2014 761 2087 omnino
783 2013 886 2085 licere
909 2013 1022 2085 aliena
1042 2013 1222 2102 animalia,
1245 2013 1445 2108 ubicunque
1470 2015 1657 2108 invenerit,
1676 2017 1930 2114 cujuscumque

517 2145 603 2234 sint,
623 2161 747 2236 capere
768 2137 824 2212 vel
846 2137 939 2232 apud
958 2159 995 2210 se
1016 2137 1119 2210 modo
1141 2139 1296 2233 quolibet
1317 2139 1489 2225 detinere,
1515 2140 1581 2212 nisi
1603 2163 1646 2214 θα
1664 2142 1751 2214 lorte
1774 2165 1854 2214 cum
1879 2145 1929 2216 la-

519 2281 614 2340 trone
635 2264 783 2360 ceperit;
803 2273 838 2336 et
857 2274 939 2334 tunc
959 2262 1072 2334 statim
1095 2285 1136 2336 ea
1155 2263 1354 2356 justiciariis
1375 2265 1499 2337 nostris
1520 2265 1556 2336 in
1582 2265 1649 2336 illis
1671 2265 1827 2360 partibus
1843 2289 1928 2340 con-

518 2391 642 2465 stitutis
664 2411 742 2461 cum
767 2387 888 2460 eodem
913 2389 1044 2460 latrone
1065 2387 1228 2480 assignet.
1254 2387 1356 2473 Quod
1380 2389 1410 2461 si
1433 2410 1503 2460 non
1527 2389 1663 2478 lecerit,
1683 2390 1780 2486 apud
1802 2413 1929 2484 quem·

518 2535 668 2610 cumque
686 2513 847 2585 animalia
863 2511 939 2605 ipsa
957 2512 1098 2584 inventa
1116 2511 1261 2601 luerint,
1279 2513 1480 2607 quicunque
1497 2511 1559 2604 sit,
1584 2514 1697 2607 ipsum
1714 2535 1777 2609 pro
1795 2513 1931 2588 latrone

517 2653 552 2718 et
569 2643 645 2713 iure
664 2637 741 2734 capi
759 2646 794 2710 et
806 2635 954 2728 judicari
972 2635 1017 2728 (o)
1039 2635 1260 2732 precipimus.
1283 2637 1373 2710 Satis
1396 2637 1490 2710 enim
1512 2647 1646 2709 constat
1666 2637 1777 2732 ipsum
1796 2639 1928 2712 furtum

519 2765 730 2840 commisisse
754 2761 815 2857 qui
839 2761 951 2833 aliena
974 2761 1136 2834 animalia
1158 2761 1268 2832 inuito
1291 2759 1432 2833 domino
1451 2759 1530 2832 usui
1549 2781 1615 2834 suo
1633 2759 1824 2835 detinuisse
1845 2783 1929 2858 pru-

516 2895 640 2979 batur3
669 2909 748 2960 cum
775 2887 994 2958 manifestum
1021 2885 1065 2956 sit
1088 2884 1259 2959 neminem
1284 2905 1385 2980 posse
1405 2885 1551 2978 fugitiva
1574 2884 1736 2960 animalia
1758 2907 1822 2960 sna
1843 2907 1930 2982 per-

519 3017 619 3107 dere,
643 3014 674 3086 si
692 3036 713 3086 α
732 3011 869 3086 nemine
885 3019 986 3106 capta
1003 3009 1128 3082 luerint
1149 3010 1205 3082 uel
1231 3009 1380 3084 detenta.
1402 3008 1552 3093 Quodsi
1572 3009 1652 3104 quis
1676 3009 1712 3081 in
1736 3009 1927 3102 laboribus,

518 3139 630 3214 vineis
651 3151 686 3212 et
708 3134 981 3232 possessionibus
1003 3133 1076 3208 suis
1102 3133 1269 3206 damnosa
1295 3133 1458 3206 animalia
1482 3133 1667 3224 cujuslibet
1689 3135 1927 3230 interceperit,

519 3285 588 3338 non
611 3262 713 3336 liceat
730 3259 806 3356 ipsa
820 3257 916 3354 apud
935 3279 973 3330 se
990 3256 1160 3350 detinere,
1179 3257 1242 3332 scd
1257 3255 1403 3355 [tantum
1421 3277 1544 3352 capere
1561 3254 1609 3354 et]
1625 3259 1822 3350 justitiariis
1841 3280 1928 3332 nos-

517 3391 579 3462 tris
595 3387 787 3480 assignare,
808 3393 846 3456 ut
863 3382 909 3456 de
922 3381 1014 3456 illato
1032 3381 1083 3478 (d)
1103 3381 1231 3454 damno
1243 3381 1338 3476 quod
1355 3381 1502 3478 probare
1518 3382 1641 3477 poterit
1650 3384 1818 3475 justitiam
1836 3407 1930 3458 oon-

517 3522 693 3608 seqnatur.
713 3509 815 3596 Quod
832 3507 862 3580 si
879 3527 948 3580 non
975 3508 1091 3580 fecerit
1109 3515 1144 3580 et
1161 3506 1325 3580 animalia
1341 3505 1542 3602 hujusmodi
1568 3506 1754 3602 intercepta
1775 3507 1871 3603 apud
1889 3530 1930 3584 se

517 3634 721 3724 detinuerit,
740 3634 830 3729 ipse,
852 3631 943 3704 sicut
959 3640 994 3704 et
1012 3630 1132 3723 ceteri,
1152 3651 1241 3726 pena
1261 3631 1341 3704 furti
1360 3639 1526 3706 teneatur.
1548 3631 1628 3704 lllos
1643 3641 1759 3704 autem
1775 3631 1836 3726 qui
1850 3632 1930 3706 ani·

517 3762 619 3835 melia
639 3781 720 3831 cum
738 3759 868 3830 latrone
889 3756 1042 3852 ceperint
1062 3765 1096 3827 et
1111 3777 1151 3828 ea
1170 3777 1250 3828 cum
1271 3756 1394 3829 eodem
1419 3757 1550 3829 latrone
1576 3752 1676 3852 [sicut
1698 3756 1927 3852 prescriptum

518 3881 582 3982 est]
598 3881 790 3976 justitiariis
810 3879 935 3952 nostris
950 3878 1216 3970 assignaverint,
1235 3900 1297 3974 pro
1316 3865 1433 3952 labore
1450 3901 1569 3952 eorum
1585 3889 1620 3952 et
1636 3879 1750 3952 studio
1768 3879 1863 3974 quod
1880 3881 1927 3953 ad
1990 3925 1994 3932 -

518 4031 559 4082 θα
574 4005 740 4103 capienda
755 4003 990 4101 apposuerint,
1007 4003 1042 4072 in
1062 3999 1196 4074 decima
1212 4012 1308 4098 parte
1325 4002 1477 4099 ipsorum
1496 4003 1696 4076 animalium
1710 4003 1755 4074 ab
1774 4003 1927 4100 ipsorum

519 4133 660 4207 domino
675 4129 885 4202 remunerari
902 4126 1084 4199 statuimus
1099 4135 1134 4198 et
1147 4125 1320 4218 jubemus.

459 4377 464 4390 Ι
560 4301 603 4383 (o)
624 4301 769 4363 Addimus
771 4298 854 4378 sorti
865 4305 927 4359 tam
940 4315 978 4360 ex
992 4297 1059 4360 eod.
1074 4305 1152 4358 4625
1166 4311 1256 4375 quam
1269 4313 1308 4356 ex
1319 4311 1434 4375 graneo.

560 4408 603 4490 (t)
622 4409 725 4470 Nouus
737 4407 851 4480 tltolus,
860 4405 912 4466 sed
926 4420 1088 4482 perperam,
1103 4405 1134 4464 ln
1148 4419 1250 4482 graeco
1263 4403 1348 4464 adest
1359 4419 1427 4464 cum
1441 4404 1579 4465 rubrica:
1593 4403 1636 4464 be
1644 4421 1739 4482 poem
1752 4403 1928 4480 capientium

517 4517 614 4581 deuo
626 4509 768 4578 auirmlr'o
783 4515 816 4572 ia
823 4513 952 4592 propriis
966 4512 1061 4573 terris.

560 4622 600 4705 (c)
624 4623 742 4685 Scilicet
753 4617 938 4680 condemnari
944 4637 960 4694 ,·
973 4634 1078 4695 nempe
1090 4619 1121 4677 ln
1135 4633 1239 4696 graeco
1251 4615 1463 4699 scruplsastst.

560 4729 602 4812 (d)
623 4730 680 4809 Ap.
697 4729 817 4792 careant
831 4723 941 4786 illicito.
956 4725 1136 4804 ffirmglmtu
1147 4731 1211 4786 tum
1222 4741 1261 4786 ex
1272 4725 1337 4788 nod.
1355 4733 1445 4800 teat,
1460 4732 1524 4786 tum
1536 4741 1574 4786 ex
1589 4739 1703 4806 graeco.
