4308 5910
440 583 480 646 Μ
967 584 1326 647 cousrtruutottus

448 719 697 810 contractibus,
716 719 752 792 in
779 721 909 814 quihus
933 741 1059 794 nomen
1085 719 1233 812 alicujus
1259 719 1368 794 hostis
1396 721 1453 794 vel
1475 721 1661 818 proditoris
1693 725 1800 798 nostri
1823 733 1857 796 at

448 843 654 938 generaliter
671 843 857 935 cujuslibet
873 844 1042 918 invasoris
1061 845 1157 938 regni
1170 843 1288 918 ‘nostri
1312 845 1477 940 scripturn
1495 845 1551 937 sit,
1573 867 1672 920 cassa
1690 859 1725 920 et
1741 847 1856 918 inania

450 975 666 1062 reputantes,
687 967 818 1040 nullam
841 989 887 1040 ex
905 968 956 1040 eis
973 969 1137 1040 volumus
1159 967 1195 1039 in
1210 967 1351 1060 judiciis
1369 971 1426 1042 uel
1448 978 1546 1042 extra
1569 969 1700 1062 judicia
1726 971 1857 1066 proba—

449 1091 578 1164 tionem
596 1092 739 1176 assumi,
761 1091 823 1166 sed
840 1114 882 1164 ea
900 1093 973 1187 igni
992 1092 1134 1166 cremari
1149 1092 1368 1166 mandamus.

851 1417 1251 1532 urrunusxxvnr.
1278 1465 1345 1532 nn
1367 1459 1457 1556 (aa).

829 1636 884 1709 Dc
913 1639 1108 1710 revocatione
1134 1639 1382 1734 priuilepiontm
1410 1636 1473 1734 (a).

906 1835 1125 1886 rurnnarou
1154 1837 1401 1887 rnnonnrnus.

497 1989 679 2085 Privilegia
698 1999 735 2064 et
752 1991 977 2064 instrumenta
1000 1991 1214 2086 proditorum
1238 2002 1430 2064 nostrorum
1455 2000 1515 2064 aut
1541 1990 1738 2064 invasorum
1762 1990 1859 2084 regni

449 2115 556 2188 nostri
581 2115 814 2209 quorumlihet
838 2117 979 2190 nomina
1000 2116 1227 2203 continentia,
1245 2125 1280 2189 et
1295 2137 1403 2211 quea
1423 2115 1602 2209 judicibus
1627 2113 1723 2188 iactis
1748 2115 1793 2187 ab
1809 2115 1860 2187 eis

448 2249 509 2312 aut
533 2240 776 2314 tabellionibus
794 2241 922 2336 scripta
947 2249 981 2314 et
1004 2240 1197 2337 subscripta
1224 2241 1460 2329 inveniuntur,
1485 2263 1595 2336 usque
1619 2241 1666 2314 ed
1687 2262 1860 2312 annuma

449 2365 507 2439 die
529 2365 770 2440 insinuationis
790 2366 1072 2440 constitutionum
1095 2376 1287 2440 nostrarum
1311 2365 1478 2440 declarari
1498 2375 1533 2438 et
1557 2365 1714 2439 renovari
1733 2365 1860 2439 decer-

449 2490 564 2563 nimus
585 2513 627 2564 oe
651 2490 865 2588 appositione
886 2491 993 2564 nostri
1009 2489 1158 2564 nominis
1182 2491 1336 2564 roborari
1352 2491 1424 2589 (t),
1443 2491 1538 2564 nulla
1554 2513 1600 2564 ex
1626 2490 1860 2564 instrumentis

490 2683 532 2764 (a)
554 2683 685 2746 Graece:
702 2683 744 2744 vc
761 2680 942 2744 &obtundis
950 2679 1108 2764 prucdmn
1118 2683 1318 2744 instrumentis
1330 2679 1372 2742 ud
1380 2683 1500 2741 maur.

447 2864 454 2876 Ι
467 2861 786 2876 ψ-ι--φ--η---ηι-
1044 2867 1181 2876 *na-a·-
1192 2867 1217 2874 -n

484 2973 520 3048 (t)
538 2973 599 3032 Nun
612 2973 787 3032 dubitandum
798 2976 864 3048 quin
873 2974 943 3032 haec
954 2973 1109 3033 constitutio
1122 2973 1191 3030 inira
1201 2973 1345 3030 torminum
1356 2972 1527 3048 praefinitum
1539 2971 1688 3030 executioni
1702 2969 1861 3028 demandata

448 3071 542 3142 inerit,
559 3087 621 3128 oum
635 3073 706 3129 inter
718 3072 769 3129 alia
783 3072 861 3147 plura
876 3088 948 3129 nunc
960 3072 1136 3130 instrumenta
1150 3071 1339 3142 exhibeamus,
1353 3070 1423 3128 sicut
1435 3071 1605 3144 reperiuntur
1623 3069 1651 3124 in
1669 3068 1810 3126 Additieu.
1823 3069 1860 3126 nd

449 3167 535 3226 utut.
553 3169 669 3226 Guneus.
681 3169 905 3242 mon.,dictionn.
914 3170 991 3230 verb.
1003 3169 1206 3230 constitutum
1217 3170 1256 3225 Ex
1269 3169 1446 3228 instrumento
1458 3169 1521 3225 unni
1536 3171 1605 3227 taen
1621 3167 1693 3240 quod
1704 3167 1814 3241 incipit:
1827 3167 1856 3224 ln

451 3267 590 3325 »nomine
612 3268 718 3325 Domini
742 3268 790 3325 Dei
813 3269 898 3326 eterni
919 3275 947 3326 st
966 3267 1112 3326 Salvatoris
1133 3269 1217 3326 nostri
1237 3270 1302 3325 lesu
1321 3267 1432 3335 Christi,
1453 3281 1524 3324 anno
1546 3267 1582 3324 ab
1600 3267 1781 3324 incarnatione
1799 3267 1859 3339 ejus

452 3364 656 3423 »thCXXXII
674 3371 703 3422 et
719 3365 785 3422 Xll⁰
799 3379 869 3422 anno
889 3365 994 3439 imperii
1012 3364 1112 3422 domini
1133 3365 1217 3422 nostri
1234 3363 1366 3422 undena
1385 3361 1566 3436 gloriosissimi
1579 3363 1759 3422 Romanorum
1773 3363 1859 3438 impe

452 3480 466 3514 a
482 3461 593 3533 catoris,
606 3477 713 3535 semper
728 3462 847 3534 augusti,
861 3461 1009 3520 Jerusalem
1023 3467 1051 3520 et
1063 3461 1152 3519 Sicilie
1165 3461 1250 3534 regis,
1261 3467 1289 3518 et
1299 3461 1367 3518 XX⁰
1377 3475 1448 3518 anno
1460 3460 1534 3533 tegni
1546 3459 1646 3517 domini
1657 3459 1741 3517 nostri
1753 3459 1859 3518 ilenrici

453 3577 467 3612 r
482 3559 553 3633 ragis
565 3558 654 3616 Sicilie
677 3565 705 3616 et
723 3559 814 3631 italie,
828 3561 887 3634 ejus
905 3559 1055 3616 charissimi
1074 3557 1136 3631 tilii,
1152 3573 1245 3615 mense
1259 3557 1317 3630 julii
1327 3601 1335 3628 ,
1347 3557 1371 3618 V
1384 3557 1553 3628 indictionis,
1568 3563 1630 3615 ente
1641 3573 1686 3615 me
1699 3556 1859 3616 Lendulium

453 3658 610 3732 uindicem,
627 3657 798 3732 presentibus
819 3657 934 3716 testibus
951 3656 1152 3716 subscribendis
1174 3661 1203 3714 et
1224 3657 1259 3714 ad
1279 3655 1331 3714 hoe
1350 3655 1501 3730 specialiter
1518 3656 1632 3728 rogatis,
1647 3656 1721 3712 venit
1736 3657 1780 3715 Fr.
1795 3657 1860 3713 uar-

453 3775 466 3808 a
483 3754 650 3826 tholomeus,
664 3753 814 3812 monachus
826 3755 954 3812 Curensis
973 3753 1138 3825 monasterii,
1152 3758 1180 3810 et
1191 3769 1240 3828 pro
1252 3761 1329 3828 parte
1340 3753 1424 3827 ipsius
1436 3753 1588 3810 monasterii
1601 3753 1715 3810 ostendit
1727 3753 1861 3826 quoddam

454 3853 690 3910 »instrumentum
703 3851 775 3926 quod
787 3893 794 3923 ,
806 3854 919 3910 remotis
930 3869 982 3928 per
999 3867 1042 3910 mc
1064 3853 1173 3908 nornine
1193 3860 1219 3910 et
1241 3858 1358 3925 tempore
1379 3851 1466 3908 hostii
1484 3849 1638 3926 mprhdicti
1653 3851 1760 3907 domim
1774 3855 1863 3908 notui

453 3970 467 4002 u
482 3953 654 4008 mrenissimi
667 3953 843 4026 imperatoris
857 3957 884 4009 et
898 3953 1037 4010 invasoria
1050 3952 1127 4024 rapti
1141 3949 1278 4026 eiusdem,
1292 3949 1380 4010 taliter
1400 3951 1553 4012 continebat
1568 3969 1575 4006 :
1589 3951 1620 4008 ln
1632 3951 1740 4008 nomine
1757 3951 1861 4008 Domini

453 4069 467 4104 a
484 4050 532 4108 Dei
548 4051 647 4122 eterni,
657 4056 711 4108 etc.
726 4051 792 4108 Cnrn
805 4057 895 4108 autern
907 4050 995 4122 ipsum
1008 4051 1215 4108 instrumentum
1227 4056 1366 4109 ostensum
1382 4055 1411 4108 et
1426 4048 1604 4120 lectumlnit,
1616 4048 1678 4121 quia
1690 4049 1718 4105 in
1730 4049 1863 4106 consitu-

455 4145 557 4205 ntiona
577 4148 725 4222 supradicti
746 4147 845 4206 domini
866 4147 950 4205 nostri
966 4147 1130 4206 serenissimi
1151 4147 1322 4222 imperatoris
1339 4144 1426 4204 hlelhe
1449 4145 1619 4220 promulgate
1642 4151 1752 4203 nauum
1773 4151 1816 4204 est
1833 4151 1864 4202 ut

456 4266 469 4298 u
484 4246 662 4303 instrumenta
675 4246 794 4319 quelibet
806 4246 958 4304 invasorum
973 4246 1047 4319 regni
1062 4245 1105 4302 rel
1118 4245 1282 4319 proditorum
1293 4260 1403 4303 suorum
1417 4244 1526 4302 nomina
1539 4243 1718 4314 continentia,
1734 4257 1783 4300 sou
1796 4258 1862 4298 con·

456 4363 470 4396 n
486 4343 556 4400 lecta
567 4343 729 4417 ajudicihus
743 4348 770 4400 et
783 4343 968 4402 tabellionibus
989 4343 1066 4401 iactis
1081 4343 1116 4401 ab
1129 4344 1179 4414 eis,
1189 4359 1276 4417 nsque
1287 4343 1321 4399 ad
1338 4358 1438 4400 annum
1450 4358 1467 4399 a
1478 4341 1522 4400 die
1534 4341 1721 4399 insinuationis
1733 4339 1862 4397 constitu·

457 4443 567 4500 udonis
586 4443 706 4517 predicte
726 4442 854 4500 declarari
871 4449 899 4501 st
916 4443 1039 4501 mnouari
1060 4443 1191 4500 deberent
1210 4450 1237 4499 et
1257 4442 1424 4517 appositione
1443 4443 1484 4499 sui
1498 4441 1582 4498 laticis
1595 4439 1713 4497 nominis
1725 4437 1860 4507 roborari3

456 4539 583 4598 »idcirco
604 4541 664 4614 ipso
679 4541 826 4598 monachus
836 4558 885 4616 pro
899 4547 977 4616 parte
999 4541 1146 4616 supradicti
1167 4541 1334 4612 monasterii,
1348 4541 1412 4614 quia
1429 4539 1635 4597 instrumentum
1657 4537 1746 4612 ipsum
1765 4551 1862 4594 nomeu

456 4638 570 4696 »noma
588 4639 734 4714 supradicti
752 4639 853 4697 domini
873 4641 956 4698 nostri
972 4646 1000 4697 et
1019 4640 1148 4697 mensoris
1160 4639 1234 4711 regni
1247 4639 1368 4713 quedem
1381 4637 1536 4696 coniuebat
1547 4641 1658 4710 aperte,
1672 4648 1763 4692 murm
1774 4634 1863 4705 requii-

456 4757 469 4790 a
486 4738 569 4796 rendo
585 4737 701 4796 officium
714 4737 779 4794 mihi
797 4754 892 4812 preces
911 4739 1003 4796 effudit
1022 4744 1155 4813 quatems
1173 4739 1380 4795 instrumentum
1393 4737 1482 4811 ipsum
1492 4737 1571 4810 juxta
1582 4735 1719 4792 decretum
1733 4731 1865 4789 eonstitu-
