4320 5918
251 523 409 602 ruma]
702 521 898 584 maroam
924 521 1216 586 nunnonnrrca
1603 522 1664 584 aaa

250 683 352 757 gans,
374 679 510 734 necnon
524 657 806 754 quibuscumque
825 659 959 734 clericis
977 661 1046 736 snb
1067 683 1157 758 pena
1180 659 1283 734 officii
1303 667 1338 734 et
1361 656 1520 734 beneficii
1540 657 1664 734 eadem

250 785 451 862 auctoritate
469 782 659 858 districtius
678 784 840 860 inhibens
852 784 950 880 quod
972 786 1148 883 sepedicto
1165 785 1273 860 nobili
1291 795 1408 861 contra
1421 786 1662 884 imperatorem

248 911 413 988 eumdem
429 909 589 984 assistere
601 909 821 1004 alionatcnus
837 933 907 985 non
923 923 1133 1008 presumant.

296 1039 424 1112 Datum
436 1033 583 1126 Pemeii‚
602 1035 648 1108 III
666 1033 748 1108 idne
763 1035 890 1128 martii,
911 1058 1004 1110 anno
1018 1038 1106 1112 vul.

1110 1335 1362 1348 1-0—-0—-0-0-40
1366 1338 1408 1347 ι...
1413 1337 1433 1348 n

299 1598 530 1701 fridericus,
547 1597 808 1683 Romanorum
826 1599 1047 1710 imperator,
1066 1599 1346 1710 inperpetuum
1365 1601 1566 1686 confirmat
1582 1601 1658 1687 dil·
1767 1640 1803 1727 3-

246 1731 432 1816 finitivam
451 1731 677 1814 sententiam
694 1758 765 1815 nec
781 1731 952 1844 legitima
974 1732 1225 1842 appellatione
1243 1761 1492 1845 suspensam,
1508 1764 1531 1819 a
1549 1737 1657 1822 Tho-
1789 1714 1816 1782 ⁰3

245 1867 368 1952 masio
386 1867 436 1950 de
451 1866 689 1977 Montenigro
703 1865 909 1977 justitiario
921 1865 1159 1978 Principatus
1180 1879 1218 1952 et
1235 1878 1358 1952 terrae
1369 1869 1654 1957 Beneventanae

244 2000 363 2084 latam
380 2025 451 2112 pro
468 1999 711 2084 universitate
737 1999 873 2084 casalis
901 2001 1029 2084 Sancti
1055 2001 1155 2086 Petri
1182 2003 1231 2086 de
1247 2003 1356 2088 Polla
1373 2015 1505 2089 contra
1522 2007 1653 2092 Theo-

243 2135 379 2218 doram
397 2133 594 2218 dominam
612 2132 741 2218 Pollae
757 2145 796 2218 et
815 2133 1096 2218 universitatem
1118 2135 1192 2220 loci
1210 2135 1394 2248 ejusdem.

324 2345 449 2428 (Incdlt.
464 2347 635 2409 exarahtvo
657 2353 787 2408 monast.
808 2345 964 2422 mnenon,
978 2347 1144 2424 naiman,
1165 2347 1218 2412 Iol.
1241 2358 1317 2426 1423
1337 2351 1403 2412 coit
1428 2367 1498 2413 cum
1520 2353 1655 2433 ortgtnolt

361 2469 553 2535 pergamena
568 2451 656 2528 Ibin..
669 2469 745 2516 arm.
761 2453 810 2530 II,
824 2465 858 2515 n·
873 2451 937 2534 aa.)

289 2641 499 2734 Fridericus,
518 2642 582 2715 Dei
600 2641 711 2736 gratia
727 2643 960 2716 Romanomm
971 2643 1156 2738 imperator
1173 2663 1309 2740 semper
1322 2651 1510 2738 angustus,
1530 2645 1652 2720 Hieru-

239 2768 347 2842 salem
358 2775 393 2842 et
408 2767 524 2842 Sicilie
536 2788 612 2840 rex.
627 2767 692 2840 Per
707 2787 850 2863 presens
861 2767 1027 2863 scriptum
1040 2777 1159 2841 notnm
1174 2767 1321 2840 facimus
1339 2769 1512 2842 universis
1525 2771 1652 2845 nostrie

239 2890 400 2966 fidelibus
426 2901 496 2965 tam
520 2891 737 2988 presentibus
759 2913 865 2986 qnam
889 2891 1015 2964 tutoris
1040 2890 1137 2988 quod
1161 2892 1421 2966 Bartholomeus
1446 2895 1652 2970 constitutus

239 3017 396 3092 sindicus
411 3016 694 3090 abuniversitate
710 3016 834 3090 casalis
850 3017 965 3090 Sancti
980 3016 1070 3090 Petri
1087 3015 1132 3090 de
1142 3017 1237 3091 Polla
1251 3014 1364 3092 tideIIs
1377 3029 1493 3092 noster
1505 3019 1553 3094 ad
1570 3042 1651 3118 pre·

239 3142 384 3216 sentiam
398 3150 550 3216 nostram
567 3139 737 3215 accedens
753 3140 854 3214 nobis
871 3141 1035 3236 exposuit
1052 3140 1148 3237 qnod
1165 3163 1245 3214 cum
1263 3143 1353 3216 inter
1370 3143 1485 3239 ipsum
1501 3166 1564 3240 pro
1574 3146 1650 3220 uni·

238 3267 400 3342 versitate
415 3265 572 3363 predicta
586 3274 622 3339 ct
636 3263 851 3340 Theodoram
868 3264 1046 3338 dominam
1063 3266 1156 3340 Pelle
1172 3288 1243 3362 que
1253 3269 1334 3360 jure
1354 3288 1544 3343 normanno
1559 3271 1650 3346 vivit

238 3413 352 3466 coram
361 3389 598 3466 Thomasiode
609 3389 827 3486 Montenigro
836 3389 1024 3482 justitiario
1037 3390 1297 3487 PrIncipatusot
1310 3400 1398 3466 terre
1407 3395 1649 3470 Beneventnnc

237 3518 372 3614 quentin
391 3525 596 3606 verteretur,
615 3536 721 3612 super
747 3535 790 3590 eo
813 3514 976 3590 videlicet
996 3515 1093 3610 quod
1115 3515 1191 3610 ipsa
1217 3515 1359 3590 domina
1383 3518 1587 3613 prohibebat
1611 3531 1647 3594 et

237 3643 385 3738 negabat
401 3641 516 3718 eidem
535 3640 750 3715 universitati
767 3649 802 3716 et
818 3639 1019 3715 homiuibus
1034 3643 1065 3734 ej
1070 3641 1191 3716 uadem
1208 3641 1316 3716 libere
1332 3642 1485 3719 incidere
1498 3645 1591 3740 ligna
1606 3647 1644 3720 in

236 3767 434 3844 nemoribus
452 3767 563 3854 Polla,
584 3765 725 3840 haume
747 3775 783 3840 et
806 3767 963 3863 achpere
978 3787 1087 3862 aquas
1106 3766 1141 3838 in
1161 3767 1375 3863 pertinentiis
1395 3777 1431 3842 et
1457 3769 1644 3845 tenimento

235 3891 390 3986 ejusdem
405 3913 469 3990 pro
485 3892 648 3966 omnibns
669 3891 871 3966 necessariis
893 3891 1064 3988 ipsorum,
1088 3912 1204 3964 emere
1227 3891 1331 3967 etam
1351 3891 1504 3987 quelibet
1523 3915 1642 3968 neces-

234 4017 323 4092 saria
338 4015 375 4090 in
389 4017 465 4112 ipsa
477 4016 572 4091 Polla
587 4026 623 4090 et
640 4015 855 4112 pertinentiis
872 4017 949 4110 ejus
965 4024 1001 4090 et
1017 4015 1144 4090 habere
1157 4036 1287 4112 pascua
1304 4016 1342 4088 in
1357 4015 1441 4090 locis
1457 4015 1655 4113 predictis,.

233 4141 323 4215 sicut
333 4142 393 4234 jus
404 4151 479 4215 erat
490 4142 542 4215 cis
554 4139 709 4238 predicta
722 4140 840 4214 omnia
853 4139 962 4214 libere
973 4141 1085 4214 iacere
1096 4149 1133 4213 et
1147 4139 1294 4232 habera3
1314 4148 1465 4236 etsuper
1481 4161 1524 4215 eo
1538 4141 1641 4216 etiam

232 4265 329 4362 quod
351 4289 432 4340 cnm
449 4266 526 4364 ipsa
550 4266 757 4341 universitas
774 4275 810 4339 et
826 4265 983 4340 homines
1002 4263 1157 4360 ejusdem
1179 4265 1250 4338 sint
1265 4263 1429 4339 CavensIs
1446 4267 1643 4342 monasterii

231 4389 405 4484 homines,
419 4391 496 4490 ipsa
509 4391 651 4466 domina
665 4392 803 4488 petebat
820 4390 866 4466 ab
876 4389 1101 4465 universitate
1112 4389 1267 4487 predicta
1281 4398 1316 4465 et
1332 4389 1533 4466 hominibus
1543 4395 1643 4487 cjns-

231 4515 312 4590 dem
324 4515 607 4608 adohnmentnm,
618 4516 830 4610 adjutorium
844 4536 906 4589 sen
917 4515 1107 4606 collectam,
1118 4514 1269 4612 petendo
1282 4537 1343 4590 cos
1355 4515 1527 4613 prodictie
1539 4517 1642 4612 quasi

231 4639 383 4735 quadam
402 4640 519 4716 debito
539 4641 747 4717 conditionis
769 4640 940 4736 subjicere
956 4639 1138 4732 servitute,
1168 4639 1247 4736 plus
1263 4639 1470 4741 postulando
1494 4639 1540 4714 ab
1557 4639 1644 4736 ipsis
