4372 5918
516 543 557 608 58
1047 541 1402 604 constitutiones

517 677 669 752 tionibus
703 686 948 772 cognoscentes
977 699 1038 774 per
1069 689 1219 754 nostram
1253 677 1494 752 celsitudinem
1526 677 1675 752 debeant
1706 683 1921 774 pmmoveri,

518 801 699 896 adjunctos
715 811 752 875 et
768 802 1001 877 admezatores
1019 803 1080 898 qui
1104 823 1167 899 per
1189 803 1402 899 privatomm
1430 821 1617 876 consensus
1641 802 1690 876 ad
1714 801 1925 879 decidendas

517 927 714 1024 questiones
731 925 782 1024 (u)
799 927 835 1000 in
858 925 1020 1023 predictis
1040 926 1123 1000 locis
1142 927 1318 1022 Neapolis,
1339 923 1484 999 Amalfie
1500 935 1536 1000 et
1551 926 1706 1000 Surrenti
1726 925 1780 1026 [et
1797 927 1834 999 in
1858 928 1925 1000 cir-

518 1049 789 1141 cumstantibus]
809 1050 1025 1144 eligebantur
1054 1049 1253 1144 bucusque,
1281 1050 1343 1145 qui
1370 1051 1500 1124 nubam
1525 1049 1629 1124 aliam
1649 1051 1924 1144 jurisdictionem

516 1175 691 1250 habebant
707 1176 775 1248 nisi
798 1197 868 1270 que
886 1177 931 1248 ab
949 1175 1156 1270 eligentibus
1177 1174 1415 1250 conterebatur
1436 1173 1582 1265 dedam,
1598 1175 1635 1247 in
1652 1185 1827 1272 posterum
1842 1175 1924 1270 eligi

518 1299 753 1396 probibemus,
761 1298 824 1372 sed
834 1320 896 1395 per
904 1300 1040 1392 judices
1051 1308 1184 1373 tantum
1198 1299 1331 1374 anobis
1341 1308 1486 1374 statutos
1499 1321 1613 1374 uorum
1627 1320 1747 1374 eorum
1756 1301 1925 1394 baJuliset

518 1424 731 1520 compalatiis
743 1423 790 1521 (b)
800 1445 923 1498 causas
937 1446 1057 1498 omnes
1073 1405 1266 1498 examinari
1281 1425 1444 1497 volumus
1457 1432 1494 1497 et
1509 1445 1572 1520 por
1585 1425 1787 1498 sententiam
1802 1425 1925 1498 termi-

517 1547 644 1621 narid
656 1570 805 1644 quorum
818 1548 997 1624 sententiis
1009 1549 1257 1646 appellationes
1269 1569 1339 1622 non
1352 1546 1399 1622 ad
1413 1569 1589 1644 compares
1600 1546 1646 1645 (c)
1658 1547 1715 1621 vel
1729 1546 1921 1641 adjunctos,

517 1683 557 1746 ut
575 1672 705 1746 dictum
721 1683 796 1763 est,
815 1673 878 1746 sed
896 1672 943 1746 ad
958 1673 1195 1748 celsitudinem
1211 1682 1362 1748 nostram
1376 1673 1433 1747 uel
1451 1671 1498 1746 ad
1514 1671 1678 1746 officiales
1692 1681 1846 1765 nostine,
1863 1693 1925 1746 ca-

518 1795 682 1870 morarios
697 1795 981 1890 (d),justitiarios,
997 1796 1178 1892 magistros
1190 1797 1412 1889 justiciarius,
1427 1795 1517 1870 sicut
1528 1796 1564 1867 in
1576 1796 1718 1891 reliquis
1734 1796 1833 1891 regni
1848 1817 1925 1892 par·

518 1919 623 2008 tibus,
645 1918 841 1993 deierantur
863 1946 871 1991 :
891 1919 1027 1992 arbitris
1042 1921 1261 2014 superiobus
1273 1921 1317 1994 de
1330 1920 1460 2016 quibus
1472 1917 1926 2018 potestdejureiuarbitros

518 2044 759 2140 compromitti,
773 2053 953 2140 propterea
965 2065 1034 2116 non
1053 2044 1235 2138 negandis.

888 2245 1091 2320 risurus
1116 2245 1302 2318 nxxxrr.
1322 2247 1379 2318 su
1398 2244 1509 2342 (65)(
1532 2245 1560 2342 ).

566 2424 613 2494 De
629 2423 694 2517 fide
706 2435 737 2496 et
752 2425 949 2498 auctoritate
965 2427 1260 2498 instrumentorum
1277 2435 1309 2497 et
1322 2435 1400 2518 quot
1417 2433 1512 2496 testes
1526 2423 1663 2496 micant
1678 2423 1878 2496 subscribere

1038 2551 1073 2622 in
1096 2550 1327 2622 instrumentis
1352 2545 1408 2643 (e).

1065 2749 1158 2798 ibuit
1182 2749 1381 2799 AUGUSTUS·

566 2901 873 2976 lustmmentorum
901 2901 1006 2976 robur
1033 2912 1068 2978 et
1095 2905 1367 3000 solempnitatem
1396 2909 1563 2996 augentes
1580 2913 1619 2974 ut
1647 2897 1692 2976 de
1716 2917 1836 2972 eorum
1859 2893 1928 2969 fide

519 3025 615 3099 nulla
631 3026 772 3100 omnino
787 3027 824 3099 in
839 3037 1014 3125 posterum
1028 3027 1199 3102 dubitatio
1213 3027 1321 3126 possit
1338 3027 1434 3119 oriri,
1459 3025 1642 3099 statuimus
1657 3032 1697 3096 ut
1713 3023 1743 3095 si
1753 3021 1928 3118 quantitas

519 3171 588 3247 que
609 3151 646 3225 in
668 3161 846 3226 contractu
864 3152 1059 3245 deducitur,
1079 3155 1167 3226 inira
1184 3153 1308 3228 libram
1330 3153 1405 3226 auri
1428 3151 1592 3225 subsistat
1607 3147 1653 3223 de
1668 3146 1855 3221 mobilibus
1871 3144 1927 3218 vel

560 3364 605 3448 (a)
625 3365 737 3430 Graece
749 3365 802 3452 πρὸ
815 3377 863 3430 niu
877 3369 1011 3452 ἀποφῆναι
1024 3363 1071 3436 τὰς
1084 3367 1236 3446 ὑποθέσεις,
1250 3376 1320 3432 nnn
1341 3365 1509 3430 decidendas
1529 3367 1717 3449 quaestiones.
1725 3365 1812 3440 Quod
1824 3363 1929 3426 mellus

518 3474 647 3552 uidetur,
662 3475 735 3538 dum
747 3479 894 3555 quaestio,
905 3482 941 3540 ut
953 3477 1040 3539 docet
1050 3476 1200 3552 Afflletus,
1214 3483 1287 3540 tunc
1298 3479 1431 3555 incipiat,
1445 3491 1515 3538 cum
1527 3473 1607 3536 iacta
1618 3474 1657 3536 sit
1670 3473 1731 3534 litis
1743 3469 1927 3538 molestabo.

518 3581 609 3644 Facit
621 3584 701 3644 enlm
714 3583 943 3657 &Mallotes
954 3583 1071 3662 iudicer
1092 3585 1146 3661 qui
1167 3600 1187 3646 a
1207 3585 1337 3662 prlnclpe
1353 3581 1585 3662 Junsdcuonsm
1606 3581 1741 3658 capiunt,
1755 3592 1816 3638 non
1836 3577 1889 3654 qut
1911 3589 1930 3634 a

519 3687 664 3765 purdbus,
678 3704 755 3767 quae
767 3687 881 3750 nullam
895 3694 1070 3766 potestatam
1083 3690 1115 3750 in
1127 3688 1283 3768 adjunctos
1303 3689 1462 3750 usmrurs
1473 3689 1611 3766 possunt,
1623 3682 1797 3746 senteutiam
1806 3678 1931 3759 tudites

517 3791 595 3854 terre
607 3800 732 3872 queunt.

563 3895 605 3976 (b)
624 3900 659 3960 ln
673 3915 778 3978 graeco
793 3917 803 3961 ι
819 3916 916 3960 corum
929 3896 1108 3981 compalatii
1118 3895 1164 3962 uel
1174 3897 1279 3982 lajolo.

562 4002 600 4086 (θ)
627 4007 684 4084 ΑΡ·
699 4007 823 4070 Currant
844 4015 874 4070 et
895 4009 986 4070 edum
1005 4025 1044 4070 ex
1057 4023 1162 4088 graeco
1174 4003 1369 4088 compalatior.
1384 4009 1470 4071 Nunc
1481 4011 1581 4067 nmen
1594 4017 1663 4065 uum
1675 4000 1776 4062 cudloe
1787 3995 1928 4076 palatino,

522 4127 592 4172 cum
605 4110 725 4173 difflato
738 4119 767 4174 et
777 4114 878 4176 codice
892 4123 970 4176 ⁴6²⁵
983 4113 1089 4176 malim
1101 4130 1246 4195 eurupam
1257 4113 1416 4193 legendum
1429 4111 1617 4176 arbitramur.

564 4215 610 4298 (d)
630 4217 689 4296 Ap.
702 4217 877 4282 Camlvd
884 4217 1143 4302 mammonam
1151 4221 1520 4300 comorantiorrtgtmusax
1531 4231 1635 4296 graeco
1646 4211 1929 4276 atsxmdtoerere.

565 4322 606 4406 (e)
631 4325 742 4388 Graeca
752 4327 913 4406 simplicius
928 4348 937 4390 ε
955 4329 1031 4407 Quot
1046 4335 1127 4392 tentes
1140 4327 1262 4390 dstmm
1273 4328 1307 4389 ln
1316 4328 1507 4390 ιἰιιινιιιιιειιιο
1518 4319 1701 4387 munster.

1558 4483 1925 4503 ..Μή-’Ὦ

561 4590 598 4664 (t)
617 4589 721 4650 Titulus
733 4590 783 4650 iste
794 4591 864 4649 inter
876 4591 935 4650 illos
946 4607 1014 4667 quos
1025 4593 1169 4653 liioourdus
1180 4595 1214 4655 ds
1227 4593 1256 4654 S.
1270 4593 1404 4654 Germano
1414 4589 1562 4666 excerpsit,
1573 4585 1716 4648 inventum.
1729 4579 1930 4644 Cidamus,

523 4687 628 4746 tues.
642 4686 680 4745 ud
691 4686 787 4746 istor.
797 4689 918 4760 danim,
930 4695 951 4747 t.
965 4691 1011 4765 iv,
1024 4707 1053 4766 p.
1066 4695 1127 4750 itti.
