4372 5918
753 609 880 674 neem
904 609 1094 677 Stultius.

800 919 864 988 on
888 909 965 1012 (rr)
989 913 1003 1010 (
1026 915 1052 1010 ).

765 1116 860 1166 luent
885 1115 1085 1167 AUGUSTUS·

270 1266 513 1342 Contumaoem
534 1269 630 1344 oiviii
653 1280 687 1344 et
705 1271 876 1368 personali
893 1273 1029 1345 actione
1053 1279 1261 1345 conventum
1284 1291 1331 1343 ex
1350 1291 1442 1344 nova
1463 1269 1632 1343 constitu-

225 1391 316 1466 tione
332 1402 451 1468 nostre
466 1395 564 1468 tertia
582 1395 763 1468 mobilium
777 1403 874 1492 perte
891 1397 1106 1488 mulctatum,
1126 1395 1258 1490 antiqui
1273 1395 1361 1488 juris
1383 1394 1511 1489 regulis
1527 1395 1633 1467 inhe-

228 1527 356 1609 rentes,
383 1525 463 1591 ante
485 1517 579 1592 litem
606 1529 831 1594 contestatam
858 1519 1054 1594 missionem
1077 1520 1113 1592 in
1140 1520 1242 1594 bonis
1259 1542 1322 1616 pro
1347 1541 1508 1593 mensura
1526 1518 1634 1592 debiti

229 1641 388 1716 declarati
402 1643 498 1736 quod
511 1641 556 1716 ab
571 1645 647 1740 ipso
660 1645 814 1739 exigitur
829 1645 900 1740 pati
915 1665 1105 1718 censemus.
1126 1643 1162 1717 Si
1174 1651 1289 1717 taumn
1302 1653 1489 1717 contumax
1498 1641 1635 1716 heredi-

229 1764 391 1838 tariarum
403 1785 520 1838 rerum
533 1775 568 1840 et
579 1763 771 1841 feudalium
786 1788 961 1864 possessor
974 1767 1138 1860 extiterit,
1150 1767 1186 1838 in
1200 1765 1451 1862 possessionem
1463 1763 1635 1839 heredita·

229 1888 354 1961 riarum
363 1888 535 1984 primitus,
552 1889 681 1966 deinde
692 1891 881 1966 feudalium
893 1879 1042 1966 actorem
1050 1891 1287 1966 inducendum
1297 1887 1347 1988 (b)
1358 1911 1632 1964 essecensemus.

701 2196 900 2270 TITULUS
925 2197 962 2270 C.
990 2197 1052 2270 OE
1076 2193 1168 2294 (75).

342 2372 392 2446 De
405 2395 495 2466 penu
511 2375 710 2446 contumacia
723 2385 799 2470 port
826 2375 914 2446 litem
931 2309 1144 2447 contestatum
1161 2375 1196 2446 in
1216 2373 1443 2446 destinatione
1460 2371 1475 2466 (
1492 2369 1519 2468 ).

773 2575 863 2625 rnna
894 2577 1091 2626 assuerus.

278 2731 314 2804 Si
332 2731 412 2825 quis
427 2739 504 2827 post
521 2731 617 2804 litem
636 2752 741 2826 super
756 2732 928 2828 personali
943 2735 1079 2806 actione
1093 2733 1130 2804 in
1147 2732 1243 2806 civili
1260 2731 1394 2824 judicio
1414 2737 1636 2803 contestatum

234 2865 420 2930 contumax
440 2855 555 2948 luerit,
573 2855 603 2928 si
617 2853 761 2950 quidem
773 2855 885 2950 judici
901 2878 948 2930 ex
967 2858 1022 2930 his
1046 2877 1117 2952 que
1133 2877 1249 2930 corum
1267 2876 1309 2928 eo
1327 2863 1403 2928 acta
1423 2861 1506 2926 sunt
1531 2852 1639 2948 possit

234 2979 278 3054 de
290 3001 394 3054 causa
408 2980 561 3074 liquere,
590 2977 637 3054 ad
654 2977 869 3054 definitivam
890 2982 1092 3055 senteutiam
1112 2991 1231 3056 contra
1247 2989 1483 3054 contumacem
1498 2977 1555 3051 vel
1576 2998 1639 3072 pro

233 3125 291 3194 eo,
315 3114 417 3200 prout
428 3105 577 3200 qualitas
589 3104 781 3199 questionis
790 3106 964 3200 exegerit,
987 3103 1211 3202 procedetur3
1229 3103 1337 3199 siqui
1352 3102 1515 3198 predictis
1527 3099 1640 3174 modis

236 3237 420 3302 contumax
437 3229 553 3317 luerit,
576 3249 665 3323 quos
679 3249 771 3302 nova
787 3230 894 3302 nostri
912 3229 1063 3302 nominis
1080 3229 1276 3303 constitutio
1292 3227 1499 3320 introduxit,
1516 3226 1640 3322 appel-

235 3353 366 3428 lationis
403 3351 556 3426 remedio
580 3353 683 3444 juxta
715 3351 876 3426 divorum
907 3354 1102 3450 principum
1134 3351 1415 3449 predecessorum
1446 3359 1639 3424 nostrorum
1742 3399 1745 3408 .

236 3478 356 3573 placita
372 3476 423 3576 (d)
442 3475 660 3572 denegando.
683 3476 719 3550 Si
735 3497 819 3550 vero
837 3498 885 3551 ex
902 3477 1041 3572 hisque
1063 3486 1139 3551 acta
1161 3477 1302 3552 suntad
1327 3475 1542 3549 definitivam
1559 3494 1639 3545 seu·

237 3601 372 3675 tentiam
398 3599 539 3698 prooedi
557 3621 627 3674 non
654 3599 780 3696 possit,
811 3599 1004 3674 secundnm
1032 3601 1190 3675 ordinem
1211 3601 1370 3698 proxime
1391 3598 1640 3673 constitutionis

237 3734 364 3816 nostre,
389 3725 425 3796 in
443 3723 695 3822 possessiouem
712 3724 882 3798 bonorum
900 3726 1110 3798 contumacis
1131 3747 1193 3824 pro
1214 3725 1320 3799 modo
1341 3723 1449 3799 debiti
1476 3719 1640 3797 declarati

237 3848 395 3922 missione
409 3857 545 3940 monta,
569 3848 671 3922 liceat
691 3847 827 3944 petitori
846 3849 1001 3942 judicem
1016 3859 1266 3946 competentem
1284 3846 1366 3948 [qui
1379 3847 1535 3922 edictum
1549 3845 1640 3920 eitu-

238 3971 335 4046 tionis
347 3969 476 4070 emisit]
488 3972 586 4048 adire
600 3981 636 4046 et
648 3972 694 4047 de
708 3971 907 4046 edversario
920 3975 1054 4069 suoqui
1065 3973 1294 4069 adjudicium
1306 3974 1427 4047 uenire
1438 3969 1641 4066 contempsit

239 4095 454 4171 latitationem
479 4097 642 4192 probare,
666 4092 847 4193 [videlicet
869 4099 965 4193 quod
985 4121 1023 4172 se
1046 4099 1240 4196 specialiter
1265 4099 1381 4171 animo
1411 4105 1446 4170 et
1467 4095 1641 4193 proposito

275 4295 318 4378 (a)
338 4297 449 4362 Graece
461 4297 578 4360 rubrica
589 4297 738 4360 motem
750 4298 932 4362 mundando
943 4305 1039 4362 actore
1051 4297 1639 4381 erpwasonantoonouaoetomaet.

277 4401 316 4484 (i)
337 4408 374 4468 ln
384 4405 453 4468 eod.
468 4414 547 4468 tent
560 4405 588 4467 Α
600 4403 781 4469 mittendam

278 4509 313 4591 (r)
333 4507 671 4575 Induiliuctiomdsest
682 4514 715 4574 tn
728 4529 844 4593 graeco
859 4515 971 4576 lneod.
990 4515 1105 4576 tetta
1117 4514 1226 4593 legitur
1237 4509 1428 4594 inpermmlt
1438 4511 1560 4575 actione.

278 4614 320 4698 (d)
342 4619 454 4682 Graece
468 4637 477 4680 t
485 4619 580 4701 Jocta
599 4616 712 4700 plectra
731 4618 948 4702 metamor
970 4619 1101 4684 mmm
1124 4627 1322 4702 capartorem.
1346 4621 1432 4698 Quod
1456 4619 1581 4683 retertur
1606 4617 1645 4681 ed

243 4725 454 4798 puscetenten
467 4729 706 4791 constitutionem
718 4728 772 4792 ubt
784 4730 891 4793 dieitur
903 4725 1225 4812 ootiqotjorirraqottae
1236 4726 1405 4792 menter.
