<?xml version="1.0" encoding="UTF-8"?>
<!DOCTYPE html PUBLIC "-//W3C//DTD XHTML 1.0 Transitional//EN"
    "http://www.w3.org/TR/xhtml1/DTD/xhtml1-transitional.dtd">
<html xmlns="http://www.w3.org/1999/xhtml" xml:lang="en" lang="en">
 <head>
  <title>
</title>
<meta http-equiv="Content-Type" content="text/html;charset=utf-8" />
  <meta name='ocr-system' content='tesseract 3.04.00' />
  <meta name='ocr-capabilities' content='ocr_page ocr_carea ocr_par ocr_line ocrx_word'/>
</head>
<body>
  <div class='ocr_page' id='page_1' title='image "./historiadiploma07fredgoog_0314.png"; bbox 0 0 4360 5908; ppageno 0'>
   <div class='ocr_carea' id='block_1_1' title="bbox 503 583 1911 676">
    <p class='ocr_par' dir='ltr' id='par_1_1' title="bbox 503 583 1911 676">
     <span class='ocr_line' id='line_1_1' title="bbox 503 583 1911 676; baseline 0.005 -20"><span class='ocrx_word' id='word_1_1' title='bbox 503 591 563 656; x_wconf 80' lang='lat'><strong>300</strong></span> <span class='ocrx_word' id='word_1_2' title='bbox 936 649 941 660; x_wconf 82' lang='grc'>,</span> <span class='ocrx_word' id='word_1_3' title='bbox 1002 591 1220 654; x_wconf 79' lang='lat' dir='ltr'><strong>FRllllllllCl</strong></span> <span class='ocrx_word' id='word_1_4' title='bbox 1246 583 1427 656; x_wconf 75' lang='lat' dir='ltr'><strong>ssschnnl</strong></span> <span class='ocrx_word' id='word_1_5' title='bbox 1727 597 1807 676; x_wconf 73' lang='lat' dir='ltr'><strong>[aar.</strong></span> <span class='ocrx_word' id='word_1_6' title='bbox 1826 599 1911 662; x_wconf 71' lang='lat'><strong>1232</strong></span> 
     </span>
    </p>
   </div>
   <div class='ocr_carea' id='block_1_2' title="bbox 502 727 1913 1195">
    <p class='ocr_par' dir='ltr' id='par_1_2' title="bbox 502 727 1913 1072">
     <span class='ocr_line' id='line_1_2' title="bbox 503 727 1913 826; baseline 0.006 -26"><span class='ocrx_word' id='word_1_7' title='bbox 503 738 701 802; x_wconf 87' lang='lat' dir='ltr'><strong>tarenorum</strong></span> <span class='ocrx_word' id='word_1_8' title='bbox 736 737 1005 826; x_wconf 86' lang='lat' dir='ltr'><strong>receptatorum,</strong></span> <span class='ocrx_word' id='word_1_9' title='bbox 1044 727 1263 802; x_wconf 79' lang='lat' dir='ltr'><strong>defensorum</strong></span> <span class='ocrx_word' id='word_1_10' title='bbox 1294 739 1330 804; x_wconf 87' lang='lat' dir='ltr'><strong>et</strong></span> <span class='ocrx_word' id='word_1_11' title='bbox 1357 732 1531 804; x_wconf 83' lang='lat' dir='ltr'><strong>lautorum</strong></span> <span class='ocrx_word' id='word_1_12' title='bbox 1564 753 1705 822; x_wconf 84' lang='lat' dir='ltr'><strong>eorum,</strong></span> <span class='ocrx_word' id='word_1_13' title='bbox 1745 734 1821 808; x_wconf 86' lang='lat' dir='ltr'><strong>sire</strong></span> <span class='ocrx_word' id='word_1_14' title='bbox 1853 737 1913 809; x_wconf 93' lang='lat' dir='ltr'><strong>ubi</strong></span> 
     </span>
     <span class='ocr_line' id='line_1_3' title="bbox 502 850 1913 954; baseline 0.006 -30"><span class='ocrx_word' id='word_1_15' title='bbox 502 850 684 926; x_wconf 78' lang='lat' dir='ltr'>docuerint</span> <span class='ocrx_word' id='word_1_16' title='bbox 704 864 765 926; x_wconf 90' lang='lat' dir='ltr'><strong>aut</strong></span> <span class='ocrx_word' id='word_1_17' title='bbox 788 875 912 927; x_wconf 90' lang='lat' dir='ltr'><strong>manus</strong></span> <span class='ocrx_word' id='word_1_18' title='bbox 935 853 1013 926; x_wconf 91' lang='lat' dir='ltr'><strong>aliis</strong></span> <span class='ocrx_word' id='word_1_19' title='bbox 1035 852 1277 948; x_wconf 79' lang='lat' dir='ltr'>imposuerint,</span> <span class='ocrx_word' id='word_1_20' title='bbox 1302 853 1525 928; x_wconf 78' lang='lat' dir='ltr'><strong>destruantur</strong></span> <span class='ocrx_word' id='word_1_21' title='bbox 1545 857 1641 930; x_wconf 91' lang='lat' dir='ltr'><strong>nullo</strong></span> <span class='ocrx_word' id='word_1_22' title='bbox 1664 867 1819 954; x_wconf 86' lang='lat' dir='ltr'><strong>tempore</strong></span> <span class='ocrx_word' id='word_1_23' title='bbox 1841 883 1913 948; x_wconf 84' lang='lat' dir='ltr'><strong>res-</strong></span> 
     </span>
     <span class='ocr_line' id='line_1_4' title="bbox 502 976 727 1072; baseline 0.009 -26"><span class='ocrx_word' id='word_1_24' title='bbox 502 985 655 1050; x_wconf 87' lang='lat' dir='ltr'><strong>truot&#39;uro</strong></span> <span class='ocrx_word' id='word_1_25' title='bbox 668 976 727 1072; x_wconf 79' lang='lat' dir='ltr'><strong>(o).</strong></span> 
     </span>
    </p>

    <p class='ocr_par' dir='ltr' id='par_1_3' title="bbox 550 1101 1453 1195">
     <span class='ocr_line' id='line_1_5' title="bbox 550 1101 1453 1195; baseline 0.006 -24"><span class='ocrx_word' id='word_1_26' title='bbox 550 1101 675 1174; x_wconf 89' lang='lat' dir='ltr'><strong>Datum</strong></span> <span class='ocrx_word' id='word_1_27' title='bbox 688 1102 868 1195; x_wconf 81' lang='lat' dir='ltr'><strong>Ravonne,</strong></span> <span class='ocrx_word' id='word_1_28' title='bbox 888 1101 983 1174; x_wconf 82' lang='lat' dir='ltr'>XXII</span> <span class='ocrx_word' id='word_1_29' title='bbox 997 1101 1176 1194; x_wconf 81' lang='lat' dir='ltr'><strong>februarii,</strong></span> <span class='ocrx_word' id='word_1_30' title='bbox 1195 1103 1225 1174; x_wconf 84' lang='lat' dir='ltr'>V</span> <span class='ocrx_word' id='word_1_31' title='bbox 1241 1101 1453 1178; x_wconf 79' lang='lat' dir='ltr'><strong>indictionis.</strong></span> 
     </span>
    </p>
   </div>
   <div class='ocr_carea' id='block_1_3' title="bbox 337 1696 1911 2342">
    <p class='ocr_par' dir='ltr' id='par_1_4' title="bbox 337 1696 1911 2342">
     <span class='ocr_line' id='line_1_6' title="bbox 337 1696 1911 1816; baseline 0.003 -37"><span class='ocrx_word' id='word_1_32' title='bbox 337 1727 364 1816; x_wconf 58' lang='lat' dir='ltr'><strong>p</strong></span> <span class='ocrx_word' id='word_1_33' title='bbox 405 1730 442 1816; x_wconf 50' lang='grc' dir='ltr'><strong>ος,</strong></span> <span class='ocrx_word' id='word_1_34' title='bbox 551 1697 782 1804; x_wconf 84' lang='lat' dir='ltr'><strong>Fridericus,</strong></span> <span class='ocrx_word' id='word_1_35' title='bbox 802 1696 1063 1780; x_wconf 86' lang='lat' dir='ltr'><strong>Romanorum</strong></span> <span class='ocrx_word' id='word_1_36' title='bbox 1081 1697 1301 1806; x_wconf 86' lang='lat' dir='ltr'><strong>imperator,</strong></span> <span class='ocrx_word' id='word_1_37' title='bbox 1325 1696 1631 1782; x_wconf 89' lang='lat' dir='ltr'><strong>constitutionem</strong></span> <span class='ocrx_word' id='word_1_38' title='bbox 1653 1723 1765 1782; x_wconf 88' lang='lat' dir='ltr'><strong>suam</strong></span> <span class='ocrx_word' id='word_1_39' title='bbox 1791 1721 1911 1810; x_wconf 86' lang='lat' dir='ltr'><strong>gene-</strong></span> 
     </span>
     <span class='ocr_line' id='line_1_7' title="bbox 497 1829 1909 1940; baseline 0.004 -28"><span class='ocrx_word' id='word_1_40' title='bbox 497 1830 618 1913; x_wconf 86' lang='lat' dir='ltr'><strong>ralem</strong></span> <span class='ocrx_word' id='word_1_41' title='bbox 635 1839 768 1914; x_wconf 90' lang='lat' dir='ltr'><strong>contra</strong></span> <span class='ocrx_word' id='word_1_42' title='bbox 785 1829 993 1914; x_wconf 87' lang='lat' dir='ltr'><strong>haereticos</strong></span> <span class='ocrx_word' id='word_1_43' title='bbox 1005 1829 1274 1939; x_wconf 70' lang='lat' dir='ltr'><strong>promulgans,</strong></span> <span class='ocrx_word' id='word_1_44' title='bbox 1290 1829 1426 1914; x_wconf 85' lang='lat' dir='ltr'><strong>fratres</strong></span> <span class='ocrx_word' id='word_1_45' title='bbox 1443 1830 1589 1914; x_wconf 82' lang='lat' dir='ltr'><strong>ordinis</strong></span> <span class='ocrx_word' id='word_1_46' title='bbox 1605 1833 1909 1940; x_wconf 88' lang='lat' dir='ltr'><strong>praedicatorum</strong></span> 
     </span>
     <span class='ocr_line' id='line_1_8' title="bbox 497 1961 1907 2076; baseline 0.002 -29"><span class='ocrx_word' id='word_1_47' title='bbox 497 1965 547 2047; x_wconf 92' lang='lat' dir='ltr'><strong>de</strong></span> <span class='ocrx_word' id='word_1_48' title='bbox 558 1962 798 2076; x_wconf 83' lang='lat' dir='ltr'><strong>Wirzeburg,</strong></span> <span class='ocrx_word' id='word_1_49' title='bbox 818 1989 888 2072; x_wconf 89' lang='lat' dir='ltr'><strong>pro</strong></span> <span class='ocrx_word' id='word_1_50' title='bbox 906 1961 994 2045; x_wconf 90' lang='lat' dir='ltr'><strong>fidei</strong></span> <span class='ocrx_word' id='word_1_51' title='bbox 1011 1963 1164 2074; x_wconf 85' lang='lat' dir='ltr'><strong>negotio</strong></span> <span class='ocrx_word' id='word_1_52' title='bbox 1190 1963 1230 2044; x_wconf 92' lang='lat' dir='ltr'><strong>in</strong></span> <span class='ocrx_word' id='word_1_53' title='bbox 1248 1963 1421 2074; x_wconf 88' lang='lat' dir='ltr'><strong>partibus</strong></span> <span class='ocrx_word' id='word_1_54' title='bbox 1439 1964 1672 2048; x_wconf 85' lang='lat' dir='ltr'><strong>Tbeutoniae</strong></span> <span class='ocrx_word' id='word_1_55' title='bbox 1687 1966 1907 2076; x_wconf 76' lang='lat' dir='ltr'><strong>deputabo,</strong></span> 
     </span>
     <span class='ocr_line' id='line_1_9' title="bbox 498 2095 1907 2210; baseline 0.004 -30"><span class='ocrx_word' id='word_1_56' title='bbox 498 2097 572 2180; x_wconf 91' lang='lat' dir='ltr'><strong>sub</strong></span> <span class='ocrx_word' id='word_1_57' title='bbox 590 2123 661 2180; x_wconf 88' lang='lat' dir='ltr'><strong>sus</strong></span> <span class='ocrx_word' id='word_1_58' title='bbox 678 2107 716 2180; x_wconf 91' lang='lat' dir='ltr'><strong>et</strong></span> <span class='ocrx_word' id='word_1_59' title='bbox 733 2097 880 2206; x_wconf 92' lang='lat' dir='ltr'><strong>imperii</strong></span> <span class='ocrx_word' id='word_1_60' title='bbox 899 2095 1052 2206; x_wconf 86' lang='lat' dir='ltr'><strong>speciali</strong></span> <span class='ocrx_word' id='word_1_61' title='bbox 1072 2097 1206 2208; x_wconf 88' lang='lat' dir='ltr'><strong>recipit</strong></span> <span class='ocrx_word' id='word_1_62' title='bbox 1220 2097 1458 2196; x_wconf 78' lang='lat' dir='ltr'><strong>defensione,</strong></span> <span class='ocrx_word' id='word_1_63' title='bbox 1474 2124 1616 2210; x_wconf 86' lang='lat' dir='ltr'><strong>eosque</strong></span> <span class='ocrx_word' id='word_1_64' title='bbox 1627 2101 1808 2185; x_wconf 86' lang='lat' dir='ltr'><strong>omnibns</strong></span> <span class='ocrx_word' id='word_1_65' title='bbox 1825 2103 1907 2184; x_wconf 91' lang='lat' dir='ltr'><strong>im-</strong></span> 
     </span>
     <span class='ocr_line' id='line_1_10' title="bbox 497 2231 1059 2342; baseline -0.002 -29"><span class='ocrx_word' id='word_1_66' title='bbox 497 2232 592 2342; x_wconf 86' lang='lat' dir='ltr'><strong>perii</strong></span> <span class='ocrx_word' id='word_1_67' title='bbox 610 2231 787 2315; x_wconf 89' lang='lat' dir='ltr'><strong>fidelibus</strong></span> <span class='ocrx_word' id='word_1_68' title='bbox 804 2232 1059 2316; x_wconf 86' lang='lat' dir='ltr'><strong>commendat.</strong></span> 
     </span>
    </p>
   </div>
   <div class='ocr_carea' id='block_1_4' title="bbox 577 2413 1904 2636">
    <p class='ocr_par' dir='ltr' id='par_1_5' title="bbox 577 2413 1904 2636">
     <span class='ocr_line' id='line_1_11' title="bbox 577 2413 1904 2528; baseline 0.003 -18"><span class='ocrx_word' id='word_1_69' title='bbox 577 2445 711 2528; x_wconf 76' lang='lat' dir='ltr'><strong>(uuum</strong></span> <span class='ocrx_word' id='word_1_70' title='bbox 723 2451 755 2510; x_wconf 66' lang='grc' dir='ltr'><strong>ιιι</strong></span> <span class='ocrx_word' id='word_1_71' title='bbox 768 2447 994 2523; x_wconf 67' lang='lat' dir='ltr'><strong>noenum,</strong></span> <span class='ocrx_word' id='word_1_72' title='bbox 1009 2455 1034 2508; x_wconf 90' lang='lat' dir='ltr'><strong>t.</strong></span> <span class='ocrx_word' id='word_1_73' title='bbox 1044 2448 1140 2522; x_wconf 80' lang='lat' dir='ltr'><strong>xxx,</strong></span> <span class='ocrx_word' id='word_1_74' title='bbox 1151 2465 1179 2526; x_wconf 78' lang='lat' dir='ltr'><strong>p.</strong></span> <span class='ocrx_word' id='word_1_75' title='bbox 1196 2413 1710 2522; x_wconf 77' lang='lat' dir='ltr'><strong>ros-roo,num.uccv1-nccvu</strong></span> <span class='ocrx_word' id='word_1_76' title='bbox 1722 2466 1761 2510; x_wconf 69' lang='lat' dir='ltr'><strong>ex</strong></span> <span class='ocrx_word' id='word_1_77' title='bbox 1771 2449 1904 2514; x_wconf 69' lang='lat' dir='ltr'><strong>suunt</strong></span> 
     </span>
     <span class='ocr_line' id='line_1_12' title="bbox 616 2555 1902 2636; baseline 0.004 -22"><span class='ocrx_word' id='word_1_78' title='bbox 616 2558 649 2614; x_wconf 93' lang='lat' dir='ltr'><strong>lu</strong></span> <span class='ocrx_word' id='word_1_79' title='bbox 663 2555 783 2616; x_wconf 85' lang='lat' dir='ltr'><strong>nrcbivo</strong></span> <span class='ocrx_word' id='word_1_80' title='bbox 791 2556 1027 2634; x_wconf 83' lang='lat' dir='ltr'><strong>praedlootorum</strong></span> <span class='ocrx_word' id='word_1_81' title='bbox 1037 2555 1226 2636; x_wconf 84' lang='lat' dir='ltr'><strong>eroeburg.</strong></span> <span class='ocrx_word' id='word_1_82' title='bbox 1241 2562 1271 2616; x_wconf 85' lang='lat' dir='ltr'><strong>ot</strong></span> <span class='ocrx_word' id='word_1_83' title='bbox 1284 2555 1451 2634; x_wconf 71' lang='lat' dir='ltr'><strong>hanepon,</strong></span> <span class='ocrx_word' id='word_1_84' title='bbox 1462 2563 1492 2616; x_wconf 85' lang='lat' dir='ltr'><strong>et</strong></span> <span class='ocrx_word' id='word_1_85' title='bbox 1505 2571 1554 2634; x_wconf 86' lang='lat' dir='ltr'><strong>up.</strong></span> <span class='ocrx_word' id='word_1_86' title='bbox 1567 2557 1677 2636; x_wconf 80' lang='lat' dir='ltr'><strong>Pauus,</strong></span> <span class='ocrx_word' id='word_1_87' title='bbox 1688 2556 1819 2618; x_wconf 76' lang='lat' dir='ltr'><strong>Monam.</strong></span> <span class='ocrx_word' id='word_1_88' title='bbox 1829 2557 1902 2620; x_wconf 72' lang='lat' dir='ltr'><strong>atet</strong></span> 
     </span>
    </p>
   </div>
   <div class='ocr_carea' id='block_1_5' title="bbox 615 2661 1905 2955">
    <p class='ocr_par' dir='ltr' id='par_1_6' title="bbox 615 2661 1905 2955">
     <span class='ocr_line' id='line_1_13' title="bbox 618 2661 1902 2743; baseline 0.005 -23"><span class='ocrx_word' id='word_1_89' title='bbox 618 2663 726 2743; x_wconf 67' lang='lat' dir='ltr'><strong>Geron,</strong></span> <span class='ocrx_word' id='word_1_90' title='bbox 739 2669 762 2724; x_wconf 85' lang='lat' dir='ltr'><strong>t.</strong></span> <span class='ocrx_word' id='word_1_91' title='bbox 775 2663 827 2734; x_wconf 90' lang='lat' dir='ltr'><strong>IV,</strong></span> <span class='ocrx_word' id='word_1_92' title='bbox 842 2681 873 2740; x_wconf 92' lang='lat' dir='ltr'><strong>p.</strong></span> <span class='ocrx_word' id='word_1_93' title='bbox 884 2671 1032 2737; x_wconf 79' lang='lat'><strong>288-289,</strong></span> <span class='ocrx_word' id='word_1_94' title='bbox 1047 2679 1086 2723; x_wconf 85' lang='lat' dir='ltr'><strong>ox</strong></span> <span class='ocrx_word' id='word_1_95' title='bbox 1100 2663 1233 2724; x_wconf 78' lang='lat' dir='ltr'><strong>authent.</strong></span> <span class='ocrx_word' id='word_1_96' title='bbox 1249 2663 1482 2740; x_wconf 85' lang='lat' dir='ltr'><strong>praedlcatorum</strong></span> <span class='ocrx_word' id='word_1_97' title='bbox 1495 2661 1658 2742; x_wconf 72' lang='lat' dir='ltr'><strong>annus,</strong></span> <span class='ocrx_word' id='word_1_98' title='bbox 1669 2666 1701 2723; x_wconf 92' lang='lat' dir='ltr'><strong>ln</strong></span> <span class='ocrx_word' id='word_1_99' title='bbox 1713 2665 1805 2726; x_wconf 84' lang='lat' dir='ltr'><strong>tabul</strong></span> <span class='ocrx_word' id='word_1_100' title='bbox 1820 2668 1902 2728; x_wconf 86' lang='lat' dir='ltr'><strong>clrlt.</strong></span> 
     </span>
     <span class='ocr_line' id='line_1_14' title="bbox 615 2767 1905 2848; baseline 0.003 -19"><span class='ocrx_word' id='word_1_101' title='bbox 615 2767 793 2831; x_wconf 83' lang='lat' dir='ltr'><strong>Bremensls.</strong></span> <span class='ocrx_word' id='word_1_102' title='bbox 809 2769 862 2830; x_wconf 83' lang='lat' dir='ltr'><strong>Est</strong></span> <span class='ocrx_word' id='word_1_103' title='bbox 874 2785 945 2831; x_wconf 82' lang='lat' dir='ltr'><strong>vero</strong></span> <span class='ocrx_word' id='word_1_104' title='bbox 962 2769 1111 2848; x_wconf 84' lang='lat' dir='ltr'><strong>encycllca</strong></span> <span class='ocrx_word' id='word_1_105' title='bbox 1128 2769 1266 2831; x_wconf 85' lang='lat' dir='ltr'><strong>omuibus</strong></span> <span class='ocrx_word' id='word_1_106' title='bbox 1289 2769 1522 2847; x_wconf 86' lang='lat' dir='ltr'><strong>praedicatorum</strong></span> <span class='ocrx_word' id='word_1_107' title='bbox 1541 2771 1574 2830; x_wconf 89' lang='lat' dir='ltr'><strong>in</strong></span> <span class='ocrx_word' id='word_1_108' title='bbox 1593 2769 1750 2831; x_wconf 77' lang='lat' dir='ltr'><strong>Ger-maula</strong></span> <span class='ocrx_word' id='word_1_109' title='bbox 1771 2769 1905 2833; x_wconf 78' lang='lat' dir='ltr'><strong>domibus</strong></span> 
     </span>
     <span class='ocr_line' id='line_1_15' title="bbox 615 2874 729 2955; baseline 0.009 -19"><span class='ocrx_word' id='word_1_110' title='bbox 615 2874 729 2955; x_wconf 87' lang='lat' dir='ltr'><strong>missa.)</strong></span> 
     </span>
    </p>
   </div>
   <div class='ocr_carea' id='block_1_6' title="bbox 405 3065 1906 4662">
    <p class='ocr_par' dir='ltr' id='par_1_7' title="bbox 405 3065 1906 4662">
     <span class='ocr_line' id='line_1_16' title="bbox 545 3065 1905 3162; baseline 0.001 -24"><span class='ocrx_word' id='word_1_111' title='bbox 545 3065 758 3156; x_wconf 87' lang='lat' dir='ltr'><strong>Fridericus,</strong></span> <span class='ocrx_word' id='word_1_112' title='bbox 775 3067 836 3140; x_wconf 89' lang='lat' dir='ltr'><strong>Dei</strong></span> <span class='ocrx_word' id='word_1_113' title='bbox 852 3067 961 3160; x_wconf 87' lang='lat' dir='ltr'><strong>gratia</strong></span> <span class='ocrx_word' id='word_1_114' title='bbox 980 3067 1210 3140; x_wconf 87' lang='lat' dir='ltr'><strong>Romanorum</strong></span> <span class='ocrx_word' id='word_1_115' title='bbox 1230 3065 1431 3162; x_wconf 87' lang='lat' dir='ltr'><strong>imperator,</strong></span> <span class='ocrx_word' id='word_1_116' title='bbox 1452 3087 1589 3162; x_wconf 85' lang='lat' dir='ltr'><strong>semper</strong></span> <span class='ocrx_word' id='word_1_117' title='bbox 1605 3077 1787 3162; x_wconf 87' lang='lat' dir='ltr'><strong>augustos,</strong></span> <span class='ocrx_word' id='word_1_118' title='bbox 1803 3069 1905 3142; x_wconf 89' lang='lat' dir='ltr'><strong>Jeru-</strong></span> 
     </span>
     <span class='ocr_line' id='line_1_17' title="bbox 496 3190 1901 3288; baseline 0 -24"><span class='ocrx_word' id='word_1_119' title='bbox 496 3190 603 3264; x_wconf 84' lang='lat' dir='ltr'><strong>salem</strong></span> <span class='ocrx_word' id='word_1_120' title='bbox 628 3199 664 3264; x_wconf 92' lang='lat' dir='ltr'><strong>et</strong></span> <span class='ocrx_word' id='word_1_121' title='bbox 689 3191 805 3264; x_wconf 86' lang='lat' dir='ltr'><strong>Sicilie</strong></span> <span class='ocrx_word' id='word_1_122' title='bbox 829 3213 910 3282; x_wconf 88' lang='lat' dir='ltr'><strong>rex,</strong></span> <span class='ocrx_word' id='word_1_123' title='bbox 937 3191 1071 3264; x_wconf 87' lang='lat' dir='ltr'><strong>dilectis</strong></span> <span class='ocrx_word' id='word_1_124' title='bbox 1100 3191 1316 3288; x_wconf 86' lang='lat' dir='ltr'><strong>principibus</strong></span> <span class='ocrx_word' id='word_1_125' title='bbox 1338 3191 1595 3266; x_wconf 85' lang='lat' dir='ltr'><strong>venerabilibus</strong></span> <span class='ocrx_word' id='word_1_126' title='bbox 1621 3191 1901 3288; x_wconf 82' lang='lat' dir='ltr'><strong>archiepiscopis,</strong></span> 
     </span>
     <span class='ocr_line' id='line_1_18' title="bbox 495 3315 1906 3413; baseline 0 -25"><span class='ocrx_word' id='word_1_127' title='bbox 495 3315 667 3412; x_wconf 89' lang='lat' dir='ltr'><strong>episcopis</strong></span> <span class='ocrx_word' id='word_1_128' title='bbox 694 3317 839 3412; x_wconf 84' lang='lat' dir='ltr'><strong>aliisque</strong></span> <span class='ocrx_word' id='word_1_129' title='bbox 864 3316 1005 3413; x_wconf 86' lang='lat' dir='ltr'><strong>prelatis</strong></span> <span class='ocrx_word' id='word_1_130' title='bbox 1027 3316 1271 3405; x_wconf 87' lang='lat' dir='ltr'><strong>ecclesiarum,</strong></span> <span class='ocrx_word' id='word_1_131' title='bbox 1302 3315 1470 3410; x_wconf 88' lang='lat' dir='ltr'><strong>ducibus,</strong></span> <span class='ocrx_word' id='word_1_132' title='bbox 1496 3317 1768 3406; x_wconf 82' lang='lat' dir='ltr'><strong>marchionibus,</strong></span> <span class='ocrx_word' id='word_1_133' title='bbox 1793 3317 1906 3390; x_wconf 89' lang='lat' dir='ltr'><strong>comi-</strong></span> 
     </span>
     <span class='ocr_line' id='line_1_19' title="bbox 496 3439 1904 3536; baseline 0 -24"><span class='ocrx_word' id='word_1_134' title='bbox 496 3439 602 3532; x_wconf 91' lang='lat' dir='ltr'><strong>tibus,</strong></span> <span class='ocrx_word' id='word_1_135' title='bbox 622 3439 830 3530; x_wconf 85' lang='lat' dir='ltr'><strong>baronibus,</strong></span> <span class='ocrx_word' id='word_1_136' title='bbox 850 3441 1020 3532; x_wconf 87' lang='lat' dir='ltr'><strong>scultetis,</strong></span> <span class='ocrx_word' id='word_1_137' title='bbox 1038 3440 1252 3536; x_wconf 88' lang='lat' dir='ltr'><strong>burgraviis,</strong></span> <span class='ocrx_word' id='word_1_138' title='bbox 1274 3440 1469 3533; x_wconf 89' lang='lat' dir='ltr'><strong>advocatis,</strong></span> <span class='ocrx_word' id='word_1_139' title='bbox 1483 3439 1676 3534; x_wconf 86' lang='lat' dir='ltr'><strong>judicibus,</strong></span> <span class='ocrx_word' id='word_1_140' title='bbox 1696 3439 1904 3514; x_wconf 83' lang='lat' dir='ltr'><strong>ministeria·</strong></span> 
     </span>
     <span class='ocr_line' id='line_1_20' title="bbox 496 3563 1905 3663; baseline 0.001 -27"><span class='ocrx_word' id='word_1_141' title='bbox 496 3563 604 3658; x_wconf 91' lang='lat' dir='ltr'><strong>libus,</strong></span> <span class='ocrx_word' id='word_1_142' title='bbox 620 3565 824 3640; x_wconf 88' lang='lat' dir='ltr'><strong>officialibus</strong></span> <span class='ocrx_word' id='word_1_143' title='bbox 841 3577 876 3640; x_wconf 91' lang='lat' dir='ltr'><strong>et</strong></span> <span class='ocrx_word' id='word_1_144' title='bbox 891 3566 1063 3640; x_wconf 88' lang='lat' dir='ltr'><strong>universis</strong></span> <span class='ocrx_word' id='word_1_145' title='bbox 1083 3588 1143 3663; x_wconf 88' lang='lat' dir='ltr'><strong>per</strong></span> <span class='ocrx_word' id='word_1_146' title='bbox 1161 3574 1269 3640; x_wconf 88' lang='lat' dir='ltr'><strong>totum</strong></span> <span class='ocrx_word' id='word_1_147' title='bbox 1294 3567 1479 3661; x_wconf 90' lang='lat' dir='ltr'><strong>imperium</strong></span> <span class='ocrx_word' id='word_1_148' title='bbox 1496 3565 1708 3657; x_wconf 89' lang='lat' dir='ltr'><strong>constitutis,</strong></span> <span class='ocrx_word' id='word_1_149' title='bbox 1729 3573 1905 3662; x_wconf 82' lang='lat' dir='ltr'><strong>presentes</strong></span> 
     </span>
     <span class='ocr_line' id='line_1_21' title="bbox 495 3689 1906 3788; baseline 0 -26"><span class='ocrx_word' id='word_1_150' title='bbox 495 3689 625 3763; x_wconf 88' lang='lat' dir='ltr'><strong>litteras</strong></span> <span class='ocrx_word' id='word_1_151' title='bbox 646 3690 872 3788; x_wconf 85' lang='lat' dir='ltr'><strong>inspecturis,</strong></span> <span class='ocrx_word' id='word_1_152' title='bbox 895 3689 1057 3766; x_wconf 86' lang='lat' dir='ltr'><strong>fidelibus</strong></span> <span class='ocrx_word' id='word_1_153' title='bbox 1071 3691 1161 3782; x_wconf 82' lang='lat' dir='ltr'><strong>suia,</strong></span> <span class='ocrx_word' id='word_1_154' title='bbox 1182 3691 1327 3788; x_wconf 79' lang='lat' dir='ltr'><strong>gratiam</strong></span> <span class='ocrx_word' id='word_1_155' title='bbox 1346 3713 1447 3764; x_wconf 88' lang='lat' dir='ltr'><strong>suam</strong></span> <span class='ocrx_word' id='word_1_156' title='bbox 1465 3699 1500 3764; x_wconf 88' lang='lat' dir='ltr'><strong>ot</strong></span> <span class='ocrx_word' id='word_1_157' title='bbox 1516 3711 1619 3764; x_wconf 91' lang='lat' dir='ltr'><strong>omne</strong></span> <span class='ocrx_word' id='word_1_158' title='bbox 1635 3690 1779 3762; x_wconf 90' lang='lat' dir='ltr'><strong>bonum.</strong></span> <span class='ocrx_word' id='word_1_159' title='bbox 1802 3689 1906 3762; x_wconf 90' lang='lat' dir='ltr'><strong>Com·</strong></span> 
     </span>
     <span class='ocr_line' id='line_1_22' title="bbox 496 3814 1906 3913; baseline 0.001 -25"><span class='ocrx_word' id='word_1_160' title='bbox 496 3814 592 3888; x_wconf 89' lang='lat' dir='ltr'><strong>missi</strong></span> <span class='ocrx_word' id='word_1_161' title='bbox 617 3815 718 3889; x_wconf 92' lang='lat' dir='ltr'><strong>nobis</strong></span> <span class='ocrx_word' id='word_1_162' title='bbox 744 3815 864 3888; x_wconf 86' lang='lat' dir='ltr'><strong>celitus</strong></span> <span class='ocrx_word' id='word_1_163' title='bbox 888 3837 971 3888; x_wconf 89' lang='lat' dir='ltr'><strong>cura</strong></span> <span class='ocrx_word' id='word_1_164' title='bbox 993 3815 1170 3910; x_wconf 85' lang='lat' dir='ltr'><strong>regiminis</strong></span> <span class='ocrx_word' id='word_1_165' title='bbox 1189 3825 1225 3888; x_wconf 92' lang='lat' dir='ltr'><strong>et</strong></span> <span class='ocrx_word' id='word_1_166' title='bbox 1241 3815 1431 3913; x_wconf 88' lang='lat' dir='ltr'><strong>imperialis</strong></span> <span class='ocrx_word' id='word_1_167' title='bbox 1454 3815 1511 3888; x_wconf 90' lang='lat' dir='ltr'><strong>cui</strong></span> <span class='ocrx_word' id='word_1_168' title='bbox 1535 3815 1639 3888; x_wconf 89' lang='lat' dir='ltr'><strong>dante</strong></span> <span class='ocrx_word' id='word_1_169' title='bbox 1661 3814 1808 3888; x_wconf 90' lang='lat' dir='ltr'><strong>Domino</strong></span> <span class='ocrx_word' id='word_1_170' title='bbox 1829 3836 1906 3910; x_wconf 86' lang='lat' dir='ltr'><strong>pro·</strong></span> 
     </span>
     <span class='ocr_line' id='line_1_23' title="bbox 496 3938 1904 4036; baseline -0.002 -22"><span class='ocrx_word' id='word_1_171' title='bbox 496 3939 651 4014; x_wconf 80' lang='lat' dir='ltr'><strong>uidemus</strong></span> <span class='ocrx_word' id='word_1_172' title='bbox 676 3941 850 4036; x_wconf 80' lang='lat' dir='ltr'><strong>fastigium</strong></span> <span class='ocrx_word' id='word_1_173' title='bbox 876 3939 1055 4036; x_wconf 87' lang='lat' dir='ltr'><strong>diguitatis</strong></span> <span class='ocrx_word' id='word_1_174' title='bbox 1074 3941 1283 4014; x_wconf 85' lang='lat' dir='ltr'><strong>materialem</strong></span> <span class='ocrx_word' id='word_1_175' title='bbox 1308 3961 1379 4036; x_wconf 92' lang='lat' dir='ltr'><strong>quo</strong></span> <span class='ocrx_word' id='word_1_176' title='bbox 1404 3939 1545 4014; x_wconf 85' lang='lat' dir='ltr'><strong>divisim</strong></span> <span class='ocrx_word' id='word_1_177' title='bbox 1567 3961 1588 4012; x_wconf 88' lang='lat' dir='ltr'><strong>a</strong></span> <span class='ocrx_word' id='word_1_178' title='bbox 1611 3938 1802 4014; x_wconf 86' lang='lat' dir='ltr'><strong>sacerdotio</strong></span> <span class='ocrx_word' id='word_1_179' title='bbox 1824 3941 1904 4012; x_wconf 90' lang='lat' dir='ltr'><strong>luu-</strong></span> 
     </span>
     <span class='ocr_line' id='line_1_24' title="bbox 405 4064 1906 4161; baseline 0 -23"><span class='ocrx_word' id='word_1_180' title='bbox 405 4077 406 4082; x_wconf 70' lang='lat'>‘</span> <span class='ocrx_word' id='word_1_181' title='bbox 495 4065 610 4160; x_wconf 83' lang='lat' dir='ltr'><strong>gimm</strong></span> <span class='ocrx_word' id='word_1_182' title='bbox 624 4065 780 4161; x_wconf 79' lang='lat' dir='ltr'><strong>gladium</strong></span> <span class='ocrx_word' id='word_1_183' title='bbox 797 4066 968 4141; x_wconf 87' lang='lat' dir='ltr'><strong>advorsus</strong></span> <span class='ocrx_word' id='word_1_184' title='bbox 980 4065 1095 4140; x_wconf 89' lang='lat' dir='ltr'><strong>hostes</strong></span> <span class='ocrx_word' id='word_1_185' title='bbox 1112 4064 1193 4140; x_wconf 84' lang='lat' dir='ltr'><strong>fidei</strong></span> <span class='ocrx_word' id='word_1_186' title='bbox 1206 4075 1241 4138; x_wconf 89' lang='lat' dir='ltr'><strong>st</strong></span> <span class='ocrx_word' id='word_1_187' title='bbox 1254 4065 1290 4138; x_wconf 92' lang='lat' dir='ltr'><strong>iu</strong></span> <span class='ocrx_word' id='word_1_188' title='bbox 1305 4065 1549 4140; x_wconf 87' lang='lat' dir='ltr'><strong>exterminium</strong></span> <span class='ocrx_word' id='word_1_189' title='bbox 1561 4064 1711 4138; x_wconf 80' lang='lat' dir='ltr'><strong>heretico</strong></span> <span class='ocrx_word' id='word_1_190' title='bbox 1729 4065 1906 4161; x_wconf 85' lang='lat' dir='ltr'><strong>pravitatis</strong></span> 
     </span>
     <span class='ocr_line' id='line_1_25' title="bbox 496 4189 1906 4288; baseline 0 -24"><span class='ocrx_word' id='word_1_191' title='bbox 496 4190 644 4284; x_wconf 87' lang='lat' dir='ltr'><strong>exigunt</strong></span> <span class='ocrx_word' id='word_1_192' title='bbox 659 4189 885 4284; x_wconf 86' lang='lat' dir='ltr'><strong>exerendum,</strong></span> <span class='ocrx_word' id='word_1_193' title='bbox 903 4200 940 4264; x_wconf 93' lang='lat' dir='ltr'><strong>ut</strong></span> <span class='ocrx_word' id='word_1_194' title='bbox 954 4191 1111 4288; x_wconf 87' lang='lat' dir='ltr'><strong>vipereos</strong></span> <span class='ocrx_word' id='word_1_195' title='bbox 1130 4189 1276 4288; x_wconf 88' lang='lat' dir='ltr'><strong>perfidie</strong></span> <span class='ocrx_word' id='word_1_196' title='bbox 1294 4189 1382 4264; x_wconf 88' lang='lat' dir='ltr'><strong>lilios</strong></span> <span class='ocrx_word' id='word_1_197' title='bbox 1404 4199 1522 4264; x_wconf 86' lang='lat' dir='ltr'><strong>contra</strong></span> <span class='ocrx_word' id='word_1_198' title='bbox 1538 4191 1650 4286; x_wconf 81' lang='lat' dir='ltr'><strong>Deum</strong></span> <span class='ocrx_word' id='word_1_199' title='bbox 1667 4199 1703 4262; x_wconf 88' lang='lat' dir='ltr'><strong>ct</strong></span> <span class='ocrx_word' id='word_1_200' title='bbox 1719 4189 1906 4265; x_wconf 84' lang='lat' dir='ltr'><strong>Ecclesiam</strong></span> 
     </span>
     <span class='ocr_line' id='line_1_26' title="bbox 495 4313 1906 4411; baseline 0 -23"><span class='ocrx_word' id='word_1_201' title='bbox 495 4314 716 4407; x_wconf 88' lang='lat' dir='ltr'><strong>insultantes,</strong></span> <span class='ocrx_word' id='word_1_202' title='bbox 736 4323 910 4411; x_wconf 89' lang='lat' dir='ltr'><strong>tamquam</strong></span> <span class='ocrx_word' id='word_1_203' title='bbox 928 4315 1072 4389; x_wconf 87' lang='lat' dir='ltr'><strong>materni</strong></span> <span class='ocrx_word' id='word_1_204' title='bbox 1088 4315 1177 4388; x_wconf 88' lang='lat' dir='ltr'><strong>uteri</strong></span> <span class='ocrx_word' id='word_1_205' title='bbox 1196 4335 1401 4406; x_wconf 87' lang='lat' dir='ltr'><strong>corrosores,</strong></span> <span class='ocrx_word' id='word_1_206' title='bbox 1422 4313 1605 4408; x_wconf 89' lang='lat' dir='ltr'><strong>injudicio</strong></span> <span class='ocrx_word' id='word_1_207' title='bbox 1622 4314 1810 4406; x_wconf 82' lang='lat' dir='ltr'><strong>etJusticia</strong></span> <span class='ocrx_word' id='word_1_208' title='bbox 1824 4335 1906 4409; x_wconf 86' lang='lat' dir='ltr'><strong>per·</strong></span> 
     </span>
     <span class='ocr_line' id='line_1_27' title="bbox 495 4438 1905 4538; baseline 0.001 -28"><span class='ocrx_word' id='word_1_209' title='bbox 495 4461 701 4534; x_wconf 87' lang='lat' dir='ltr'><strong>sequamur;</strong></span> <span class='ocrx_word' id='word_1_210' title='bbox 728 4439 902 4514; x_wconf 87' lang='lat' dir='ltr'><strong>maleficos</strong></span> <span class='ocrx_word' id='word_1_211' title='bbox 919 4440 1038 4514; x_wconf 88' lang='lat' dir='ltr'><strong>vivero</strong></span> <span class='ocrx_word' id='word_1_212' title='bbox 1064 4462 1134 4513; x_wconf 91' lang='lat' dir='ltr'><strong>nou</strong></span> <span class='ocrx_word' id='word_1_213' title='bbox 1161 4441 1295 4536; x_wconf 90' lang='lat' dir='ltr'><strong>passuri</strong></span> <span class='ocrx_word' id='word_1_214' title='bbox 1311 4463 1373 4538; x_wconf 92' lang='lat' dir='ltr'><strong>per</strong></span> <span class='ocrx_word' id='word_1_215' title='bbox 1395 4461 1545 4538; x_wconf 91' lang='lat' dir='ltr'><strong>quorum</strong></span> <span class='ocrx_word' id='word_1_216' title='bbox 1572 4439 1751 4513; x_wconf 90' lang='lat' dir='ltr'><strong>scientiam</strong></span> <span class='ocrx_word' id='word_1_217' title='bbox 1776 4438 1905 4514; x_wconf 86' lang='lat' dir='ltr'><strong>seduc-</strong></span> 
     </span>
     <span class='ocr_line' id='line_1_28' title="bbox 497 4563 1905 4662; baseline -0.001 -26"><span class='ocrx_word' id='word_1_218' title='bbox 497 4564 615 4638; x_wconf 87' lang='lat' dir='ltr'><strong>tricem</strong></span> <span class='ocrx_word' id='word_1_219' title='bbox 630 4563 782 4637; x_wconf 87' lang='lat' dir='ltr'><strong>mundus</strong></span> <span class='ocrx_word' id='word_1_220' title='bbox 799 4563 950 4637; x_wconf 89' lang='lat' dir='ltr'><strong>inlicitur</strong></span> <span class='ocrx_word' id='word_1_221' title='bbox 966 4573 999 4638; x_wconf 87' lang='lat' dir='ltr'><strong>et</strong></span> <span class='ocrx_word' id='word_1_222' title='bbox 1015 4565 1111 4658; x_wconf 88' lang='lat' dir='ltr'><strong>gregi</strong></span> <span class='ocrx_word' id='word_1_223' title='bbox 1131 4563 1286 4640; x_wconf 84' lang='lat' dir='ltr'><strong>fidelium</strong></span> <span class='ocrx_word' id='word_1_224' title='bbox 1306 4587 1367 4662; x_wconf 86' lang='lat' dir='ltr'><strong>per</strong></span> <span class='ocrx_word' id='word_1_225' title='bbox 1390 4585 1474 4638; x_wconf 86' lang='lat' dir='ltr'><strong>oves</strong></span> <span class='ocrx_word' id='word_1_226' title='bbox 1492 4563 1555 4638; x_wconf 86' lang='lat' dir='ltr'><strong>bas</strong></span> <span class='ocrx_word' id='word_1_227' title='bbox 1572 4563 1753 4638; x_wconf 81' lang='lat' dir='ltr'><strong>morbidas</strong></span> <span class='ocrx_word' id='word_1_228' title='bbox 1766 4563 1905 4659; x_wconf 79' lang='lat' dir='ltr'><strong>gravior</strong></span> 
     </span>
    </p>
   </div>
   <div class='ocr_carea' id='block_1_7' title="bbox 538 4743 1382 4826">
    <p class='ocr_par' dir='ltr' id='par_1_8' title="bbox 538 4743 1382 4826">
     <span class='ocr_line' id='line_1_29' title="bbox 538 4743 1382 4826; baseline 0.002 -20"><span class='ocrx_word' id='word_1_229' title='bbox 538 4743 579 4826; x_wconf 84' lang='lat' dir='ltr'><strong>(a)</strong></span> <span class='ocrx_word' id='word_1_230' title='bbox 600 4744 649 4808; x_wconf 89' lang='lat' dir='ltr'><strong>Slc</strong></span> <span class='ocrx_word' id='word_1_231' title='bbox 661 4761 715 4824; x_wconf 89' lang='lat' dir='ltr'><strong>pro</strong></span> <span class='ocrx_word' id='word_1_232' title='bbox 728 4743 895 4808; x_wconf 71' lang='lat' dir='ltr'><strong>rutmudc</strong></span> <span class='ocrx_word' id='word_1_233' title='bbox 902 4791 913 4823; x_wconf 89' lang='lat'><strong>,</strong></span> <span class='ocrx_word' id='word_1_234' title='bbox 928 4747 986 4808; x_wconf 84' lang='lat' dir='ltr'><strong>nist</strong></span> <span class='ocrx_word' id='word_1_235' title='bbox 1000 4746 1075 4808; x_wconf 81' lang='lat' dir='ltr'><strong>torte</strong></span> <span class='ocrx_word' id='word_1_236' title='bbox 1087 4743 1287 4808; x_wconf 74' lang='lat' dir='ltr'><strong>retauraodc.</strong></span> <span class='ocrx_word' id='word_1_237' title='bbox 1374 4785 1382 4801; x_wconf 64' lang='grc' dir='ltr'><em>ι</em></span> 
     </span>
    </p>
   </div>
   <div class='ocr_carea' id='block_1_8' title="bbox 0 0 2184 5908">
    <p class='ocr_par' dir='ltr' id='par_1_9' title="bbox 0 0 2184 5908">
     <span class='ocr_line' id='line_1_30' title="bbox 0 0 2184 5908; baseline 0 1"><span class='ocrx_word' id='word_1_238' title='bbox 0 0 2184 5908; x_wconf 95' lang='lat' dir='ltr'><strong> </strong></span> 
     </span>
    </p>
   </div>
  </div>
 </body>
</html>
