4372 5918
478 568 519 630 38
1010 568 1364 630 consrllnrroltns

478 701 629 800 corporis
646 701 703 774 vel
721 700 927 778 ablutionem
945 705 1178 780 membrorum
1199 707 1373 780 incurrere
1393 724 1462 778 non
1480 701 1659 796 deberent,
1677 703 1890 778 audientiam

478 852 577 904 suam
596 827 762 924 impartiri
777 826 966 902 debebunt.
1576 825 1580 835 '

907 1148 1109 1222 TITULUS
1141 1149 1271 1222 LXVI.
1298 1152 1366 1222 ΜΒ
1390 1145 1481 1246 (la).

530 1325 582 1398 ne
599 1328 676 1419 sure
693 1336 788 1422 capto
802 1347 866 1420 per
883 1327 1034 1422 bajulum
1051 1327 1239 1420 justitiario
1257 1326 1454 1422 asuqamdn
1466 1349 1542 1400 cum
1557 1348 1595 1398 rc
1609 1328 1739 1420 [astina
1757 1327 1771 1422 (
1792 1330 1820 1422 ).

1072 1529 1166 1578 rnurr
1198 1529 1284 1580 nur.

524 1681 668 1775 Bajulus
684 1683 714 1754 si
730 1683 841 1756 iurem
858 1684 997 1780 ceperit,
1012 1684 1110 1758 abire
1126 1685 1240 1780 ipsum
1255 1684 1471 1780 aliquatenus
1486 1704 1557 1756 nnn
1576 1683 1761 1780 permittat.
1775 1679 1842 1756 Sed
1859 1683 1888 1755 si

476 1807 619 1902 quidem
639 1809 693 1880 lur
711 1818 896 1881 extraneus
909 1811 972 1894 sit,
992 1809 1106 1906 ipsum
1125 1830 1205 1882 curn
1222 1817 1293 1882 tote
1308 1830 1373 1884 sno
1390 1817 1425 1881 et
1444 1829 1481 1882 re
1498 1808 1626 1881 furtiva
1640 1805 1686 1905 (b)
1694 1806 1889 1901 Justitiarr'is

477 1932 603 2006 uostris
620 1931 785 2027 assignet.
801 1933 837 2006 Si
851 1943 968 2007 autem
982 1934 1071 2007 civis
1088 1935 1192 2008 luerit
1210 1955 1271 2007 seu
1289 1933 1440 2024 villicus,
1457 1934 1513 2006 lur
1526 1955 1605 2006 num
1622 1955 1664 2007 en
1676 1934 1773 2028 quod
1788 1934 1890 2007 luerit

478 2057 611 2129 iuratus
631 2057 825 2150 justitiariis
847 2058 1004 2132 similiter
1020 2059 1147 2132 nostris
1163 2059 1358 2154 assignetur
1381 2057 1439 2156 (c).
1457 2057 1524 2132 Res
1540 2067 1655 2132 autem
1674 2058 1818 2131 mobiles
1837 2059 1890 2152 ip·

476 2183 550 2254 sius
577 2182 665 2254 luris
689 2203 915 2278 quascunque
942 2183 1104 2258 habuerit
1128 2205 1189 2280 per
1217 2183 1352 2280 bajulos
1377 2183 1534 2278 ejusdem
1557 2183 1623 2256 loci
1652 2181 1726 2256 fisci
1750 2184 1889 2278 juribus

475 2305 715 2380 vendicentur.

913 2557 1116 2633 TITULUS
1144 2559 1240 2632 LIX.
1266 2563 1336 2632 ΜΓ
1362 2556 1448 2656 (tet

768 2739 816 2812 lle
828 2741 1033 2834 juramentis
1049 2763 1116 2814 nou
1132 2743 1338 2816 renitente
1355 2764 1378 2816 a
1393 2741 1513 2836 tnjntts
1530 2740 1593 2838 (ri).

1077 2944 1170 2994 rnurr
1199 2945 1286 2996 nur.

525 3097 650 3173 Crebra
679 3108 875 3173 nostrorum
903 3096 1058 3174 fidelium
1087 3101 1292 3174 excellentie
1318 3107 1434 3174 nostre
1462 3099 1580 3174 relatio
1608 3098 1771 3195 patefecit
1790 3099 1887 3194 quod

476 3222 622 3318 quidam
640 3223 749 3318 bajuli
766 3223 872 3296 nostri
884 3246 997 3320 usque
1009 3224 1098 3300 adeo
1117 3247 1180 3300 sue
1193 3225 1413 3318 bajulationis
1423 3222 1618 3298 extendunt
1628 3223 1779 3298 officium
1792 3223 1889 3319 quod

478 3349 742 3424 sacramentales
756 3347 803 3446 (a)
816 3369 905 3443 quos
919 3370 982 3445 pro
994 3371 1179 3423 musarum
1196 3349 1421 3445 qualitatibus
1433 3371 1495 3446 pn
1510 3349 1714 3422 sententiam
1728 3347 1887 3441 judicum

477 3473 623 3569 prestari
645 3473 828 3568 contingit,
847 3472 956 3565 bajuli
982 3473 1050 3570 ipsi
1074 3474 1247 3549 interdum
1270 3475 1376 3570 gratis
1399 3472 1448 3573 (s)
1472 3484 1508 3548 et
1528 3474 1646 3571 sepius
1661 3474 1810 3571 pecunia
1834 3495 1889 3547 re·

476 3607 575 3695 cepta
605 3599 795 3673 remittunt.
828 3596 930 3683 Quod
954 3607 1152 3694 reputantes
1183 3600 1341 3694 iniquum
1370 3600 1407 3671 in
1438 3607 1613 3696 posterum
1644 3599 1885 3695 prohibemus,

477 3745 603 3820 penam
617 3723 722 3796 unius
736 3722 823 3795 libre
836 3721 913 3794 auri
928 3722 964 3794 in
980 3722 1135 3817 bajulum
1150 3725 1212 3820 qui
1227 3734 1344 3798 contra
1359 3724 1477 3798 tenent
1489 3733 1689 3814 statuentes.

519 3963 560 4045 (a)
582 3965 694 4028 Graece
708 3985 716 4027 ι
734 3966 777 4027 Da
790 3961 888 4048 bajulo
899 3964 1135 4046 capientesnrem
1147 3964 1261 4048 etquid
1276 3965 1467 4048 titfacttuus.

514 4069 554 4152 (l)
577 4071 613 4132 ln
627 4073 728 4134 codice
746 4079 775 4134 ct
794 4089 856 4134 rem
864 4072 1015 4153 suatum.
1604 4157 1606 4163 y

519 4177 556 4259 (c)
582 4179 639 4258 Ap.
648 4178 770 4240 cernam
778 4181 916 4264 usiam
928 4181 1108 4260 Gnrrlglmus
1120 4198 1158 4242 err
1170 4181 1338 4257 conteeant
1351 4187 1451 4244 temen
1464 4182 1561 4258 luente
1571 4175 1772 4258 prostituitur
1780 4177 1889 4240 matris

476 4283 614 4346 sarlhltur
632 4285 660 4345 si
674 4283 780 4346 muster·
796 4293 848 4348 cst.

520 4389 564 4471 (d)
586 4393 719 4455 Graece:
735 4393 778 4454 lte
791 4390 896 4476 bajulat
916 4395 968 4475 qni
979 4393 1152 4476 jummtntn
1167 4395 1337 4458 asmantia
1358 4395 1512 4458 remitam
1524 4393 1722 4473 (συμπαθοῦσι,
1738 4391 1815 4454 torte
1833 4407 1889 4470 pru

478 4500 676 4584 συγχωροῦσι).

519 4608 558 4687 (a)
588 4607 698 4670 Graece
710 4608 900 4686 slmpllclter:
914 4606 975 4676 τοὺς
988 4607 1090 4694 Ιὅρκους.

520 4713 569 4795 (Ι)
586 4715 623 4776 In
636 4715 707 4778 edlt.
723 4716 836 4806 Veneta
848 4713 884 4777 rit
897 4717 1012 4800 nuntiis.
