4360 5908
228 611 326 671 lamam.
341 610 386 687 5.]
677 605 872 668 HISTORlA
898 603 1192 664 btruontautct.
1585 605 1642 666 351

228 745 345 836 etesia,
366 745 414 817 ita
430 740 527 837 quod
546 741 575 813 si
595 763 664 815 non
683 751 799 836 posset
819 761 880 836 per
897 759 959 812 eos
974 737 1066 810 idern
1085 737 1262 830 negotium
1279 737 1465 826 terminari,
1482 739 1645 812 dominus

229 891 319 966 papa
333 867 591 940 cumfratribus
604 865 823 938 suissicutei
839 863 1006 960 placuerit
1018 861 1148 958 deipso
1162 863 1331 958 disponat,
1344 864 1490 958 receptis
1502 873 1537 934 et
1549 865 1647 936 lactis

226 995 362 1068 eisdem
384 991 680 1088 promissionibus
690 991 727 1062 in
744 1011 891 1086 persona
914 987 1046 1064 domini
1065 1009 1154 1084 pape
1170 989 1250 1062 licet
1269 989 1421 1061 absentis
1438 989 1505 1061 sub
1523 989 1644 1062 eodem

231 1118 348 1208 modo,
364 1117 462 1213 penis
477 1125 512 1188 et
527 1116 637 1188 forma
652 1136 722 1209 que
733 1113 892 1210 superius
909 1121 944 1186 et
958 1113 1100 1185 inlerius
1114 1121 1166 1185 est
1181 1121 1309 1185 notata.
1324 1114 1467 1208 Insuper
1480 1117 1647 1209 promise-

231 1253 313 1316 runt
326 1253 474 1336 utraque
488 1264 568 1338 pars
585 1241 670 1337 ipsis
682 1241 804 1334 legalis
816 1261 880 1312 suo
897 1239 1036 1314 nomine
1053 1249 1087 1310 et
1105 1239 1242 1310 nomine
1254 1237 1406 1310 Romane
1423 1240 1573 1312 Ecclesia
1587 1263 1646 1312 re-

232 1366 443 1462 cipientibus
459 1374 494 1437 et
518 1364 668 1436 interae
693 1363 846 1435 vicissim
871 1385 1011 1435 servare
1035 1362 1111 1435 dies
1132 1371 1167 1433 et
1190 1362 1352 1434 terminos
1375 1363 1442 1435 sibi
1461 1364 1560 1436 datos
1585 1388 1645 1458 pro

232 1489 370 1584 negotio
389 1489 484 1584 pacis
501 1485 742 1584 prosequendo
756 1493 791 1558 el
809 1486 1024 1559 terminando
1035 1507 1146 1581 usqua
1162 1485 1207 1558 ad
1221 1485 1323 1558 linem
1339 1487 1468 1580 negotii
1484 1485 1646 1561 consum-
1723 1492 1724 1496 ’

233 1612 331 1703 mati,
352 1612 421 1687 sub
438 1633 529 1708 pena
547 1611 688 1684 arbitrio
706 1610 859 1706 ipsorum
879 1609 1105 1683 cardinalium
1122 1619 1157 1682 et
1170 1611 1309 1682 arbitrio
1327 1611 1478 1684 Romane
1495 1611 1647 1687 Ecclesia

232 1737 456 1833 imponenda.
484 1739 568 1809 ltam
585 1736 815 1832 promiserunt
834 1745 980 1830 utraque
996 1759 1076 1831 pars
1093 1735 1223 1808 eisdem
1240 1737 1361 1830 legatis
1379 1759 1443 1810 suo
1454 1739 1592 1810 nomine
1610 1750 1645 1811 et

233 1863 373 1936 nomine
387 1865 539 1936 llomaua
558 1863 711 1935 Ecclesia
727 1861 972 1956 recipientibus
987 1871 1022 1935 et
1038 1863 1104 1934 sibi
1127 1861 1279 1934 vicissim
1306 1883 1367 1957 per
1392 1863 1646 1958 stipulationem

232 2009 376 2060 servare
389 1987 507 2060 omnia
518 1985 683 2059 mandata
700 2007 771 2080 quc
789 1986 855 2058 illia
869 1986 1005 2074 facient,
1016 1986 1146 2058 scilicet
1161 1985 1300 2080 utrique
1317 1987 1403 2082 parti
1414 1989 1471 2059 vel
1490 1989 1598 2079 alleri,
1609 1989 1645 2060 in

232 2112 387 2185 articulis
404 2111 646 2208 suprascriptis
663 2119 698 2183 ct
714 2131 835 2183 eorum
851 2111 1049 2183 accessoriis
1069 2109 1159 2182 circa
1181 2111 1273 2206 ipsos
1289 2111 1451 2183 articulos
1468 2112 1647 2186 occasione

234 2237 336 2308 istius
350 2235 447 2332 pacis
461 2233 718 2330 prosequende,
738 2233 905 2307 firmanda
919 2243 954 2306 et
970 2233 1260 2325 consummanda,
1279 2234 1352 2306 sive
1370 2236 1585 2330 prohibendo
1603 2260 1648 2312 uc

234 2359 370 2455 aliquid
384 2361 444 2433 fiat
455 2359 530 2433 sive
542 2359 765 2456 precipiendo
782 2369 821 2432 ut
835 2358 894 2432 fiat
911 2358 1007 2454 quod
1022 2359 1066 2431 ad
1087 2360 1180 2454 pacis
1199 2361 1534 2454 negotiumviderint
1545 2365 1648 2458 perti·

236 2485 456 2572 nere,ethoc
468 2485 599 2580 possint
614 2485 791 2581 precipere
806 2485 882 2558 sive
900 2484 1083 2580 prohibere
1101 2485 1253 2578 subque
1272 2507 1361 2580 pena
1380 2486 1529 2559 viderint
1545 2509 1650 2584 expe-

238 2609 327 2702 dire,
339 2619 513 2683 reservata
525 2608 656 2682 eisdem
672 2608 796 2703 legatis
810 2618 843 2681 et
857 2607 997 2681 domino
1011 2630 1101 2704 pape
1115 2617 1281 2703 potestate
1291 2610 1536 2704 interpretandi
1548 2614 1575 2684 si
1591 2614 1651 2684 ali·

237 2733 334 2830 quod
352 2734 497 2808 dubium
513 2734 615 2806 fuerit
629 2732 861 2828 superomnia
877 2732 1086 2828 supradicta.
1100 2735 1171 2806 Hoc
1182 2743 1258 2807 acto
1270 2735 1305 2804 in
1320 2733 1395 2829 ipso
1407 2737 1651 2830 compromisso

238 2861 417 2933 voluntate
438 2860 592 2956 ipsorum
610 2860 802 2954 legatorum
820 2869 855 2932 et
868 2860 1047 2931 voluntale
1070 2859 1251 2954 utriusque
1268 2859 1387 2954 partis,
1412 2861 1542 2933 scilicet
1557 2862 1653 2954 quod

240 2984 298 3057 ille
314 2984 486 3075 civitates,
497 2986 570 3057 loca
587 2984 641 3056 vel
660 2993 771 3056 castra
785 2993 846 3056 aut
860 3005 1004 3079 persone
1021 3005 1090 3078 que
1104 2995 1184 3055 sunt
1198 2983 1242 3056 de
1258 2985 1418 3056 societate
1433 2986 1462 3056 si
1482 2986 1654 3057 voluerint

240 3108 467 3183 admittantur
492 3119 527 3182 el
553 3109 764 3204 recipiantur
787 3108 833 3182 ad
858 3110 968 3182 simile
993 3109 1214 3182 commissum
1243 3118 1278 3180 et
1306 3111 1588 3203 compromissum
1617 3112 1653 3182 in

241 3233 403 3305 omnibus
423 3243 458 3306 et
482 3255 545 3328 per
565 3233 681 3306 omnia
702 3233 784 3304 hinc
799 3232 845 3307 ad
868 3233 943 3306 lllll
965 3233 1040 3306 dies
1061 3242 1137 3330 post
1156 3235 1280 3305 festum
1297 3233 1411 3304 Sancti
1428 3235 1590 3306 Jolrannis
1610 3236 1655 3308 de

243 3379 361 3431 mense
373 3359 463 3450 junii
481 3359 642 3456 proximo
658 3368 818 3432 venturo.
834 3361 979 3455 Insuper
995 3359 1253 3454 prenominatus
1267 3359 1427 3453 magister
1440 3362 1656 3434 Hermannus

243 3483 479 3577 procuratorio
497 3484 637 3556 nominc
654 3483 785 3556 domini
810 3483 1026 3579 imperatoris
1054 3494 1089 3556 et
1105 3506 1166 3580 pro
1189 3484 1264 3579 ipso
1290 3483 1431 3558 domino
1453 3485 1656 3580 imperatore

245 3607 400 3702 promisit
417 3608 638 3704 stipulatione
651 3608 820 3704 solempni
836 3607 918 3702 ipsis
932 3608 1052 3703 legatis
1066 3631 1130 3681 suo
1147 3609 1286 3682 nomine
1300 3619 1334 3682 et
1350 3610 1490 3681 nomine
1505 3611 1655 3682 llomauo

244 3731 395 3806 Ecclesia
419 3732 664 3828 recipientibus
681 3743 716 3805 et
730 3732 815 3829 ipsis
831 3733 1022 3806 rectoribus
1038 3743 1072 3806 et
1089 3735 1374 3807 ambaxatoribus
1396 3735 1533 3808 nomine
1548 3736 1656 3810 dicta-

244 3879 321 3928 rum
334 3857 512 3930 civitatum
525 3866 560 3930 el
576 3857 715 3931 nomine
727 3858 897 3930 societatis
910 3859 1040 3952 prelata
1053 3858 1271 3951 Lombardie,
1282 3857 1430 3932 lllarchie
1444 3870 1478 3932 et
1491 3863 1656 3936 Romania

244 3979 504 4076 recipientibus,
518 3983 585 4054 sub
603 3982 696 4055 dieta
716 4002 804 4076 pena
823 3981 948 4075 viginti
965 3981 1098 4052 milium
1114 4003 1306 4054 marcarum
1321 3985 1573 4080 argenti,quod
1590 3986 1658 4059 do-

246 4107 362 4178 miuus
377 4106 561 4200 imperator
574 4106 712 4179 firmum
728 4117 763 4180 et
781 4117 893 4178 ratum
912 4106 1051 4179 babebit
1074 4106 1244 4201 quicquid
1260 4109 1464 4202 promissum
1484 4119 1535 4181 est
1553 4134 1657 4207 supra

248 4251 308 4324 per
331 4231 464 4302 dictum
486 4231 688 4324 magistrum
713 4232 947 4304 Hermannum
972 4243 1005 4304 et
1028 4229 1123 4326 quod
1154 4231 1316 4304 domiuus
1349 4233 1532 4326 imperator
1558 4236 1659 4308 laciet

248 4351 358 4424 filium
374 4375 477 4426 suum
491 4353 670 4427 dominum
684 4355 884 4444 Heuricum,
902 4356 1067 4428 illustrem
1081 4358 1311 4429 Romanorum
1327 4377 1456 4450 regem,
1475 4357 1611 4430 firmum
1626 4347 1660 4431 et

247 4487 360 4548 ratum
379 4477 507 4550 habere
524 4477 693 4573 quicquid
708 4499 814 4574 supra
828 4501 889 4574 per
905 4479 1017 4575 ipsum
1038 4479 1240 4571 magistrum
1257 4481 1489 4552 Hermanuum
1510 4482 1660 4576 promis-

249 4622 327 4674 sum
351 4611 405 4674 est
419 4602 458 4698 ‚in
476 4603 638 4675 omuibus
659 4612 694 4675 et
717 4624 779 4698 per
798 4605 915 4676 omnia
934 4604 999 4675 sub
1025 4603 1117 4676 dicta
1137 4625 1225 4698 pena
1246 4631 1253 4674 :
1273 4627 1343 4698 qua
1366 4607 1477 4677 soluta
1496 4607 1551 4678 vel
1571 4627 1659 4690 non,

250 4725 487 4820 prenominata
506 4728 622 4800 omnia
637 4739 671 4801 et
687 4729 824 4822 singula
841 4728 876 4800 in
893 4751 956 4800 sua
973 4749 1107 4825 semper
1123 4739 1284 4803 maneant
1301 4729 1471 4801 firmitate.
