<?xml version="1.0" encoding="UTF-8"?>
<!DOCTYPE html PUBLIC "-//W3C//DTD XHTML 1.0 Transitional//EN"
    "http://www.w3.org/TR/xhtml1/DTD/xhtml1-transitional.dtd">
<html xmlns="http://www.w3.org/1999/xhtml" xml:lang="en" lang="en">
 <head>
  <title>
</title>
<meta http-equiv="Content-Type" content="text/html;charset=utf-8" />
  <meta name='ocr-system' content='tesseract 3.04.00' />
  <meta name='ocr-capabilities' content='ocr_page ocr_carea ocr_par ocr_line ocrx_word'/>
</head>
<body>
  <div class='ocr_page' id='page_1' title='image "./historiadiploma07fredgoog_0132.png"; bbox 0 0 4308 5910; ppageno 0'>
   <div class='ocr_carea' id='block_1_1' title="bbox 989 549 1344 618">
    <p class='ocr_par' dir='ltr' id='par_1_1' title="bbox 989 549 1344 618">
     <span class='ocr_line' id='line_1_1' title="bbox 989 549 1344 618; baseline 0.02 -7"><span class='ocrx_word' id='word_1_1' title='bbox 989 549 1344 618; x_wconf 76' lang='lat' dir='ltr'>cousrlrorlortus</span> 
     </span>
    </p>
   </div>
   <div class='ocr_carea' id='block_1_2' title="bbox 696 853 1653 1136">
    <p class='ocr_par' dir='ltr' id='par_1_2' title="bbox 696 853 1653 1136">
     <span class='ocr_line' id='line_1_2' title="bbox 933 853 1406 958; baseline 0.013 -33"><span class='ocrx_word' id='word_1_2' title='bbox 933 853 1132 930; x_wconf 87' lang='lat' dir='ltr'><strong>TITULUS</strong></span> <span class='ocrx_word' id='word_1_3' title='bbox 1156 857 1233 930; x_wconf 91' lang='lat' dir='ltr'>Lll.</span> <span class='ocrx_word' id='word_1_4' title='bbox 1260 861 1293 930; x_wconf 89' lang='lat' dir='ltr'>N</span> <span class='ocrx_word' id='word_1_5' title='bbox 1316 855 1406 958; x_wconf 83' lang='lat'><strong>(50).</strong></span> 
     </span>
     <span class='ocr_line' id='line_1_3' title="bbox 696 1030 1653 1136; baseline 0.009 -32"><span class='ocrx_word' id='word_1_6' title='bbox 696 1030 745 1104; x_wconf 86' lang='lat' dir='ltr'>De</span> <span class='ocrx_word' id='word_1_7' title='bbox 761 1030 1006 1126; x_wconf 71' lang='lat' dir='ltr'><strong><em>probationibus</em></strong></span> <span class='ocrx_word' id='word_1_8' title='bbox 1022 1034 1060 1105; x_wconf 84' lang='lat' dir='ltr'>in</span> <span class='ocrx_word' id='word_1_9' title='bbox 1076 1035 1348 1129; x_wconf 67' lang='lat' dir='ltr'>appellationibus</span> <span class='ocrx_word' id='word_1_10' title='bbox 1362 1035 1576 1132; x_wconf 77' lang='lat' dir='ltr'>prodoootdis</span> <span class='ocrx_word' id='word_1_11' title='bbox 1591 1037 1653 1136; x_wconf 85' lang='lat' dir='ltr'><em>(a).</em></span> 
     </span>
    </p>
   </div>
   <div class='ocr_carea' id='block_1_3' title="bbox 909 1232 1441 1290">
    <p class='ocr_par' dir='ltr' id='par_1_3' title="bbox 909 1232 1441 1290">
     <span class='ocr_line' id='line_1_4' title="bbox 909 1232 1441 1290; baseline 0.013 -8"><span class='ocrx_word' id='word_1_12' title='bbox 909 1232 1148 1284; x_wconf 71' lang='grc' dir='ltr'><strong>ΙΙΡΕΙΔΤΟΒ</strong></span> <span class='ocrx_word' id='word_1_13' title='bbox 1177 1236 1441 1290; x_wconf 70' lang='lat' dir='ltr'>renouarent.</span> 
     </span>
    </p>
   </div>
   <div class='ocr_carea' id='block_1_4' title="bbox 472 1388 1878 2233">
    <p class='ocr_par' dir='ltr' id='par_1_4' title="bbox 472 1388 1878 2233">
     <span class='ocr_line' id='line_1_5' title="bbox 518 1388 1875 1490; baseline 0.003 -26"><span class='ocrx_word' id='word_1_14' title='bbox 518 1388 796 1486; x_wconf 76' lang='lat' dir='ltr'>iurisperitorum</span> <span class='ocrx_word' id='word_1_15' title='bbox 816 1388 1053 1474; x_wconf 78' lang='lat' dir='ltr'>altercationes</span> <span class='ocrx_word' id='word_1_16' title='bbox 1073 1388 1301 1464; x_wconf 90' lang='lat' dir='ltr'>determinare</span> <span class='ocrx_word' id='word_1_17' title='bbox 1316 1393 1482 1482; x_wconf 83' lang='lat' dir='ltr'>volentes,</span> <span class='ocrx_word' id='word_1_18' title='bbox 1496 1394 1670 1468; x_wconf 80' lang='lat' dir='ltr'><strong>sancimus</strong></span> <span class='ocrx_word' id='word_1_19' title='bbox 1688 1393 1875 1490; x_wconf 89' lang='lat' dir='ltr'>siquando</span> 
     </span>
     <span class='ocr_line' id='line_1_6' title="bbox 472 1511 1874 1614; baseline 0.001 -24"><span class='ocrx_word' id='word_1_20' title='bbox 472 1524 574 1590; x_wconf 84' lang='lat' dir='ltr'>testes</span> <span class='ocrx_word' id='word_1_21' title='bbox 591 1515 627 1586; x_wconf 94' lang='lat' dir='ltr'>in</span> <span class='ocrx_word' id='word_1_22' title='bbox 643 1513 823 1610; x_wconf 86' lang='lat' dir='ltr'>principali</span> <span class='ocrx_word' id='word_1_23' title='bbox 843 1533 948 1586; x_wconf 83' lang='lat' dir='ltr'>eausa</span> <span class='ocrx_word' id='word_1_24' title='bbox 962 1511 1120 1608; x_wconf 87' lang='lat' dir='ltr'>producti</span> <span class='ocrx_word' id='word_1_25' title='bbox 1136 1513 1263 1588; x_wconf 87' lang='lat' dir='ltr'>luerint</span> <span class='ocrx_word' id='word_1_26' title='bbox 1273 1525 1308 1588; x_wconf 89' lang='lat' dir='ltr'>et</span> <span class='ocrx_word' id='word_1_27' title='bbox 1320 1517 1423 1590; x_wconf 89' lang='lat' dir='ltr'>etiam</span> <span class='ocrx_word' id='word_1_28' title='bbox 1443 1517 1620 1611; x_wconf 82' lang='lat' dir='ltr'>publicati,</span> <span class='ocrx_word' id='word_1_29' title='bbox 1634 1541 1739 1614; x_wconf 85' lang='lat' dir='ltr'>super</span> <span class='ocrx_word' id='word_1_30' title='bbox 1753 1519 1874 1593; x_wconf 91' lang='lat' dir='ltr'>eodem</span> 
     </span>
     <span class='ocr_line' id='line_1_7' title="bbox 473 1635 1873 1739; baseline 0.002 -26"><span class='ocrx_word' id='word_1_31' title='bbox 473 1641 615 1714; x_wconf 82' lang='lat' dir='ltr'>articulo</span> <span class='ocrx_word' id='word_1_32' title='bbox 628 1661 649 1712; x_wconf 90' lang='lat' dir='ltr'>a</span> <span class='ocrx_word' id='word_1_33' title='bbox 663 1638 875 1733; x_wconf 76' lang='lat' dir='ltr'>producente</span> <span class='ocrx_word' id='word_1_34' title='bbox 889 1635 946 1709; x_wconf 87' lang='lat' dir='ltr'>rel</span> <span class='ocrx_word' id='word_1_35' title='bbox 963 1637 1007 1710; x_wconf 90' lang='lat' dir='ltr'>ab</span> <span class='ocrx_word' id='word_1_36' title='bbox 1025 1637 1226 1714; x_wconf 83' lang='lat' dir='ltr'>adversario</span> <span class='ocrx_word' id='word_1_37' title='bbox 1242 1649 1345 1714; x_wconf 85' lang='lat' dir='ltr'>testes</span> <span class='ocrx_word' id='word_1_38' title='bbox 1357 1636 1509 1738; x_wconf 87' lang='lat' dir='ltr'>[amodo]</span> <span class='ocrx_word' id='word_1_39' title='bbox 1521 1641 1665 1737; x_wconf 82' lang='lat' dir='ltr'><strong>produci</strong></span> <span class='ocrx_word' id='word_1_40' title='bbox 1677 1663 1747 1718; x_wconf 93' lang='lat' dir='ltr'>non</span> <span class='ocrx_word' id='word_1_41' title='bbox 1759 1664 1873 1739; x_wconf 86' lang='lat' dir='ltr'>posse,</span> 
     </span>
     <span class='ocr_line' id='line_1_8' title="bbox 474 1759 1877 1862; baseline 0.001 -24"><span class='ocrx_word' id='word_1_42' title='bbox 474 1773 611 1862; x_wconf 89' lang='lat' dir='ltr'>propter</span> <span class='ocrx_word' id='word_1_43' title='bbox 627 1762 705 1834; x_wconf 82' lang='lat' dir='ltr'>falsi</span> <span class='ocrx_word' id='word_1_44' title='bbox 727 1760 917 1834; x_wconf 79' lang='lat' dir='ltr'>fabricandi</span> <span class='ocrx_word' id='word_1_45' title='bbox 934 1761 1111 1834; x_wconf 80' lang='lat' dir='ltr'><strong>materiam</strong></span> <span class='ocrx_word' id='word_1_46' title='bbox 1129 1759 1185 1856; x_wconf 81' lang='lat' dir='ltr'>(b),</span> <span class='ocrx_word' id='word_1_47' title='bbox 1203 1772 1341 1858; x_wconf 88' lang='lat' dir='ltr'>propter</span> <span class='ocrx_word' id='word_1_48' title='bbox 1362 1765 1462 1856; x_wconf 88' lang='lat' dir='ltr'>eujus</span> <span class='ocrx_word' id='word_1_49' title='bbox 1486 1765 1642 1840; x_wconf 90' lang='lat' dir='ltr'>timorem</span> <span class='ocrx_word' id='word_1_50' title='bbox 1663 1776 1741 1862; x_wconf 86' lang='lat' dir='ltr'>post</span> <span class='ocrx_word' id='word_1_51' title='bbox 1761 1767 1877 1862; x_wconf 89' lang='lat' dir='ltr'>publi-</span> 
     </span>
     <span class='ocr_line' id='line_1_9' title="bbox 475 1884 1876 1984; baseline -0.001 -21"><span class='ocrx_word' id='word_1_52' title='bbox 475 1890 644 1963; x_wconf 85' lang='lat' dir='ltr'>cationem</span> <span class='ocrx_word' id='word_1_53' title='bbox 666 1887 803 1958; x_wconf 89' lang='lat' dir='ltr'>testium</span> <span class='ocrx_word' id='word_1_54' title='bbox 821 1893 924 1958; x_wconf 86' lang='lat' dir='ltr'>testes</span> <span class='ocrx_word' id='word_1_55' title='bbox 946 1884 1094 1980; x_wconf 83' lang='lat' dir='ltr'>produci</span> <span class='ocrx_word' id='word_1_56' title='bbox 1121 1886 1237 1961; x_wconf 89' lang='lat' dir='ltr'>denuo</span> <span class='ocrx_word' id='word_1_57' title='bbox 1248 1889 1331 1980; x_wconf 85' lang='lat' dir='ltr'>jura</span> <span class='ocrx_word' id='word_1_58' title='bbox 1346 1887 1381 1960; x_wconf 94' lang='lat' dir='ltr'>in</span> <span class='ocrx_word' id='word_1_59' title='bbox 1394 1888 1643 1984; x_wconf 83' lang='lat' dir='ltr'>principalibus</span> <span class='ocrx_word' id='word_1_60' title='bbox 1657 1889 1800 1980; x_wconf 83' lang='lat' dir='ltr'>judiciis</span> <span class='ocrx_word' id='word_1_61' title='bbox 1816 1912 1876 1965; x_wconf 86' lang='lat' dir='ltr'>ve-</span> 
     </span>
     <span class='ocr_line' id='line_1_10' title="bbox 475 2006 1877 2105; baseline 0.001 -20"><span class='ocrx_word' id='word_1_62' title='bbox 475 2023 630 2105; x_wconf 91' lang='lat' dir='ltr'>tuernut,</span> <span class='ocrx_word' id='word_1_63' title='bbox 654 2012 690 2082; x_wconf 95' lang='lat' dir='ltr'>in</span> <span class='ocrx_word' id='word_1_64' title='bbox 716 2009 1002 2105; x_wconf 78' lang='lat' dir='ltr'>appellationibus</span> <span class='ocrx_word' id='word_1_65' title='bbox 1022 2006 1124 2082; x_wconf 90' lang='lat' dir='ltr'>etiam</span> <span class='ocrx_word' id='word_1_66' title='bbox 1150 2020 1377 2084; x_wconf 86' lang='lat' dir='ltr'>removentes.</span> <span class='ocrx_word' id='word_1_67' title='bbox 1403 2010 1506 2097; x_wconf 88' lang='lat' dir='ltr'>Quod</span> <span class='ocrx_word' id='word_1_68' title='bbox 1526 2012 1555 2084; x_wconf 92' lang='lat' dir='ltr'>si</span> <span class='ocrx_word' id='word_1_69' title='bbox 1575 2011 1660 2084; x_wconf 92' lang='lat' dir='ltr'>nulli</span> <span class='ocrx_word' id='word_1_70' title='bbox 1680 2021 1784 2086; x_wconf 87' lang='lat' dir='ltr'>testes</span> <span class='ocrx_word' id='word_1_71' title='bbox 1803 2014 1877 2088; x_wconf 87' lang='lat' dir='ltr'>ine-</span> 
     </span>
     <span class='ocr_line' id='line_1_11' title="bbox 476 2119 1878 2233; baseline 0 -23"><span class='ocrx_word' id='word_1_72' title='bbox 476 2139 545 2210; x_wconf 86' lang='lat' dir='ltr'>rint</span> <span class='ocrx_word' id='word_1_73' title='bbox 560 2138 597 2210; x_wconf 93' lang='lat' dir='ltr'>iu</span> <span class='ocrx_word' id='word_1_74' title='bbox 625 2157 729 2209; x_wconf 86' lang='lat' dir='ltr'>cansa</span> <span class='ocrx_word' id='word_1_75' title='bbox 749 2133 930 2230; x_wconf 84' lang='lat' dir='ltr'>principali</span> <span class='ocrx_word' id='word_1_76' title='bbox 958 2133 1134 2230; x_wconf 82' lang='lat' dir='ltr'>producti,</span> <span class='ocrx_word' id='word_1_77' title='bbox 1157 2134 1205 2207; x_wconf 86' lang='lat' dir='ltr'>ita</span> <span class='ocrx_word' id='word_1_78' title='bbox 1227 2119 1368 2208; x_wconf 89' lang='lat' dir='ltr'>demum</span> <span class='ocrx_word' id='word_1_79' title='bbox 1389 2135 1427 2208; x_wconf 95' lang='lat' dir='ltr'>in</span> <span class='ocrx_word' id='word_1_80' title='bbox 1452 2136 1717 2233; x_wconf 79' lang='lat' dir='ltr'>appellationum</span> <span class='ocrx_word' id='word_1_81' title='bbox 1737 2137 1878 2230; x_wconf 86' lang='lat' dir='ltr'>judiciis</span> 
     </span>
    </p>
   </div>
   <div class='ocr_carea' id='block_1_5' title="bbox 377 2257 1882 3472">
    <p class='ocr_par' dir='ltr' id='par_1_5' title="bbox 389 2257 1880 2606">
     <span class='ocr_line' id='line_1_12' title="bbox 476 2257 1877 2358; baseline -0.004 -21"><span class='ocrx_word' id='word_1_82' title='bbox 476 2285 535 2337; x_wconf 89' lang='lat' dir='ltr'>eos</span> <span class='ocrx_word' id='word_1_83' title='bbox 562 2259 746 2358; x_wconf 84' lang='lat' dir='ltr'>appellanti</span> <span class='ocrx_word' id='word_1_84' title='bbox 770 2259 960 2354; x_wconf 87' lang='lat' dir='ltr'>producere</span> <span class='ocrx_word' id='word_1_85' title='bbox 987 2257 1103 2348; x_wconf 86' lang='lat' dir='ltr'>liceat,</span> <span class='ocrx_word' id='word_1_86' title='bbox 1129 2257 1215 2330; x_wconf 86' lang='lat' dir='ltr'>siis</span> <span class='ocrx_word' id='word_1_87' title='bbox 1241 2260 1301 2354; x_wconf 88' lang='lat' dir='ltr'>qui</span> <span class='ocrx_word' id='word_1_88' title='bbox 1322 2259 1505 2332; x_wconf 89' lang='lat' dir='ltr'>terminum</span> <span class='ocrx_word' id='word_1_89' title='bbox 1532 2259 1578 2334; x_wconf 87' lang='lat' dir='ltr'>nd</span> <span class='ocrx_word' id='word_1_90' title='bbox 1602 2260 1819 2356; x_wconf 89' lang='lat' dir='ltr'>probandum</span> <span class='ocrx_word' id='word_1_91' title='bbox 1842 2263 1877 2332; x_wconf 94' lang='lat' dir='ltr'>iu</span> 
     </span>
     <span class='ocr_line' id='line_1_13' title="bbox 475 2383 1880 2484; baseline -0.003 -24"><span class='ocrx_word' id='word_1_92' title='bbox 475 2385 656 2484; x_wconf 83' lang='lat' dir='ltr'>principali</span> <span class='ocrx_word' id='word_1_93' title='bbox 673 2406 776 2458; x_wconf 86' lang='lat' dir='ltr'>cansa</span> <span class='ocrx_word' id='word_1_94' title='bbox 788 2385 969 2480; x_wconf 86' lang='lat' dir='ltr'>receperit,</span> <span class='ocrx_word' id='word_1_95' title='bbox 990 2385 1083 2478; x_wconf 84' lang='lat' dir='ltr'>justa</span> <span class='ocrx_word' id='word_1_96' title='bbox 1106 2404 1153 2455; x_wconf 82' lang='lat' dir='ltr'>ex</span> <span class='ocrx_word' id='word_1_97' title='bbox 1176 2403 1282 2456; x_wconf 84' lang='lat' dir='ltr'>eausa</span> <span class='ocrx_word' id='word_1_98' title='bbox 1306 2383 1511 2478; x_wconf 90' lang='lat' dir='ltr'>impeditum</span> <span class='ocrx_word' id='word_1_99' title='bbox 1537 2405 1575 2458; x_wconf 87' lang='lat' dir='ltr'>se</span> <span class='ocrx_word' id='word_1_100' title='bbox 1600 2384 1723 2458; x_wconf 81' lang='lat' dir='ltr'>donent</span> <span class='ocrx_word' id='word_1_101' title='bbox 1744 2394 1880 2482; x_wconf 85' lang='lat' dir='ltr'>propter</span> 
     </span>
     <span class='ocr_line' id='line_1_14' title="bbox 389 2505 1880 2606; baseline -0.001 -22"><span class='ocrx_word' id='word_1_102' title='bbox 389 2525 393 2537; x_wconf 82' lang='lat'><strong>·</strong></span> <span class='ocrx_word' id='word_1_103' title='bbox 476 2533 580 2606; x_wconf 90' lang='lat' dir='ltr'>quam</span> <span class='ocrx_word' id='word_1_104' title='bbox 595 2518 748 2606; x_wconf 84' lang='lat' dir='ltr'>speratos</span> <span class='ocrx_word' id='word_1_105' title='bbox 763 2517 866 2582; x_wconf 84' lang='lat' dir='ltr'>testes</span> <span class='ocrx_word' id='word_1_106' title='bbox 879 2507 1069 2604; x_wconf 86' lang='lat' dir='ltr'>producere</span> <span class='ocrx_word' id='word_1_107' title='bbox 1081 2505 1453 2603; x_wconf 78' lang='lat' dir='ltr'>nequissetdlioquin,</span> <span class='ocrx_word' id='word_1_108' title='bbox 1469 2507 1516 2582; x_wconf 90' lang='lat' dir='ltr'>ad</span> <span class='ocrx_word' id='word_1_109' title='bbox 1532 2509 1748 2605; x_wconf 84' lang='lat' dir='ltr'>probandum</span> <span class='ocrx_word' id='word_1_110' title='bbox 1764 2508 1880 2584; x_wconf 87' lang='lat' dir='ltr'>denuo</span> 
     </span>
    </p>

    <p class='ocr_par' dir='ltr' id='par_1_6' title="bbox 377 2631 1882 3472">
     <span class='ocr_line' id='line_1_15' title="bbox 476 2631 1880 2710; baseline -0.001 -3"><span class='ocrx_word' id='word_1_111' title='bbox 476 2636 672 2710; x_wconf 87' lang='lat' dir='ltr'>nullatenus</span> <span class='ocrx_word' id='word_1_112' title='bbox 700 2631 911 2706; x_wconf 85' lang='lat' dir='ltr'>admittetur.</span> <span class='ocrx_word' id='word_1_113' title='bbox 942 2631 1093 2704; x_wconf 80' lang='lat' dir='ltr'>Prosenti</span> <span class='ocrx_word' id='word_1_114' title='bbox 1124 2631 1227 2704; x_wconf 91' lang='lat' dir='ltr'>etiam</span> <span class='ocrx_word' id='word_1_115' title='bbox 1252 2631 1419 2704; x_wconf 85' lang='lat' dir='ltr'>sanctioni</span> <span class='ocrx_word' id='word_1_116' title='bbox 1445 2631 1531 2706; x_wconf 90' lang='lat' dir='ltr'>illud</span> <span class='ocrx_word' id='word_1_117' title='bbox 1557 2633 1726 2706; x_wconf 83' lang='lat' dir='ltr'>edicimus</span> <span class='ocrx_word' id='word_1_118' title='bbox 1751 2631 1880 2706; x_wconf 87' lang='lat' dir='ltr'>adseri·</span> 
     </span>
     <span class='ocr_line' id='line_1_16' title="bbox 377 2735 1881 2852; baseline -0.004 -18"><span class='ocrx_word' id='word_1_119' title='bbox 377 2735 385 2750; x_wconf 14' lang='grc' dir='ltr'>χ</span> <span class='ocrx_word' id='word_1_120' title='bbox 475 2753 712 2852; x_wconf 88' lang='lat' dir='ltr'>bendum(c),</span> <span class='ocrx_word' id='word_1_121' title='bbox 732 2754 920 2850; x_wconf 89' lang='lat' dir='ltr'>siquando</span> <span class='ocrx_word' id='word_1_122' title='bbox 945 2755 981 2827; x_wconf 92' lang='lat' dir='ltr'>iu</span> <span class='ocrx_word' id='word_1_123' title='bbox 1010 2755 1123 2828; x_wconf 85' lang='lat' dir='ltr'>causis</span> <span class='ocrx_word' id='word_1_124' title='bbox 1152 2755 1420 2851; x_wconf 84' lang='lat' dir='ltr'>appellationum</span> <span class='ocrx_word' id='word_1_125' title='bbox 1443 2755 1660 2852; x_wconf 81' lang='lat' dir='ltr'>probationes</span> <span class='ocrx_word' id='word_1_126' title='bbox 1684 2753 1881 2828; x_wconf 89' lang='lat' dir='ltr'>induoende</span> 
     </span>
     <span class='ocr_line' id='line_1_17' title="bbox 478 2875 1881 2978; baseline -0.004 -20"><span class='ocrx_word' id='word_1_127' title='bbox 478 2892 559 2958; x_wconf 91' lang='lat' dir='ltr'>sunt</span> <span class='ocrx_word' id='word_1_128' title='bbox 580 2883 636 2956; x_wconf 87' lang='lat' dir='ltr'>vel</span> <span class='ocrx_word' id='word_1_129' title='bbox 653 2880 934 2975; x_wconf 78' lang='lat' dir='ltr'>intenugutiones</span> <span class='ocrx_word' id='word_1_130' title='bbox 952 2876 1001 2978; x_wconf 92' lang='lat' dir='ltr'>[et</span> <span class='ocrx_word' id='word_1_131' title='bbox 1020 2875 1265 2977; x_wconf 80' lang='lat' dir='ltr'>confessiones]</span> <span class='ocrx_word' id='word_1_132' title='bbox 1283 2877 1356 2953; x_wconf 88' lang='lat' dir='ltr'>fieri</span> <span class='ocrx_word' id='word_1_133' title='bbox 1380 2880 1628 2971; x_wconf 84' lang='lat' dir='ltr'>desiderantur,</span> <span class='ocrx_word' id='word_1_134' title='bbox 1652 2881 1689 2952; x_wconf 93' lang='lat' dir='ltr'>in</span> <span class='ocrx_word' id='word_1_135' title='bbox 1711 2881 1762 2953; x_wconf 90' lang='lat' dir='ltr'>eis</span> <span class='ocrx_word' id='word_1_136' title='bbox 1780 2879 1881 2953; x_wconf 85' lang='lat' dir='ltr'>ambe</span> 
     </span>
     <span class='ocr_line' id='line_1_18' title="bbox 479 3003 1881 3103; baseline -0.003 -24"><span class='ocrx_word' id='word_1_137' title='bbox 479 3017 590 3103; x_wconf 88' lang='lat' dir='ltr'>partes</span> <span class='ocrx_word' id='word_1_138' title='bbox 606 3003 798 3078; x_wconf 84' lang='lat' dir='ltr'>necessario</span> <span class='ocrx_word' id='word_1_139' title='bbox 814 3004 883 3076; x_wconf 89' lang='lat' dir='ltr'>siut</span> <span class='ocrx_word' id='word_1_140' title='bbox 901 3013 1075 3099; x_wconf 84' lang='lat' dir='ltr'>presentes</span> <span class='ocrx_word' id='word_1_141' title='bbox 1092 3013 1131 3074; x_wconf 91' lang='lat' dir='ltr'>ut</span> <span class='ocrx_word' id='word_1_142' title='bbox 1148 3003 1197 3075; x_wconf 89' lang='lat' dir='ltr'>eis</span> <span class='ocrx_word' id='word_1_143' title='bbox 1219 3003 1377 3076; x_wconf 83' lang='lat' dir='ltr'>cominus</span> <span class='ocrx_word' id='word_1_144' title='bbox 1397 3005 1603 3095; x_wconf 85' lang='lat' dir='ltr'>constitutis,</span> <span class='ocrx_word' id='word_1_145' title='bbox 1622 3025 1725 3078; x_wconf 81' lang='lat' dir='ltr'>consu</span> <span class='ocrx_word' id='word_1_146' title='bbox 1749 3003 1881 3098; x_wconf 89' lang='lat' dir='ltr'>plenius</span> 
     </span>
     <span class='ocr_line' id='line_1_19' title="bbox 480 3127 1881 3223; baseline -0.003 -21"><span class='ocrx_word' id='word_1_147' title='bbox 480 3132 678 3203; x_wconf 83' lang='lat' dir='ltr'>instruatur.</span> <span class='ocrx_word' id='word_1_148' title='bbox 701 3127 847 3214; x_wconf 86' lang='lat' dir='ltr'>Quodsi</span> <span class='ocrx_word' id='word_1_149' title='bbox 864 3127 899 3199; x_wconf 93' lang='lat' dir='ltr'>in</span> <span class='ocrx_word' id='word_1_150' title='bbox 921 3127 1067 3200; x_wconf 89' lang='lat' dir='ltr'>termino</span> <span class='ocrx_word' id='word_1_151' title='bbox 1083 3127 1309 3223; x_wconf 88' lang='lat' dir='ltr'>peremptorio</span> <span class='ocrx_word' id='word_1_152' title='bbox 1322 3149 1401 3223; x_wconf 91' lang='lat' dir='ltr'>pars</span> <span class='ocrx_word' id='word_1_153' title='bbox 1422 3127 1591 3223; x_wconf 88' lang='lat' dir='ltr'>appellata</span> <span class='ocrx_word' id='word_1_154' title='bbox 1608 3131 1709 3201; x_wconf 82' lang='lat' dir='ltr'>citata</span> <span class='ocrx_word' id='word_1_155' title='bbox 1729 3148 1798 3200; x_wconf 94' lang='lat' dir='ltr'>non</span> <span class='ocrx_word' id='word_1_156' title='bbox 1820 3149 1881 3199; x_wconf 90' lang='lat' dir='ltr'>ve·</span> 
     </span>
     <span class='ocr_line' id='line_1_20' title="bbox 479 3250 1882 3347; baseline -0.003 -21"><span class='ocrx_word' id='word_1_157' title='bbox 479 3254 583 3346; x_wconf 86' lang='lat' dir='ltr'>norit,</span> <span class='ocrx_word' id='word_1_158' title='bbox 616 3251 838 3325; x_wconf 91' lang='lat' dir='ltr'>nihilominus</span> <span class='ocrx_word' id='word_1_159' title='bbox 864 3251 1070 3346; x_wconf 85' lang='lat' dir='ltr'>appellatore</span> <span class='ocrx_word' id='word_1_160' title='bbox 1095 3259 1270 3346; x_wconf 87' lang='lat' dir='ltr'>presente,</span> <span class='ocrx_word' id='word_1_161' title='bbox 1296 3251 1404 3324; x_wconf 88' lang='lat' dir='ltr'>alteru</span> <span class='ocrx_word' id='word_1_162' title='bbox 1433 3260 1530 3347; x_wconf 85' lang='lat' dir='ltr'>purte</span> <span class='ocrx_word' id='word_1_163' title='bbox 1553 3251 1798 3324; x_wconf 87' lang='lat' dir='ltr'>oontumaoiter</span> <span class='ocrx_word' id='word_1_164' title='bbox 1822 3250 1882 3324; x_wconf 88' lang='lat' dir='ltr'>ab·</span> 
     </span>
     <span class='ocr_line' id='line_1_21' title="bbox 481 3371 1881 3472; baseline -0.004 -21"><span class='ocrx_word' id='word_1_165' title='bbox 481 3389 577 3452; x_wconf 88' lang='lat' dir='ltr'>sonte</span> <span class='ocrx_word' id='word_1_166' title='bbox 602 3373 670 3472; x_wconf 85' lang='lat' dir='ltr'>(d),</span> <span class='ocrx_word' id='word_1_167' title='bbox 695 3373 742 3448; x_wconf 84' lang='lat' dir='ltr'>ud</span> <span class='ocrx_word' id='word_1_168' title='bbox 766 3371 1058 3447; x_wconf 86' lang='lat' dir='ltr'>oontlrmationsm</span> <span class='ocrx_word' id='word_1_169' title='bbox 1082 3373 1141 3470; x_wconf 88' lang='lat' dir='ltr'>(e)</span> <span class='ocrx_word' id='word_1_170' title='bbox 1166 3373 1333 3448; x_wconf 83' lang='lat' dir='ltr'>sententie</span> <span class='ocrx_word' id='word_1_171' title='bbox 1358 3372 1552 3447; x_wconf 87' lang='lat' dir='ltr'>seonndnm</span> <span class='ocrx_word' id='word_1_172' title='bbox 1575 3374 1693 3466; x_wconf 87' lang='lat' dir='ltr'>juset</span> <span class='ocrx_word' id='word_1_173' title='bbox 1714 3373 1881 3466; x_wconf 87' lang='lat' dir='ltr'>justitium</span> 
     </span>
    </p>
   </div>
   <div class='ocr_carea' id='block_1_6' title="bbox 480 3501 694 3600">
    <p class='ocr_par' dir='ltr' id='par_1_7' title="bbox 480 3501 694 3600">
     <span class='ocr_line' id='line_1_22' title="bbox 480 3501 694 3600; baseline -0.023 -24"><span class='ocrx_word' id='word_1_174' title='bbox 480 3501 694 3600; x_wconf 84' lang='lat' dir='ltr'>prooodntur.</span> 
     </span>
    </p>
   </div>
   <div class='ocr_carea' id='block_1_7' title="bbox 522 3667 1885 4073">
    <p class='ocr_par' dir='ltr' id='par_1_8' title="bbox 522 3667 1883 3862">
     <span class='ocr_line' id='line_1_23' title="bbox 522 3667 1883 3756; baseline -0.002 -19"><span class='ocrx_word' id='word_1_175' title='bbox 522 3675 562 3756; x_wconf 86' lang='lat' dir='ltr'>(o)</span> <span class='ocrx_word' id='word_1_176' title='bbox 584 3673 695 3736; x_wconf 84' lang='lat' dir='ltr'>Graeoe</span> <span class='ocrx_word' id='word_1_177' title='bbox 710 3671 770 3732; x_wconf 78' lang='lat' dir='ltr'>tlte</span> <span class='ocrx_word' id='word_1_178' title='bbox 781 3686 840 3732; x_wconf 81' lang='lat' dir='ltr'>noo</span> <span class='ocrx_word' id='word_1_179' title='bbox 847 3668 1040 3752; x_wconf 76' lang='lat' dir='ltr'>pmducendit</span> <span class='ocrx_word' id='word_1_180' title='bbox 1053 3667 1169 3732; x_wconf 72' lang='lat' dir='ltr'>totino</span> <span class='ocrx_word' id='word_1_181' title='bbox 1176 3667 1473 3752; x_wconf 78' lang='lat' dir='ltr'>putputtteottonem</span> <span class='ocrx_word' id='word_1_182' title='bbox 1482 3671 1595 3734; x_wconf 75' lang='lat' dir='ltr'>testium</span> <span class='ocrx_word' id='word_1_183' title='bbox 1603 3671 1637 3731; x_wconf 84' lang='lat' dir='ltr'>in</span> <span class='ocrx_word' id='word_1_184' title='bbox 1647 3667 1742 3732; x_wconf 72' lang='lat' dir='ltr'>eodem</span> <span class='ocrx_word' id='word_1_185' title='bbox 1749 3668 1883 3734; x_wconf 64' lang='lat' dir='ltr'>eodo.</span> 
     </span>
     <span class='ocr_line' id='line_1_24' title="bbox 522 3776 1354 3862; baseline -0.007 -18"><span class='ocrx_word' id='word_1_186' title='bbox 522 3781 562 3862; x_wconf 80' lang='lat' dir='ltr'>(l)</span> <span class='ocrx_word' id='word_1_187' title='bbox 583 3783 692 3845; x_wconf 74' lang='lat' dir='ltr'>Graece</span> <span class='ocrx_word' id='word_1_188' title='bbox 707 3797 715 3840; x_wconf 77' lang='lat' dir='ltr'>t</span> <span class='ocrx_word' id='word_1_189' title='bbox 731 3776 766 3837; x_wconf 82' lang='grc' dir='ltr'>δι’</span> <span class='ocrx_word' id='word_1_190' title='bbox 780 3777 867 3837; x_wconf 76' lang='grc' dir='ltr'>αἰτίαν</span> <span class='ocrx_word' id='word_1_191' title='bbox 880 3781 926 3837; x_wconf 80' lang='grc' dir='ltr'>τοῦ</span> <span class='ocrx_word' id='word_1_192' title='bbox 941 3776 979 3857; x_wconf 78' lang='grc' dir='ltr'>μὴ</span> <span class='ocrx_word' id='word_1_193' title='bbox 995 3778 1201 3857; x_wconf 76' lang='grc' dir='ltr'><strong>ἕποικοδομῆσαι</strong></span> <span class='ocrx_word' id='word_1_194' title='bbox 1213 3777 1305 3862; x_wconf 59' lang='lat' dir='ltr'>prodit</span> <span class='ocrx_word' id='word_1_195' title='bbox 1316 3803 1354 3838; x_wconf 85' lang='grc' dir='ltr'>τι.</span> 
     </span>
    </p>

    <p class='ocr_par' dir='ltr' id='par_1_9' title="bbox 522 3883 1465 3968">
     <span class='ocr_line' id='line_1_25' title="bbox 522 3883 1465 3968; baseline -0.002 -20"><span class='ocrx_word' id='word_1_196' title='bbox 522 3887 558 3968; x_wconf 88' lang='lat' dir='ltr'>(c)</span> <span class='ocrx_word' id='word_1_197' title='bbox 580 3889 614 3950; x_wconf 92' lang='lat' dir='ltr'>ln</span> <span class='ocrx_word' id='word_1_198' title='bbox 627 3887 694 3948; x_wconf 85' lang='lat' dir='ltr'>uod.</span> <span class='ocrx_word' id='word_1_199' title='bbox 709 3894 786 3947; x_wconf 73' lang='lat' dir='ltr'>tons</span> <span class='ocrx_word' id='word_1_200' title='bbox 804 3892 834 3946; x_wconf 88' lang='lat' dir='ltr'>et</span> <span class='ocrx_word' id='word_1_201' title='bbox 847 3888 879 3946; x_wconf 90' lang='lat' dir='ltr'>ln</span> <span class='ocrx_word' id='word_1_202' title='bbox 893 3901 997 3965; x_wconf 81' lang='lat' dir='ltr'>gmeoo</span> <span class='ocrx_word' id='word_1_203' title='bbox 1009 3885 1180 3963; x_wconf 86' lang='lat' dir='ltr'>etmpllolten</span> <span class='ocrx_word' id='word_1_204' title='bbox 1195 3905 1203 3948; x_wconf 73' lang='grc' dir='ltr'><strong>ε</strong></span> <span class='ocrx_word' id='word_1_205' title='bbox 1219 3883 1465 3968; x_wconf 66' lang='grc' dir='ltr'>ὒὶυᾱαιῇἰοίνκω.</span> 
     </span>
    </p>

    <p class='ocr_par' dir='ltr' id='par_1_10' title="bbox 522 3989 1885 4073">
     <span class='ocr_line' id='line_1_26' title="bbox 522 3989 1885 4073; baseline -0.001 -18"><span class='ocrx_word' id='word_1_206' title='bbox 522 3991 564 4070; x_wconf 66' lang='lat' dir='ltr'>(nl</span> <span class='ocrx_word' id='word_1_207' title='bbox 584 3995 665 4055; x_wconf 79' lang='lat' dir='ltr'>llaec</span> <span class='ocrx_word' id='word_1_208' title='bbox 684 3993 792 4054; x_wconf 84' lang='lat' dir='ltr'>desunt</span> <span class='ocrx_word' id='word_1_209' title='bbox 814 3997 877 4052; x_wconf 86' lang='lat' dir='ltr'>tum</span> <span class='ocrx_word' id='word_1_210' title='bbox 896 3994 929 4052; x_wconf 88' lang='lat' dir='ltr'>tn</span> <span class='ocrx_word' id='word_1_211' title='bbox 947 3990 1014 4054; x_wconf 82' lang='lat' dir='ltr'>eod.</span> <span class='ocrx_word' id='word_1_212' title='bbox 1032 4000 1110 4054; x_wconf 78' lang='lat' dir='ltr'>toto</span> <span class='ocrx_word' id='word_1_213' title='bbox 1129 4008 1220 4072; x_wconf 82' lang='lat' dir='ltr'>quum</span> <span class='ocrx_word' id='word_1_214' title='bbox 1237 3995 1271 4056; x_wconf 90' lang='lat' dir='ltr'>ln</span> <span class='ocrx_word' id='word_1_215' title='bbox 1291 4009 1408 4072; x_wconf 75' lang='lat' dir='ltr'>gruem,</span> <span class='ocrx_word' id='word_1_216' title='bbox 1426 3993 1480 4054; x_wconf 87' lang='lat' dir='ltr'>ubl</span> <span class='ocrx_word' id='word_1_217' title='bbox 1499 3993 1607 4073; x_wconf 76' lang='lat' dir='ltr'>legltnr</span> <span class='ocrx_word' id='word_1_218' title='bbox 1629 3989 1885 4054; x_wconf 66' lang='lat' dir='ltr'>amomum</span> 
     </span>
    </p>
   </div>
   <div class='ocr_carea' id='block_1_8' title="bbox 479 4093 1716 4288">
    <p class='ocr_par' dir='ltr' id='par_1_11' title="bbox 479 4093 1716 4288">
     <span class='ocr_line' id='line_1_27' title="bbox 479 4093 886 4181; baseline -0.002 -21"><span class='ocrx_word' id='word_1_219' title='bbox 479 4105 610 4180; x_wconf 79' lang='lat' dir='ltr'>portem,</span> <span class='ocrx_word' id='word_1_220' title='bbox 629 4095 699 4157; x_wconf 72' lang='lat' dir='ltr'>nord</span> <span class='ocrx_word' id='word_1_221' title='bbox 711 4095 741 4158; x_wconf 76' lang='grc' dir='ltr'>τὸ</span> <span class='ocrx_word' id='word_1_222' title='bbox 754 4094 782 4156; x_wconf 77' lang='lat' dir='ltr'>iv</span> <span class='ocrx_word' id='word_1_223' title='bbox 797 4093 886 4181; x_wconf 69' lang='lat' dir='ltr'>piper.</span> 
     </span>
     <span class='ocr_line' id='line_1_28' title="bbox 526 4199 1716 4288; baseline -0.001 -23"><span class='ocrx_word' id='word_1_224' title='bbox 526 4205 562 4287; x_wconf 74' lang='grc' dir='ltr'>(ι)</span> <span class='ocrx_word' id='word_1_225' title='bbox 582 4206 709 4268; x_wconf 78' lang='lat' dir='ltr'>Additur</span> <span class='ocrx_word' id='word_1_226' title='bbox 721 4207 753 4268; x_wconf 83' lang='lat' dir='ltr'>tn</span> <span class='ocrx_word' id='word_1_227' title='bbox 766 4205 833 4268; x_wconf 85' lang='lat' dir='ltr'>eod.</span> <span class='ocrx_word' id='word_1_228' title='bbox 850 4213 926 4268; x_wconf 75' lang='lat' dir='ltr'>toto</span> <span class='ocrx_word' id='word_1_229' title='bbox 940 4199 987 4266; x_wconf 80' lang='lat' dir='ltr'>oet</span> <span class='ocrx_word' id='word_1_230' title='bbox 998 4199 1224 4284; x_wconf 69' lang='lat' dir='ltr'>instaurationes</span> <span class='ocrx_word' id='word_1_231' title='bbox 1236 4223 1247 4264; x_wconf 92' lang='grc'>.·</span> <span class='ocrx_word' id='word_1_232' title='bbox 1261 4203 1341 4288; x_wconf 85' lang='lat' dir='ltr'>qnod</span> <span class='ocrx_word' id='word_1_233' title='bbox 1351 4207 1451 4266; x_wconf 80' lang='lat' dir='ltr'>tumm</span> <span class='ocrx_word' id='word_1_234' title='bbox 1463 4203 1547 4266; x_wconf 83' lang='lat' dir='ltr'>deest</span> <span class='ocrx_word' id='word_1_235' title='bbox 1559 4206 1591 4266; x_wconf 89' lang='lat' dir='ltr'>ln</span> <span class='ocrx_word' id='word_1_236' title='bbox 1604 4220 1716 4286; x_wconf 75' lang='lat' dir='ltr'>grunno.</span> 
     </span>
    </p>
   </div>
   <div class='ocr_carea' id='block_1_9' title="bbox 907 4478 1462 4533">
    <p class='ocr_par' dir='ltr' id='par_1_12' title="bbox 907 4478 1462 4533">
     <span class='ocr_line' id='line_1_29' title="bbox 907 4478 1462 4533; baseline -0.004 0"><span class='ocrx_word' id='word_1_237' title='bbox 907 4478 1085 4533; x_wconf 74' lang='lat' dir='ltr'>ssxrulcrr</span> <span class='ocrx_word' id='word_1_238' title='bbox 1115 4479 1229 4532; x_wconf 74' lang='lat' dir='ltr'>utun</span> <span class='ocrx_word' id='word_1_239' title='bbox 1257 4479 1462 4532; x_wconf 68' lang='lat' dir='ltr'>SECUNDUS.</span> 
     </span>
    </p>
   </div>
   <div class='ocr_carea' id='block_1_10' title="bbox 0 0 2177 5908">
    <p class='ocr_par' dir='ltr' id='par_1_13' title="bbox 0 0 2177 5908">
     <span class='ocr_line' id='line_1_30' title="bbox 0 0 2177 5908; baseline 0 0"><span class='ocrx_word' id='word_1_240' title='bbox 0 0 2177 5908; x_wconf 95' lang='lat' dir='ltr'> </span> 
     </span>
    </p>
   </div>
  </div>
 </body>
</html>
