4308 5910
479 593 537 656 128
1008 587 1356 651 constitutiones

479 751 550 825 que
573 729 649 802 siue
665 727 774 823 ipsius
791 725 927 800 licentia
946 722 996 821 (c)
1010 726 1091 817 jnre
1113 725 1205 798 licito
1230 725 1456 822 comparavit.
1476 726 1517 798 Et
1539 725 1570 798 si
1588 727 1768 824 contigerit
1786 731 1888 806 talem

481 863 668 950 emptorem
698 852 743 924 ab
771 851 931 924 intestato
956 849 1140 956 decedere,
1169 849 1206 921 hi
1229 849 1276 924 ad
1306 849 1557 924 successionem
1580 853 1657 945 ejus
1686 853 1826 928 veniant
1851 856 1889 928 iu

480 975 644 1074 predictis
662 975 709 1072 (l)
735 975 796 1072 qui
815 975 898 1048 alias
923 984 1064 1070 possent
1085 974 1131 1050 ad
1148 975 1402 1049 successionem
1421 955 1577 1068 ejusdem
1598 999 1646 1050 ex
1666 975 1888 1053 descendenti

479 1103 536 1176 vel
558 1101 758 1176 ascendenti
780 1110 841 1174 aut
864 1099 1048 1172 collaterali
1066 1099 1160 1172 linea
1183 1099 1228 1172 ab
1246 1099 1404 1173 intestato
1422 1101 1557 1174 venire.
1576 1101 1725 1186 Quodsi
1743 1102 1788 1176 de
1811 1125 1889 1199 pre·

480 1227 581 1300 dictis
598 1227 715 1299 nullus
731 1225 872 1298 omuino
888 1224 1053 1319 supersit,
1075 1225 1111 1296 iu
1130 1245 1173 1296 eo
1184 1223 1281 1320 qnod
1298 1224 1344 1298 de
1360 1223 1466 1299 leudo
1487 1235 1579 1298 tenet
1596 1225 1642 1298 ab
1669 1248 1711 1300 οο
1728 1226 1889 1302 deminus

481 1351 575 1424 leudi
603 1349 779 1424 succedat.
810 1351 849 1422 ln
876 1348 1098 1443 hereditagiis
1124 1357 1240 1422 autem
1269 1348 1424 1423 defuncti
1451 1349 1606 1444 quolibet
1627 1353 1706 1444 jure
1728 1352 1886 1448 quesitis,

478 1475 600 1550 liscum
617 1483 770 1548 uestrum
790 1495 865 1546 essa
888 1473 1126 1561 decernimus,
1145 1473 1235 1546 siem
1250 1481 1285 1546 et
1303 1473 1340 1544 in
1356 1473 1518 1546 omnibus
1535 1473 1613 1547 aliis
1639 1475 1741 1548 bouis
1757 1497 1888 1550 mean-

479 1601 590 1692 tibus,
616 1599 775 1672 ultimum
799 1618 1032 1672 successorem
1051 1595 1111 1694 (c).
1139 1597 1238 1670 Prius
1262 1607 1378 1671 autem
1400 1619 1505 1692 quam
1522 1597 1575 1694 (d)
1597 1599 1644 1673 ad
1661 1599 1784 1673 liscum
1803 1621 1888 1675 nos-

479 1741 569 1799 trum
593 1725 813 1820 pervenerint
840 1745 895 1797 res
923 1724 1093 1820 predicte,
1111 1745 1173 1819 per
1195 1744 1279 1814 uus,
1302 1733 1404 1820 prout
1425 1735 1539 1798 nostre
1563 1727 1733 1819 maiestati
1761 1737 1797 1800 et
1822 1729 1887 1802 sub

479 1852 607 1946 quibus
631 1849 888 1924 conditionibus
909 1850 967 1922 vel
994 1847 1163 1922 mditibns
1183 1857 1218 1921 et
1240 1849 1391 1922 servitiis
1415 1850 1601 1946 placuerit,
1627 1860 1788 1946 poterunt
1815 1852 1888 1924 eol-

480 1977 599 2050 locari.
619 1975 649 2048 Α
668 1983 785 2050 tenore
802 1985 918 2050 autem
944 1975 1049 2068 hujus
1073 1974 1301 2050 secretissime
1330 1975 1516 2049 sanctionis
1535 1975 1728 2072 excipimus
1755 1977 1887 2069 bajulos

481 2099 700 2196 dominorum
727 2100 788 2195 qui
819 2121 874 2173 res
901 2101 995 2195 ipsas
1018 2097 1307 2174 administrandus
1333 2100 1561 2196 susceperint,
1586 2121 1675 2195 qnos
1700 2121 1770 2174 non
1793 2101 1888 2197 prius

480 2224 678 2317 hujusmodi
694 2224 863 2320 aequisita
877 2224 1027 2298 elicuere
1043 2224 1205 2296 volumus
1219 2232 1281 2296 aut
1293 2223 1448 2318 quolibet
1464 2225 1569 2298 modo
1586 2225 1768 2298 transferre
1782 2247 1887 2321 quam

483 2348 528 2422 da
542 2348 837 2423 administratione
849 2369 914 2422 sua
931 2347 1141 2422 satisfaciant
1156 2346 1317 2438 dominis,
1333 2348 1390 2420 vel
1405 2369 1467 2443 per
1482 2369 1542 2422 eos
1556 2349 1686 2422 steterit
1702 2350 1888 2445 quominus

481 2473 744 2548 satisfactionem
761 2474 928 2571 recipiant
943 2472 1111 2568 requisiti.

919 2777 1118 2852 TITULUS
1144 2779 1248 2851 Xlll.
1275 2779 1336 2850 ΞΓ
1360 2777 1449 2875 (63).

757 2983 812 3058 De
836 2985 965 3058 dotcrio
992 2985 1210 3057 contituendo
1234 2985 1271 3058 in
1295 2984 1405 3078 [cudis
1425 2995 1456 3056 et
1478 2985 1608 3056 cestris.

1007 3211 1080 3260 REX
1108 3210 1362 3260 eatetenus·

531 3397 567 3470 Si
583 3395 662 3492 qnis
678 3394 762 3468 baro
777 3395 836 3468 vel
852 3394 950 3468 miles
967 3414 1112 3466 uxorem
1129 3392 1272 3466 duxerit
1286 3401 1321 3466 et
1337 3393 1404 3467 tria
1419 3391 1523 3468 leuda
1540 3391 1717 3485 habuerit,
1741 3392 1840 3468 liceat
1856 3394 1890 3468 ei

482 3523 518 3594 in
531 3520 703 3595 domnium
725 3519 827 3592 uxori
850 3539 913 3592 sue
932 3539 1042 3590 uuum
1061 3518 1107 3593 de
1130 3517 1240 3590 tribus
1260 3517 1375 3593 iendis
1399 3519 1605 3592 constituere
1621 3515 1681 3615 (e).
1704 3515 1754 3617 [Si
1774 3528 1889 3594 autem

482 3647 646 3741 pauciora
665 3645 806 3736 haheat,
828 3641 1021 3716 secuudum
1041 3643 1242 3736 qualitatem
1260 3651 1294 3716 et
1309 3643 1535 3736 quantitatem
1558 3642 1764 3736 feudorum,
1790 3645 1888 3719 dota·

483 3771 572 3844 rium
600 3771 634 3843 ei
661 3771 698 3842 iu
720 3767 867 3866 pecunia
893 3769 1099 3840 constituere
1126 3763 1368 3863 permittimus.
1388 3763 1559 3864 Ceterum]
1585 3767 1615 3839 si
1652 3768 1752 3863 plura
1780 3768 1890 3844 tribus

483 3895 626 3984 habeat,
647 3915 710 3990 pro
729 3891 972 3990 porticusque
995 3891 1154 3987 superius
1179 3899 1308 3965 statuta
1331 3900 1384 3964 est
1408 3891 1545 3984 habita,
1573 3891 1748 3966 datarium
1775 3893 1889 3989 ipsum

482 4020 687 4094 constituere
709 4018 837 4092 licebit.
869 4017 990 4090 &mes
1015 4025 1131 4090 autem
1152 4016 1209 4090 vel
1232 4015 1315 4090 baro
1337 4015 1400 4110 qui
1422 4025 1532 4090 eastra
1561 4023 1673 4108 tenet,
1701 4015 1747 4090 de
1770 4015 1890 4090 castris

522 4198 561 4279 (a)
583 4197 639 4258 lile
651 4211 768 4274 quoque
780 4195 811 4256 ln
824 4195 890 4258 cod.
904 4203 982 4256 teat
994 4193 1113 4256 additur
1124 4199 1153 4255 et
1165 4189 1313 4255 mamm.

523 4303 561 4386 (bl
582 4305 638 4366 illc
651 4303 771 4365 additur
783 4305 815 4364 lu
827 4303 894 4364 cod.
907 4311 998 4376 46²5,
1008 4307 1145 4382 pamm
1155 4297 1202 4362 oet
1213 4296 1307 4362 ttae.

525 4411 560 4494 (c)
580 4411 691 4473 Graece
704 4427 712 4470 :
726 4409 841 4471 assam
855 4407 983 4471 υοὶοηιω
993 4410 1076 4470 iuda
1088 4405 1233 4470 mecam
1244 4403 1334 4470 uult
1346 4412 1374 4468 ct
1390 4403 1528 4470 οἱείωαηι
1539 4423 1733 4486 ammana,
1748 4403 1891 4489 wucd-

483 4517 600 4581 modum
617 4513 1731 4597 rtdumarmmptumrmmatteleemmmvrtdeomcnrm.

526 4623 568 4704 (d)
589 4626 648 4702 Ap.
664 4625 786 4687 careant
797 4624 956 4707 Postquam
966 4632 1071 4686 cauca
1087 4625 1137 4688 Sle
1148 4625 1323 4704 eordglmus
1335 4639 1375 4684 ex
1387 4621 1455 4686 ond.
1468 4629 1547 4685 402⁵
1561 4629 1592 4685 et
1603 4641 1642 4686 ox
1654 4639 1766 4704 moen

520 4733 558 4809 (c)
579 4733 615 4794 In
628 4731 694 4794 eod.
709 4740 787 4794 462⁵
802 4731 921 4795 additur
929 4749 987 4814 pru
1000 4732 1072 4793 dota
