4308 5910
514 647 555 710 ao
1039 609 1396 709 consurrurronus

515 791 681 876 tanquam
705 779 902 854 obedientie
918 778 1010 854 tilius
1031 782 1067 854 in
1090 782 1317 878 peremptorio
1334 779 1402 854 sibi
1425 777 1506 853 dato
1524 783 1721 873 compareat
1736 771 1924 848 amusatori

515 925 579 978 suo
603 903 756 998 legitime
785 925 1029 1000 responsurus,
1049 917 1249 981 accusatore
1276 906 1313 978 in
1341 903 1494 980 aconmti
1520 901 1742 998 dispendium
1759 910 1795 999 et
1811 899 1848 976 in
1863 897 1924 974 de-

513 1029 684 1101 lusionem
711 1028 807 1101 curie
827 1039 944 1102 nostre
966 1052 1036 1105 non
1061 1039 1298 1127 comparante;
1324 1035 1557 1102 accusatorem
1578 1026 1616 1098 in
1641 1034 1741 1099 sexta
1762 1032 1859 1121 parte
1876 1021 1923 1118 (a)

512 1151 694 1224 mobilium
721 1151 891 1225 bonorum
917 1154 1075 1228 mulctari
1099 1175 1301 1242 censemus,
1329 1152 1492 1249 expensis
1519 1148 1741 1224 nibilominus
1763 1155 1924 1223 accusato

512 1283 725 1348 sacramanto
742 1297 901 1350 succum
919 1279 1095 1353 mxatione
1108 1279 1238 1374 judicis
1261 1277 1480 1352 declarandis
1501 1277 1633 1372 integre
1652 1273 1833 1366 restitutis;
1853 1292 1924 1372 que

513 1399 630 1472 omnia
655 1421 717 1496 per
740 1419 820 1472 enm
844 1401 905 1495 qui
931 1423 1029 1476 reum
1056 1403 1168 1499 ipsum
1196 1403 1344 1477 coerceri
1364 1400 1597 1493 mandaverit,
1624 1401 1772 1496 perlecta
1795 1417 1924 1472 execu-

512 1521 597 1594 tioni
613 1521 833 1596 mandentur.
853 1522 1083 1598 Abolitionem
1101 1547 1253 1621 namque
1268 1533 1457 1617 accusator,
1477 1524 1507 1597 si
1524 1524 1673 1599 voluerit
1691 1521 1738 1619 (b)
1753 1522 1800 1596 ab
1817 1543 1921 1596 accu-

513 1645 644 1718 satione
664 1644 848 1739 desistere,
868 1671 889 1721 a
906 1648 1008 1722 nobis
1020 1649 1132 1745 potuit
1147 1650 1343 1746 impetrare,
1363 1671 1467 1745 qnam
1483 1651 1578 1742 justa
1595 1650 1642 1723 de
1659 1669 1764 1722 cansa
1781 1647 1920 1742 petitam

511 1778 626 1843 nostra
643 1771 808 1844 serenitas
824 1793 895 1845 non
913 1783 1083 1867 negasset.

959 2062 1162 2137 TITULUS
1185 2065 1288 2137 Xlll.
1317 2070 1360 2136 ΙΓ
1384 2064 1474 2162 (te).

601 2234 651 2306 De
670 2247 858 2310 monestere
875 2249 951 2332 post
973 2239 1064 2313 litem
1085 2252 1302 2315 reseratam
1318 2244 1447 2339 pnllt‘ce
1463 2265 1530 2317 non
1546 2252 1750 2338 cooperante
1767 2239 1780 2334 (
1799 2243 1825 2336 ).

1051 2443 1143 2492 rnuu
1173 2442 1372 2495 nneusrus.

558 2587 801 2666 Accusatorem
819 2605 897 2687 post
914 2595 1009 2668 litem
1026 2617 1131 2694 super
1147 2600 1315 2674 criminali
1334 2599 1385 2697 (d)
1400 2599 1619 2674 accusatione
1636 2599 1672 2672 in
1687 2597 1821 2692 jndicio
1833 2617 1917 2672 oon·

509 2721 666 2786 testatam
683 2715 713 2786 si
732 2716 768 2787 in
784 2718 930 2792 termino
946 2723 1175 2816 peremptorio
1191 2724 1259 2796 sibi
1277 2724 1358 2798 dato
1376 2745 1445 2800 non
1461 2725 1608 2809 venerit,
1628 2723 1857 2798 accusationis
1870 2719 1919 2822 (c)

509 2836 674 2911 solemnia
693 2839 915 2934 impleturas,
941 2845 1039 2918 tertia
1062 2855 1158 2941 parte
1184 2847 1357 2921 bonorum
1386 2849 1565 2922 mobilium
1594 2847 1810 2924 decernimus
1842 2867 1919 2924 esee

509 2961 760 3036 mulctandum.
778 2966 820 3038 llt
838 2966 867 3038 si
886 2968 922 3038 in
939 2968 1053 3044 edicto
1069 2971 1137 3044 alio
1153 2971 1204 3067 (f)
1222 2973 1289 3045 sibi
1312 2971 1428 3047 denuo
1451 2973 1622 3047 destinato
1643 2971 1838 3047 inchoatam
1853 2994 1918 3050 ao-

508 3085 718 3160 cusationem
742 3087 986 3164 detrectaverit
1002 3097 1148 3189 exequi,
1171 3098 1422 3172 contumaciam
1447 3097 1662 3174 contumacia
1680 3095 1913 3194 aggregando,

508 3208 591 3300 quia
620 3211 811 3286 secundum
837 3225 994 3290 vetorum
1018 3218 1134 3314 legum
1162 3221 1248 3294 scita
1271 3221 1441 3296 destitisse
1457 3221 1610 3314 videtur,
1629 3221 1666 3294 in
1688 3231 1826 3296 centum
1850 3242 1915 3298 au·

508 3334 658 3428 gustoles
670 3336 935 3426 condemnatum
952 3362 1059 3436 quam
1074 3365 1199 3438 ponam
1212 3345 1288 3419 loco
1300 3346 1457 3442 quinque
1468 3345 1633 3419 librarum
1647 3345 1723 3418 auri
1737 3346 1773 3418 in
1787 3345 1916 3439 quibus

507 3455 710 3534 desistentes
730 3461 897 3537 hactenus
915 3463 1182 3557 damnabantur,
1208 3467 1396 3543 eamdem
1419 3467 1547 3544 debere
1574 3489 1766 3542 censemus.
1785 3465 1915 3544 Eadem

504 3582 632 3656 mulcta
653 3585 774 3659 fortius
791 3586 985 3680 obtinente,
1011 3590 1041 3662 si
1061 3601 1239 3666 accusator
1257 3587 1483 3691 [expressim]
1504 3593 1713 3668 accusationi
1740 3591 1915 3672 renuntia·

504 3705 593 3778 verit
611 3707 776 3783 institute.

544 3879 587 3962 (a)
608 3883 720 3948 Graece
741 3887 775 3947 tn
795 3889 883 3951 tertia
895 3895 1004 3969 parm
1017 3891 1116 3954 ioman
1135 3895 1257 3975 mellus,
1272 3900 1308 3958 ut
1322 3901 1444 3974 apparet
1464 3911 1504 3958 ex
1526 3897 1611 3958 initio
1632 3897 1783 3974 equando
1803 3895 1914 3958 coned-

502 3989 639 4048 tutionis.

541 4091 582 4174 (t)
603 4093 651 4156 sle
665 4098 698 4158 tn
710 4097 777 4160 eod.
797 4108 887 4162 tera.
902 4103 959 4180 Ap.
977 4103 1102 4166 cecam
1117 4124 1125 4166 ι
1141 4103 1299 4170 timeat.

539 4198 578 4280 (s)
603 4202 1913 4294 luet-⁴⁶2⁴A2eepmaoeearorupoeenmmtaenmtamenraa-

502 4308 609 4384 teatin
622 4311 741 4370 medus.

539 4411 583 4494 (d)
605 4415 641 4476 In
654 4415 721 4476 eod.
738 4424 816 4479 dett
830 4419 951 4482 additur
962 4419 1009 4484 cel
1017 4421 1106 4486 dodi.

539 4519 576 4599 (a)
603 4521 679 4584 Ibtd.
694 4539 747 4601 pro
757 4527 948 4589 monetent
958 4529 1064 4610 legitur
1074 4529 1117 4594 ad
1126 4535 1249 4598 aarum.

538 4625 588 4708 (f)
604 4627 715 4691 Graece
727 4629 755 4689 tn
769 4633 803 4709 τῇ
819 4629 887 4714 elle
903 4634 1003 4718 dtcpirp,
1016 4638 1050 4700 t'tt
1062 4636 1122 4700 alt'e
1136 4641 1266 4703 termino.
