4298 5906
738 594 864 656 iiiiiiiiii
888 593 1076 656 SICILIAE.
1552 595 1611 654 sii

196 733 280 806 libet
295 731 442 804 utilitate
458 729 654 822 tractanda,
675 751 720 804 ne
740 730 825 805 dum
839 731 1006 828 pmcellas
1021 729 1157 827 imperii
1174 729 1343 802 laboriose
1356 729 1606 824 componImus,

198 855 330 952 aliquid
345 855 560 950 negligenter
575 854 732 930 omittere
746 855 838 930 circa
854 855 1041 930 domestica
1056 853 1253 930 videamur.
1269 855 1387 950 Nuper
1403 855 1520 949 itaque
1538 877 1607 929 non

197 981 314 1054 minus
334 979 413 1054 utili
436 1001 541 1075 qnam
568 980 760 1054 necessaria
789 979 1039 1054 deliberatione
1063 980 1280 1077 providimus
1305 978 1401 1074 qnod
1424 979 1610 1054 residentia

197 1116 311 1179 vestra
332 1103 394 1202 (a),
416 1105 495 1177 iicet
512 1103 558 1176 sit
573 1105 686 1178 Bamli
712 1104 861 1180 discreta
883 1126 945 1202 per
964 1105 1090 1196 scolas,
1112 1104 1246 1178 nostris·
1263 1113 1379 1178 umen
1399 1113 1451 1178 eet
1468 1104 1610 1200 dispen-

199 1231 297 1304 dioea
320 1230 545 1326 profectibus,
575 1239 610 1302 et
643 1230 863 1304 venientibus
893 1230 1066 1304 interdum
1093 1252 1114 1303 a
1139 1229 1279 1303 remotis
1307 1228 1486 1303 ratiocinia
1516 1229 1610 1324 posi·

200 1356 285 1428 turis
306 1354 510 1428 officialibus
532 1361 753 1450 sumptuosa;
780 1357 899 1451 sicque
915 1365 1097 1452 propterea
1115 1375 1160 1426 ne
1186 1352 1360 1428 fiscalibus
1377 1353 1494 1426 obviet
1516 1355 1611 1426 utili·

199 1479 327 1552 tatibus
341 1489 376 1552 et
391 1479 552 1574 privatis,
571 1479 706 1553 scholas
723 1481 817 1576 ipsos
830 1501 894 1577 pro
907 1480 1181 1554 concurrentium
1195 1479 1338 1551 utilitate
1353 1479 1505 1552 localiter
1519 1493 1611 1552 recte

200 1603 416 1700 providimus
439 1603 665 1696 dividendae,
695 1615 802 1699 utque
826 1605 1011 1698 cujuslibet
1033 1613 1186 1677 vestrum
1209 1603 1359 1676 officium
1383 1603 1473 1675 inira
1493 1601 1613 1676 decre·

200 1737 313 1800 torum
333 1725 419 1802 lines
442 1728 510 1800 sibi
529 1725 849 1828 justiciaria[tuum]
873 1729 1028 1802 terminis
1050 1727 1099 1826 (b)
1129 1727 1304 1800 limitetur.
1330 1727 1497 1814 Quocirca
1522 1726 1613 1800 iide-

199 1852 283 1923 litati
306 1863 422 1926 vestre
446 1851 655 1948 precipimus
671 1861 859 1947 quatenus,
882 1853 1027 1949 receptis
1050 1853 1265 1949 presentibus
1284 1862 1399 1926 nostre
1424 1851 1614 1926 serenitatis

199 1977 376 2073 apicibus,
393 1997 474 2069 vos,
497 1977 628 2050 notarie
652 1977 819 2051 Mirabilis
842 1987 876 2052 et
903 1979 1066 2073 magister
1092 1973 1354 2076 Bartholol'mee]
1379 1974 1438 2074 (c),
1461 1976 1613 2050 scholam

197 2101 369 2175 ratiocinii
385 2102 490 2176 vestri
506 2102 678 2198 Monopoii
696 2103 748 2200 (d)
761 2103 931 2194 statuatis,
951 2103 1114 2175 moraturi
1131 2101 1261 2176 ibidem
1274 2111 1309 2175 et
1325 2100 1522 2175 officialium
1537 2103 1614 2194 jue-

197 2227 388 2300 ticiariatus
407 2229 509 2300 Terre
528 2227 685 2300 Berensis
706 2227 751 2324 (e)
774 2237 808 2303 et
823 2229 924 2302 Terre
945 2227 1117 2324 ilydrunti
1139 2227 1316 2301 ratiocinia
1338 2228 1521 2324 recepturi.
1538 2227 1615 2316 Tu,

197 2351 311 2446 judex
331 2351 457 2425 Iacobo
475 2351 643 2425 Sinibaldi
659 2351 724 2448 (s),
743 2353 895 2427 scholam
915 2351 1045 2444 Meiba,
1064 2351 1211 2426 decretis
1229 2351 1292 2424 tibi
1308 2353 1467 2426 similiter
1482 2351 1615 2447 cupita-

199 2487 281 2550 nate
295 2475 346 2574 (p)
360 2485 395 2549 et
407 2475 587 2549 Basilicatc
599 2477 901 2570 justiciariatibus,
921 2476 1062 2550 studeas
1077 2475 1249 2550 ordinare.
1268 2479 1489 2573 'Iu·quoque,
1502 2475 1616 2569 judex

198 2602 315 2694 Patre,
340 2602 493 2675 scholam
515 2611 609 2674 tuam
632 2601 785 2675 Caiaccie
806 2602 855 2699 (t)
879 2602 1042 2699 deputes,
1064 2611 1098 2675 et
1120 2602 1271 2675 oilicIum
1290 2613 1388 2675 tuum
1408 2603 1443 2674 in
1459 2600 1615 2695 justicia·

199 2727 346 2800 rictibus
357 2725 511 2824 Apronii,
531 2729 634 2800 Terre
649 2728 790 2800 Laboris
804 2737 839 2800 ct
851 2728 1082 2824 Principetus,
1103 2737 1171 2800 tam
1188 2727 1334 2800 sollicita
1347 2748 1452 2822 quam
1469 2725 1617 2801 iidelitcr

201 2852 404 2948 exequaris,
428 2851 579 2947 sigilium
603 2861 757 2926 vestrum
776 2853 922 2948 singuiis
947 2853 1137 2943 decretum,
1159 2855 1398 2947 cujuscunque
1415 2852 1615 2924 roboratum

201 2977 303 3072 signo
321 2972 458 3068 notarii,
475 2977 644 3050 habituris
658 2977 715 3074 (ι).
731 2977 886 3074 Cumque
904 2979 1011 3052 multa
1024 2979 1069 3052 sit
1081 2979 1158 3051 iaus
1172 2987 1206 3050 et
1220 2979 1313 3051 seius
1329 2977 1390 3051 ubi
1410 2977 1517 3049 muita
1534 2987 1615 3050 sunt

201 3100 362 3190 consilia,
384 3101 546 3175 volumus
563 3115 596 3175 et
613 3102 818 3176 mandamns
835 3101 931 3198 qnod
945 3103 1127 3176 vobiscum
1145 3101 1191 3175 ad
1210 3101 1361 3176 invicem
1377 3121 1483 3198 super
1499 3100 1616 3174 dubiis

201 3227 400 3318 conseratis,
426 3225 522 3320 quod
542 3225 587 3300 de
606 3249 816 3322 quacunque
836 3249 873 3301 rc
891 3229 1002 3324 magis
1021 3227 1212 3324 expediens
1230 3237 1264 3300 et
1287 3227 1425 3300 salubre
1443 3226 1612 3318 videritis,

201 3351 377 3424 communi
402 3351 545 3426 consilio
568 3352 773 3427 discussuri.
797 3354 960 3429 Mundam
985 3375 1126 3450 quoque
1148 3354 1336 3448 generalia,
1361 3375 1431 3449 qne
1459 3375 1614 3426 commu·

201 3475 292 3550 niter
306 3476 474 3564 hactenus
491 3479 684 3575 recepistis,
706 3489 745 3553 ut
760 3481 973 3575 particularis
991 3501 1038 3553 ex
1058 3481 1108 3552 eis
1128 3487 1163 3552 ei
1180 3479 1312 3574 integra
1334 3479 1435 3552 nobis
1456 3479 1615 3552 habilitas

202 3601 378 3696 ciIeraiur,
399 3601 623 3676 authenticari
642 3625 705 3700 per
724 3627 866 3677 manum
885 3605 1058 3700 publicam
1076 3603 1224 3697 iacietis,
1243 3605 1483 3678 authenticatis
1501 3605 1615 3679 taliter

244 3775 287 3858 (c)
308 3779 345 3840 in
357 3779 508 3857 impressis
519 3784 550 3840 et
561 3779 593 3839 in
606 3779 755 3859 plerisque
767 3782 918 3844 codicibus
931 3788 1045 3854 nostro,
1059 3783 1158 3843 minus
1168 3785 1259 3862 juste.

243 3881 284 3964 (b)
306 3886 344 3946 in
357 3885 506 3961 impressis
521 3885 651 3954 termini.
668 3888 757 3950 mole.

244 3990 280 4071 (c)
300 3993 339 4053 In
352 3989 489 4054 omnibus
500 3993 649 4069 immersis
659 4000 689 4055 et
702 3995 733 4054 in
746 3993 925 4072 quibusdam
939 3995 1089 4057 ccdlclbus
1102 3995 1231 4056 narrem
1240 4015 1251 4054 .·
1259 3996 1368 4057 menda
1380 3995 1510 4058 evidens.

242 4095 286 4179 (d)
305 4099 343 4158 in
354 4100 503 4176 impressis
511 4101 582 4160 etin
591 4099 752 4175 codicibus,
763 4107 968 4180 praeterquam
981 4103 1014 4163 ln
1027 4101 1126 4162 Scint-
1132 4103 1227 4164 Victor
1243 4111 1312 4177 241,
1324 4099 1446 4183 Neapoli
1448 4122 1466 4181 ;
1479 4103 1531 4166 sed
1544 4119 1612 4165 om·

203 4206 274 4266 uino
285 4205 478 4280 mendosum,
494 4205 664 4268 siconIerns
676 4224 753 4285 quae
765 4207 841 4270 inlrn
855 4215 1030 4287 sequuntur.

243 4309 285 4394 (e)
307 4313 343 4374 In
356 4312 492 4374 omnibns
508 4313 614 4374 Terror
627 4313 762 4394 micro,
777 4315 828 4376 sed
842 4317 928 4390 male,
943 4317 1019 4378 sicut
1032 4332 1070 4376 cn
1083 4315 1274 4394 sequentibus
1288 4315 1391 4394 liquet.

245 4417 295 4500 (s)
310 4419 391 4482 Alias
404 4417 562 4500 Syrnicidt
579 4421 758 4500 Corriglmus
771 4439 808 4484 ex
820 4424 886 4485 cod.
899 4424 1094 4486 Ambrosianc
1108 4430 1139 4485 et
1150 4441 1188 4485 cx
1201 4423 1359 4484 Peristensi
1374 4432 1462 4486 osec.

244 4523 289 4608 (p)
309 4527 345 4588 in
358 4529 506 4605 impressis
518 4528 694 4608 captivatae,
709 4531 847 4606 pessime.

246 4629 287 4710 (ir)
310 4633 345 4694 in
359 4635 508 4710 impressis
523 4635 686 4697 Caraceice.
697 4635 877 4715 Corrlgimns
891 4654 929 4698 cx
941 4636 1091 4698 codchbos
1103 4636 1243 4700 Ambros.
1257 4644 1287 4700 et
1300 4637 1393 4699 Paris.

246 4737 290 4818 (i)
309 4739 359 4802 Sic
371 4741 562 4804 emendamus
575 4761 613 4804 er
627 4743 691 4806 cod.
701 4744 795 4806 Paris.
812 4752 878 4805 20².
894 4745 930 4806 In
944 4745 1091 4821 impressis
1103 4750 1240 4806 muner
1252 4741 1412 4806 labiim.

306 4846 359 4908 IV.
1420 4861 1459 4914 28
