4372 5918
503 571 545 634 68
1031 575 1388 642 consvttovtovtts

505 707 783 805 subterfugiendi
805 709 977 804 judicium
1004 710 1253 810 absentaverit]
1279 711 1330 810 (a)
1357 738 1367 783 ε
1399 729 1470 806 quo
1488 710 1648 805 probate,
1679 711 1913 787 venditionem

506 853 621 904 rerum
635 831 920 908 hereditariamm
938 856 960 908 a
968 835 1102 928 judice,
1122 857 1212 932 quas
1227 857 1290 932 pro
1305 833 1461 932 predicte
1473 834 1689 908 contumacia
1702 835 1913 932 possidebat,

506 957 629 1050 poterit
643 957 839 1054 impetrare.
859 959 961 1046 Quod
976 960 1006 1032 si
1019 959 1064 1033 de
1080 960 1268 1034 latitatione
1284 959 1432 1056 probare
1446 967 1541 1032 actor
1559 980 1629 1031 non
1647 959 1731 1032 velit
1747 961 1834 1034 forte
1852 983 1915 1034 nec

505 1081 626 1175 possit,
648 1083 710 1156 sed
725 1083 915 1157 absentiam
929 1092 1063 1158 tantum
1087 1084 1297 1158 contumacis
1313 1084 1460 1174 incusat,
1479 1091 1563 1156 tnnc
1580 1103 1692 1178 usqne
1714 1083 1761 1157 ad
1785 1106 1914 1158 annum

506 1204 677 1300 integrum
699 1229 720 1282 a
740 1207 799 1282 die
816 1208 998 1283 commisse
1025 1209 1240 1282 contumacia
1257 1208 1373 1304 ipsum
1390 1206 1599 1304 precipimus
1624 1209 1824 1304 expectari:
1845 1229 1914 1304 quo

505 1339 689 1420 transacto,
709 1333 944 1408 venditionem
960 1333 1245 1407 hereditariarum
1260 1353 1376 1406 rernm
1387 1353 1408 1406 a
1418 1330 1551 1425 judice,
1567 1351 1656 1426 quas
1666 1331 1712 1404 ob
1726 1331 1914 1406 adversarii

504 1451 818 1530 suicontumaciam
827 1455 1303 1554 predictemodopossederit‚
1313 1455 1521 1552 impetrabit.
1531 1455 1570 1528 ln
1581 1454 1911 1544 feudalibusantem‚

505 1599 586 1651 cum
605 1579 814 1656 hereditaria
831 1604 900 1656 non
920 1592 1125 1680 supersunt,
1150 1580 1246 1680 [sive
1263 1591 1382 1656 contra
1399 1581 1587 1654 latitantem
1600 1579 1715 1652 statim
1729 1580 1915 1654 latitatione

504 1703 661 1800 probata,
680 1703 755 1779 sive
772 1717 851 1802 post
863 1729 992 1806 annum
1007 1717 1125 1781 contra
1139 1717 1376 1782 contumacem
1389 1703 1627 1780 tantummodo
1641 1701 1910 1802 distrahendis],

505 1838 623 1902 nostre
640 1828 853 1904 celsitudinis
872 1832 1116 1906 conscientiam
1129 1840 1164 1906 et
1183 1831 1398 1922 mandatnm,
1418 1829 1448 1904 si
1462 1829 1562 1902 nobis
1576 1829 1643 1902 hoc
1659 1827 1827 1902 mandare
1842 1830 1914 1924 pla·

507 1951 634 2044 cuerit,
658 1954 787 2048 requiri
809 1975 990 2028 censemus
1012 1955 1081 2051 (b);
1107 1956 1155 2030 ita
1177 1964 1217 2027 ut
1235 1954 1390 2052 predicta
1413 1952 1565 2028 feudalia
1588 1973 1636 2026 ex
1649 1951 1787 2026 decreto
1800 1962 1915 2026 nostro

508 2076 760 2170 tantummodo,
776 2100 846 2152 non
861 2080 1002 2154 alterins
1013 2080 1143 2174 judicis
1157 2079 1404 2154 distrahantur.
1422 2077 1552 2151 Eadem
1566 2087 1914 2172 censuraqueoontra

507 2199 678 2274 latitantes
686 2202 827 2277 inventa
841 2213 893 2278 est
908 2204 953 2279 de
966 2204 1166 2278 venditione
1181 2204 1352 2277 bonorum
1366 2199 1567 2300 [latitatione
1578 2201 1734 2297 probata]
1750 2201 1914 2275 continuo

505 2323 679 2416 facienda,
700 2329 870 2402 servanda
896 2338 1014 2403 coutm
1038 2328 1235 2402 evidentem
1253 2337 1287 2400 et
1302 2348 1506 2423 expressum
1532 2335 1770 2400 contumacem
1793 2325 1855 2422 qni
1868 2326 1913 2400 ad

501 2447 657 2542 judicem
681 2461 798 2547 aperte
818 2452 912 2526 dicat
936 2475 975 2526 se
1002 2453 1122 2527 venire
1147 2453 1288 2525 omnino
1312 2473 1381 2524 non
1406 2451 1515 2542 velle;
1545 2450 1594 2522 ita
1620 2461 1660 2522 nt
1691 2449 1914 2524 nibilominus

505 2573 621 2666 odam,
644 2573 674 2646 si
688 2574 801 2670 judex
818 2575 944 2651 viderit
963 2575 1142 2650 commode
1158 2575 1231 2649 fieri
1256 2598 1375 2672 posse,
1392 2597 1454 2670 per
1470 2574 1633 2648 cumdem
1651 2574 1764 2670 reipsa
1781 2586 1817 2648 et
1833 2596 1913 2670 per-

505 2698 666 2772 sonaliter
683 2697 729 2798 (c)
746 2699 867 2774 venire
885 2700 1119 2793 adjudicium
1139 2701 1375 2796 compellatur.
1396 2700 1522 2797 Captus
1536 2709 1652 2774 autem
1675 2720 1736 2794 per
1759 2697 1913 2791 judicem

506 2823 610 2898 modo
625 2824 780 2921 predicto
805 2826 843 2897 in
866 2835 1083 2922 contemptus
1098 2827 1154 2898 sui
1174 2847 1301 2922 penam
1322 2825 1358 2896 in
1378 2835 1511 2897 tantum
1532 2823 1636 2898 debet
1657 2823 1815 2896 custodie
1838 2843 1913 2895 car-

504 2949 593 3022 ceris
615 2949 826 3047 mancipari,
854 2951 1024 3046 quamdiu
1050 2951 1213 3024 instantia
1234 2950 1324 3047 cepti
1345 2948 1470 3043 judicii
1494 2970 1565 3046 quo
1591 2949 1766 3046 impetitm
1794 2967 1913 3044 perse-

505 3084 614 3147 veret.
631 3074 756 3150 Contra
774 3075 966 3173 predictam
992 3085 1108 3150 autem
1133 3077 1275 3149 termam
1292 3074 1527 3149 venditionem
1546 3085 1615 3148 tam
1638 3095 1754 3148 rerum
1774 3071 1911 3146 heredi·

504 3197 668 3270 tariarum
684 3221 791 3294 qnam
810 3200 999 3274 feudalium
1015 3223 1079 3297 per
1094 3200 1329 3296 obreptionem
1341 3201 1398 3275 vel
1415 3198 1562 3294 patiam
1581 3199 1813 3294 impetratam,
1837 3196 1913 3292 ipso

500 3321 579 3416 jure
596 3322 725 3395 nullam
742 3344 818 3398 esse
833 3345 1027 3398 censemus.

547 3521 590 3604 (o)
610 3523 692 3586 llaec
715 3523 823 3586 desunt
840 3526 872 3586 ln
886 3541 1001 3606 graeco,
1017 3533 1047 3588 et
1060 3531 1136 3588 certe
1150 3527 1295 3605 glossema
1307 3527 1424 3588 videtur
1442 3543 1516 3588 esse.
1532 3525 1578 3588 Gi.
1590 3525 1748 3600 Arrurcn„
1762 3522 1844 3584 rubr.
1861 3531 1911 3598 97,

523 3638 536 3667 ⁰
557 3639 588 3691 6.

503 3647 524 3694 ¹¹
545 3733 587 3816 (l)
608 3735 720 3798 Graece
732 3737 818 3798 ultter
830 3737 994 3816 concipitur
1012 3754 1020 3798 a
1035 3733 1211 3800 volontatem
1223 3719 1338 3802 hortm
1350 3735 1527 3801 celsitudinis
1539 3746 1567 3801 ct
1579 3734 1758 3810 mandatora,
1773 3737 1800 3796 a·
1811 3731 1912 3810 velint,

503 3841 649 3923 requirere
658 3839 804 3924 jobemus.

547 3946 584 4026 (c)
610 3948 714 4028 ltcipec
727 3957 755 4012 et
768 3947 962 4031 mortaliter
981 3951 1088 4013 desunt
1106 3953 1138 4012 ln
1157 3967 1273 4031 gracco,
1288 3953 1340 4015 scd
1361 3953 1469 4016 horum
1489 3954 1554 4014 vice
1575 3953 1684 4032 legitur
1700 3969 1708 4012 ε
1723 3947 1759 4008 δι’
1773 3949 1853 4010 icet
1864 3947 1912 4006 τοῦ

503 4051 698 4136 drcrrooplvoc
711 4054 873 4139 πράγματος.
