<?xml version="1.0" encoding="UTF-8"?>
<!DOCTYPE html PUBLIC "-//W3C//DTD XHTML 1.0 Transitional//EN"
    "http://www.w3.org/TR/xhtml1/DTD/xhtml1-transitional.dtd">
<html xmlns="http://www.w3.org/1999/xhtml" xml:lang="en" lang="en">
 <head>
  <title>
</title>
<meta http-equiv="Content-Type" content="text/html;charset=utf-8" />
  <meta name='ocr-system' content='tesseract 3.04.00' />
  <meta name='ocr-capabilities' content='ocr_page ocr_carea ocr_par ocr_line ocrx_word'/>
</head>
<body>
  <div class='ocr_page' id='page_1' title='image "./historiadiploma07fredgoog_0178.png"; bbox 0 0 4308 5910; ppageno 0'>
   <div class='ocr_carea' id='block_1_1' title="bbox 517 573 1401 642">
    <p class='ocr_par' dir='ltr' id='par_1_1' title="bbox 517 573 1401 642">
     <span class='ocr_line' id='line_1_1' title="bbox 517 573 1401 642; baseline -0.005 -2"><span class='ocrx_word' id='word_1_1' title='bbox 517 578 576 642; x_wconf 77' lang='lat' dir='ltr'><strong>tot</strong></span> <span class='ocrx_word' id='word_1_2' title='bbox 1043 573 1401 638; x_wconf 75' lang='lat' dir='ltr'><strong>cousrlrurlouss</strong></span> 
     </span>
    </p>
   </div>
   <div class='ocr_carea' id='block_1_2' title="bbox 512 711 1929 1557">
    <p class='ocr_par' dir='ltr' id='par_1_2' title="bbox 512 711 1929 1557">
     <span class='ocr_line' id='line_1_2' title="bbox 517 711 1929 812; baseline 0.002 -24"><span class='ocrx_word' id='word_1_3' title='bbox 517 727 619 788; x_wconf 88' lang='lat' dir='ltr'><strong>tenus</strong></span> <span class='ocrx_word' id='word_1_4' title='bbox 634 725 752 789; x_wconf 89' lang='lat' dir='ltr'><strong>contra</strong></span> <span class='ocrx_word' id='word_1_5' title='bbox 768 713 1032 812; x_wconf 89' lang='lat' dir='ltr'><strong>prohibitionem</strong></span> <span class='ocrx_word' id='word_1_6' title='bbox 1047 711 1130 786; x_wconf 90' lang='lat' dir='ltr'><strong>dive</strong></span> <span class='ocrx_word' id='word_1_7' title='bbox 1145 713 1310 786; x_wconf 87' lang='lat' dir='ltr'><strong>memorie</strong></span> <span class='ocrx_word' id='word_1_8' title='bbox 1323 712 1373 808; x_wconf 79' lang='lat' dir='ltr'><strong>(a)</strong></span> <span class='ocrx_word' id='word_1_9' title='bbox 1388 713 1445 786; x_wconf 88' lang='lat' dir='ltr'><strong>avi</strong></span> <span class='ocrx_word' id='word_1_10' title='bbox 1462 714 1569 786; x_wconf 82' lang='lat' dir='ltr'><strong>nostri</strong></span> <span class='ocrx_word' id='word_1_11' title='bbox 1585 713 1787 808; x_wconf 73' lang='lat' dir='ltr'><strong>dignitatem</strong></span> <span class='ocrx_word' id='word_1_12' title='bbox 1803 717 1929 792; x_wconf 83' lang='lat' dir='ltr'><strong>tuerint</strong></span> 
     </span>
     <span class='ocr_line' id='line_1_3' title="bbox 517 837 1929 938; baseline 0.004 -27"><span class='ocrx_word' id='word_1_13' title='bbox 517 839 699 913; x_wconf 88' lang='lat' dir='ltr'><strong>militarem</strong></span> <span class='ocrx_word' id='word_1_14' title='bbox 721 839 856 935; x_wconf 79' lang='lat' dir='ltr'>adepti,</span> <span class='ocrx_word' id='word_1_15' title='bbox 881 859 928 912; x_wconf 87' lang='lat' dir='ltr'><strong>ex</strong></span> <span class='ocrx_word' id='word_1_16' title='bbox 955 837 1147 910; x_wconf 89' lang='lat' dir='ltr'><strong>serenitatis</strong></span> <span class='ocrx_word' id='word_1_17' title='bbox 1166 846 1282 910; x_wconf 87' lang='lat' dir='ltr'><strong>nostre</strong></span> <span class='ocrx_word' id='word_1_18' title='bbox 1304 837 1414 932; x_wconf 81' lang='lat' dir='ltr'><strong>gratia</strong></span> <span class='ocrx_word' id='word_1_19' title='bbox 1442 859 1540 912; x_wconf 88' lang='lat' dir='ltr'><strong>suam</strong></span> <span class='ocrx_word' id='word_1_20' title='bbox 1565 839 1791 913; x_wconf 85' lang='lat' dir='ltr'><strong>retinentibus</strong></span> <span class='ocrx_word' id='word_1_21' title='bbox 1813 841 1929 938; x_wconf 83' lang='lat' dir='ltr'><strong>digni·</strong></span> 
     </span>
     <span class='ocr_line' id='line_1_4' title="bbox 516 960 1928 1052; baseline 0.005 -17"><span class='ocrx_word' id='word_1_22' title='bbox 516 975 636 1052; x_wconf 88' lang='lat' dir='ltr'><strong>talem,</strong></span> <span class='ocrx_word' id='word_1_23' title='bbox 655 963 844 1038; x_wconf 92' lang='lat' dir='ltr'><strong>dummodo</strong></span> <span class='ocrx_word' id='word_1_24' title='bbox 860 963 982 1036; x_wconf 89' lang='lat' dir='ltr'><strong>vivant</strong></span> <span class='ocrx_word' id='word_1_25' title='bbox 1002 960 1206 1046; x_wconf 81' lang='lat' dir='ltr'><strong>militariter,</strong></span> <span class='ocrx_word' id='word_1_26' title='bbox 1222 971 1261 1032; x_wconf 92' lang='lat' dir='ltr'><strong>ut</strong></span> <span class='ocrx_word' id='word_1_27' title='bbox 1280 971 1332 1034; x_wconf 88' lang='lat' dir='ltr'><strong>est</strong></span> <span class='ocrx_word' id='word_1_28' title='bbox 1352 961 1497 1034; x_wconf 90' lang='lat' dir='ltr'><strong>dictum.</strong></span> <span class='ocrx_word' id='word_1_29' title='bbox 1522 961 1672 1036; x_wconf 78' lang='lat' dir='ltr'><strong>Presenti</strong></span> <span class='ocrx_word' id='word_1_30' title='bbox 1692 963 1796 1038; x_wconf 87' lang='lat' dir='ltr'><strong>etiam</strong></span> <span class='ocrx_word' id='word_1_31' title='bbox 1813 966 1928 1042; x_wconf 88' lang='lat' dir='ltr'><strong>edicto</strong></span> 
     </span>
     <span class='ocr_line' id='line_1_5' title="bbox 516 1085 1927 1184; baseline 0.004 -24"><span class='ocrx_word' id='word_1_32' title='bbox 516 1089 602 1160; x_wconf 93' lang='lat' dir='ltr'><strong>illud</strong></span> <span class='ocrx_word' id='word_1_33' title='bbox 623 1089 793 1161; x_wconf 84' lang='lat' dir='ltr'><strong>edicimus</strong></span> <span class='ocrx_word' id='word_1_34' title='bbox 812 1086 856 1184; x_wconf 86' lang='lat' dir='ltr'><strong>(l)</strong></span> <span class='ocrx_word' id='word_1_35' title='bbox 873 1097 911 1160; x_wconf 91' lang='lat' dir='ltr'><strong>ul</strong></span> <span class='ocrx_word' id='word_1_36' title='bbox 924 1085 1038 1178; x_wconf 88' lang='lat' dir='ltr'><strong>judex</strong></span> <span class='ocrx_word' id='word_1_37' title='bbox 1056 1086 1112 1157; x_wconf 87' lang='lat' dir='ltr'><strong>vel</strong></span> <span class='ocrx_word' id='word_1_38' title='bbox 1129 1085 1282 1157; x_wconf 91' lang='lat' dir='ltr'><strong>notarius</strong></span> <span class='ocrx_word' id='word_1_39' title='bbox 1298 1085 1461 1181; x_wconf 90' lang='lat' dir='ltr'><strong>publicus</strong></span> <span class='ocrx_word' id='word_1_40' title='bbox 1478 1086 1604 1181; x_wconf 88' lang='lat' dir='ltr'><strong>aliquis</strong></span> <span class='ocrx_word' id='word_1_41' title='bbox 1623 1087 1685 1182; x_wconf 93' lang='lat' dir='ltr'><strong>qui</strong></span> <span class='ocrx_word' id='word_1_42' title='bbox 1704 1089 1785 1161; x_wconf 89' lang='lat' dir='ltr'><strong>vilis</strong></span> <span class='ocrx_word' id='word_1_43' title='bbox 1804 1091 1927 1165; x_wconf 91' lang='lat' dir='ltr'><strong>oondi-</strong></span> 
     </span>
     <span class='ocr_line' id='line_1_6' title="bbox 515 1208 1926 1311; baseline 0.004 -27"><span class='ocrx_word' id='word_1_44' title='bbox 515 1214 617 1286; x_wconf 89' lang='lat' dir='ltr'><strong>tionis</strong></span> <span class='ocrx_word' id='word_1_45' title='bbox 633 1213 688 1302; x_wconf 86' lang='lat' dir='ltr'><strong>sit,</strong></span> <span class='ocrx_word' id='word_1_46' title='bbox 709 1213 856 1285; x_wconf 82' lang='lat' dir='ltr'><strong>villanus</strong></span> <span class='ocrx_word' id='word_1_47' title='bbox 868 1221 930 1284; x_wconf 88' lang='lat' dir='ltr'><strong>aut</strong></span> <span class='ocrx_word' id='word_1_48' title='bbox 943 1208 1145 1304; x_wconf 79' lang='lat' dir='ltr'><strong>angurarius</strong></span> <span class='ocrx_word' id='word_1_49' title='bbox 1163 1209 1316 1302; x_wconf 74' lang='lat' dir='ltr'><strong>forsitan,</strong></span> <span class='ocrx_word' id='word_1_50' title='bbox 1334 1209 1486 1308; x_wconf 84' lang='lat' dir='ltr'><strong>itemque</strong></span> <span class='ocrx_word' id='word_1_51' title='bbox 1498 1209 1560 1284; x_wconf 86' lang='lat' dir='ltr'><strong>filii</strong></span> <span class='ocrx_word' id='word_1_52' title='bbox 1582 1211 1799 1303; x_wconf 88' lang='lat' dir='ltr'><strong>clericorum,</strong></span> <span class='ocrx_word' id='word_1_53' title='bbox 1817 1218 1926 1311; x_wconf 90' lang='lat' dir='ltr'><strong>spurii</strong></span> 
     </span>
     <span class='ocr_line' id='line_1_7' title="bbox 514 1332 1923 1434; baseline 0.003 -25"><span class='ocrx_word' id='word_1_54' title='bbox 514 1349 575 1409; x_wconf 88' lang='lat' dir='ltr'><strong>aut</strong></span> <span class='ocrx_word' id='word_1_55' title='bbox 598 1336 703 1409; x_wconf 91' lang='lat' dir='ltr'><strong>modo</strong></span> <span class='ocrx_word' id='word_1_56' title='bbox 724 1335 878 1430; x_wconf 87' lang='lat' dir='ltr'><strong>quolibet</strong></span> <span class='ocrx_word' id='word_1_57' title='bbox 895 1334 1071 1407; x_wconf 76' lang='lat' dir='ltr'><strong>naturales</strong></span> <span class='ocrx_word' id='word_1_58' title='bbox 1088 1332 1124 1404; x_wconf 95' lang='lat' dir='ltr'><strong>in</strong></span> <span class='ocrx_word' id='word_1_59' title='bbox 1142 1342 1317 1428; x_wconf 88' lang='lat' dir='ltr'><strong>posterum</strong></span> <span class='ocrx_word' id='word_1_60' title='bbox 1338 1334 1446 1406; x_wconf 85' lang='lat' dir='ltr'><strong>creari</strong></span> <span class='ocrx_word' id='word_1_61' title='bbox 1469 1335 1690 1430; x_wconf 87' lang='lat' dir='ltr'><strong>nonpossint</strong></span> <span class='ocrx_word' id='word_1_62' title='bbox 1711 1345 1772 1410; x_wconf 87' lang='lat' dir='ltr'><strong>aut</strong></span> <span class='ocrx_word' id='word_1_63' title='bbox 1791 1339 1923 1434; x_wconf 86' lang='lat' dir='ltr'><strong>aliqua·</strong></span> 
     </span>
     <span class='ocr_line' id='line_1_8' title="bbox 512 1457 893 1557; baseline -0.01 -23"><span class='ocrx_word' id='word_1_64' title='bbox 512 1472 612 1534; x_wconf 85' lang='lat' dir='ltr'><strong>tenus</strong></span> <span class='ocrx_word' id='word_1_65' title='bbox 631 1461 822 1556; x_wconf 87' lang='lat' dir='ltr'><strong>promoveri</strong></span> <span class='ocrx_word' id='word_1_66' title='bbox 837 1457 852 1557; x_wconf 95' lang='lat'>(</span> <span class='ocrx_word' id='word_1_67' title='bbox 867 1461 893 1555; x_wconf 90' lang='lat'><strong>).</strong></span> 
     </span>
    </p>
   </div>
   <div class='ocr_carea' id='block_1_3' title="bbox 954 1681 1486 2082">
    <p class='ocr_par' dir='ltr' id='par_1_3' title="bbox 954 1681 1486 2082">
     <span class='ocr_line' id='line_1_9' title="bbox 954 1681 1486 1780; baseline 0.006 -26"><span class='ocrx_word' id='word_1_68' title='bbox 954 1682 1157 1756; x_wconf 85' lang='lat' dir='ltr'><strong>TlTULUS</strong></span> <span class='ocrx_word' id='word_1_69' title='bbox 1182 1683 1274 1756; x_wconf 86' lang='lat' dir='ltr'><strong>Lxl.</strong></span> <span class='ocrx_word' id='word_1_70' title='bbox 1304 1685 1373 1757; x_wconf 87' lang='grc' dir='ltr'><strong>ΛΘ</strong></span> <span class='ocrx_word' id='word_1_71' title='bbox 1398 1681 1486 1780; x_wconf 86' lang='grc'>(39).</span> 
     </span>
     <span class='ocr_line' id='line_1_10' title="bbox 1098 1831 1331 1924; baseline 0.021 -21"><span class='ocrx_word' id='word_1_72' title='bbox 1098 1833 1148 1904; x_wconf 84' lang='lat' dir='ltr'><strong>Do</strong></span> <span class='ocrx_word' id='word_1_73' title='bbox 1167 1831 1331 1924; x_wconf 62' lang='lat' dir='ltr'><strong>sodomis.</strong></span> 
     </span>
     <span class='ocr_line' id='line_1_11' title="bbox 1028 1984 1406 2082; baseline 0.003 -25"><span class='ocrx_word' id='word_1_74' title='bbox 1028 2009 1098 2057; x_wconf 81' lang='lat' dir='ltr'><strong>nnn</strong></span> <span class='ocrx_word' id='word_1_75' title='bbox 1129 2007 1318 2060; x_wconf 79' lang='lat' dir='ltr'><strong>euasurus</strong></span> <span class='ocrx_word' id='word_1_76' title='bbox 1342 1984 1406 2082; x_wconf 89' lang='lat' dir='ltr'><strong>(l).</strong></span> 
     </span>
    </p>
   </div>
   <div class='ocr_carea' id='block_1_4' title="bbox 510 2136 1926 2340">
    <p class='ocr_par' dir='ltr' id='par_1_4' title="bbox 510 2136 1926 2340">
     <span class='ocr_line' id='line_1_12' title="bbox 563 2136 1926 2235; baseline 0.003 -25"><span class='ocrx_word' id='word_1_77' title='bbox 563 2137 630 2226; x_wconf 92' lang='lat' dir='ltr'><strong>Qui</strong></span> <span class='ocrx_word' id='word_1_78' title='bbox 654 2136 783 2208; x_wconf 76' lang='lat' dir='ltr'><strong>litteras</strong></span> <span class='ocrx_word' id='word_1_79' title='bbox 808 2137 920 2232; x_wconf 82' lang='lat' dir='ltr'><strong>regies</strong></span> <span class='ocrx_word' id='word_1_80' title='bbox 941 2153 1003 2210; x_wconf 85' lang='lat' dir='ltr'><strong>aut</strong></span> <span class='ocrx_word' id='word_1_81' title='bbox 1021 2147 1132 2210; x_wconf 86' lang='lat' dir='ltr'><strong>mutat</strong></span> <span class='ocrx_word' id='word_1_82' title='bbox 1150 2151 1212 2210; x_wconf 85' lang='lat' dir='ltr'><strong>aut</strong></span> <span class='ocrx_word' id='word_1_83' title='bbox 1234 2159 1294 2212; x_wconf 91' lang='lat' dir='ltr'><strong>eas</strong></span> <span class='ocrx_word' id='word_1_84' title='bbox 1310 2136 1362 2234; x_wconf 86' lang='lat' dir='ltr'><strong>(d)</strong></span> <span class='ocrx_word' id='word_1_85' title='bbox 1376 2137 1481 2212; x_wconf 91' lang='lat' dir='ltr'><strong>notho</strong></span> <span class='ocrx_word' id='word_1_86' title='bbox 1502 2139 1615 2234; x_wconf 76' lang='lat' dir='ltr'><strong>sigillo</strong></span> <span class='ocrx_word' id='word_1_87' title='bbox 1631 2139 1764 2234; x_wconf 78' lang='lat' dir='ltr'><strong>signat,</strong></span> <span class='ocrx_word' id='word_1_88' title='bbox 1788 2140 1926 2235; x_wconf 83' lang='lat' dir='ltr'><strong>oepilsli</strong></span> 
     </span>
     <span class='ocr_line' id='line_1_13' title="bbox 510 2259 849 2340; baseline -0.024 0"><span class='ocrx_word' id='word_1_89' title='bbox 510 2262 678 2340; x_wconf 79' lang='lat' dir='ltr'><strong>sententia</strong></span> <span class='ocrx_word' id='word_1_90' title='bbox 697 2259 849 2334; x_wconf 77' lang='lat' dir='ltr'><strong>feriatur.</strong></span> 
     </span>
    </p>
   </div>
   <div class='ocr_carea' id='block_1_5' title="bbox 837 2475 1591 2724">
    <p class='ocr_par' dir='ltr' id='par_1_5' title="bbox 837 2475 1591 2724">
     <span class='ocr_line' id='line_1_14' title="bbox 958 2475 1467 2574; baseline 0.004 -26"><span class='ocrx_word' id='word_1_91' title='bbox 958 2477 1159 2550; x_wconf 85' lang='lat' dir='ltr'><strong>TlTULUS</strong></span> <span class='ocrx_word' id='word_1_92' title='bbox 1184 2477 1301 2550; x_wconf 84' lang='lat' dir='ltr'><strong>LXll.</strong></span> <span class='ocrx_word' id='word_1_93' title='bbox 1322 2483 1358 2550; x_wconf 89' lang='lat' dir='ltr'>M</span> <span class='ocrx_word' id='word_1_94' title='bbox 1377 2475 1467 2574; x_wconf 81' lang='lat' dir='ltr'><strong>(lo).</strong></span> 
     </span>
     <span class='ocr_line' id='line_1_15' title="bbox 837 2627 1591 2724; baseline 0.004 -26"><span class='ocrx_word' id='word_1_95' title='bbox 837 2627 885 2698; x_wconf 78' lang='lat' dir='ltr'><strong>Dr</strong></span> <span class='ocrx_word' id='word_1_96' title='bbox 903 2628 1093 2700; x_wconf 78' lang='lat' dir='ltr'><strong>cudentibus</strong></span> <span class='ocrx_word' id='word_1_97' title='bbox 1110 2627 1156 2724; x_wconf 82' lang='lat' dir='ltr'><strong>(e)</strong></span> <span class='ocrx_word' id='word_1_98' title='bbox 1174 2639 1339 2700; x_wconf 83' lang='lat' dir='ltr'><strong>monetam</strong></span> <span class='ocrx_word' id='word_1_99' title='bbox 1360 2627 1591 2702; x_wconf 77' lang='lat' dir='ltr'><strong>adulterinum.</strong></span> 
     </span>
    </p>
   </div>
   <div class='ocr_carea' id='block_1_6' title="bbox 1113 2802 1314 2852">
    <p class='ocr_par' dir='ltr' id='par_1_6' title="bbox 1113 2802 1314 2852">
     <span class='ocr_line' id='line_1_16' title="bbox 1113 2802 1314 2852; baseline 0.015 -2"><span class='ocrx_word' id='word_1_100' title='bbox 1113 2802 1203 2850; x_wconf 76' lang='lat' dir='ltr'><strong>lomi</strong></span> <span class='ocrx_word' id='word_1_101' title='bbox 1228 2803 1314 2852; x_wconf 72' lang='lat' dir='ltr'><strong>REX.</strong></span> 
     </span>
    </p>
   </div>
   <div class='ocr_carea' id='block_1_7' title="bbox 557 2926 1923 3030">
    <p class='ocr_par' dir='ltr' id='par_1_7' title="bbox 557 2926 1923 3030">
     <span class='ocr_line' id='line_1_17' title="bbox 557 2926 1923 3030; baseline 0.004 -30"><span class='ocrx_word' id='word_1_102' title='bbox 557 2926 793 3003; x_wconf 87' lang='lat' dir='ltr'><strong>Adulterinam</strong></span> <span class='ocrx_word' id='word_1_103' title='bbox 821 2941 991 3004; x_wconf 88' lang='lat' dir='ltr'><strong>monetam</strong></span> <span class='ocrx_word' id='word_1_104' title='bbox 1019 2930 1227 3005; x_wconf 88' lang='lat' dir='ltr'><strong>cudentibus</strong></span> <span class='ocrx_word' id='word_1_105' title='bbox 1248 2931 1304 3006; x_wconf 87' lang='lat' dir='ltr'><strong>vel</strong></span> <span class='ocrx_word' id='word_1_106' title='bbox 1322 2931 1468 3006; x_wconf 88' lang='lat' dir='ltr'><strong>scienter</strong></span> <span class='ocrx_word' id='word_1_107' title='bbox 1493 2931 1744 3030; x_wconf 74' lang='lat' dir='ltr'><strong>accipientibus</strong></span> <span class='ocrx_word' id='word_1_108' title='bbox 1761 2942 1795 3006; x_wconf 91' lang='lat' dir='ltr'><strong>et</strong></span> <span class='ocrx_word' id='word_1_109' title='bbox 1813 2941 1923 3006; x_wconf 87' lang='lat' dir='ltr'><strong>ulen-</strong></span> 
     </span>
    </p>
   </div>
   <div class='ocr_carea' id='block_1_8' title="bbox 506 3103 1924 3612">
    <p class='ocr_par' dir='ltr' id='par_1_8' title="bbox 550 3103 1382 3187">
     <span class='ocr_line' id='line_1_18' title="bbox 550 3103 1382 3187; baseline 0.01 -25"><span class='ocrx_word' id='word_1_110' title='bbox 550 3103 592 3181; x_wconf 85' lang='lat' dir='ltr'><strong>(o)</strong></span> <span class='ocrx_word' id='word_1_111' title='bbox 615 3106 698 3186; x_wconf 75' lang='lat' dir='ltr'><strong>llepls</strong></span> <span class='ocrx_word' id='word_1_112' title='bbox 710 3105 825 3187; x_wconf 78' lang='lat' dir='ltr'><strong>llopsrii</strong></span> <span class='ocrx_word' id='word_1_113' title='bbox 835 3107 1015 3184; x_wconf 87' lang='lat' dir='ltr'><strong>addltur&#39;ap.</strong></span> <span class='ocrx_word' id='word_1_114' title='bbox 1030 3107 1114 3171; x_wconf 81' lang='lat' dir='ltr'><strong>llice.</strong></span> <span class='ocrx_word' id='word_1_115' title='bbox 1128 3107 1166 3168; x_wconf 88' lang='lat' dir='ltr'><strong>de</strong></span> <span class='ocrx_word' id='word_1_116' title='bbox 1178 3107 1209 3168; x_wconf 86' lang='lat' dir='ltr'><strong>S.</strong></span> <span class='ocrx_word' id='word_1_117' title='bbox 1223 3107 1382 3170; x_wconf 79' lang='lat' dir='ltr'><strong>Germano.</strong></span> 
     </span>
    </p>

    <p class='ocr_par' dir='ltr' id='par_1_9' title="bbox 548 3208 1240 3296">
     <span class='ocr_line' id='line_1_19' title="bbox 548 3208 1240 3296; baseline 0.01 -27"><span class='ocrx_word' id='word_1_118' title='bbox 548 3208 591 3290; x_wconf 86' lang='lat' dir='ltr'><strong>(ll)</strong></span> <span class='ocrx_word' id='word_1_119' title='bbox 612 3211 669 3288; x_wconf 83' lang='lat' dir='ltr'><strong>Ap.</strong></span> <span class='ocrx_word' id='word_1_120' title='bbox 685 3211 768 3274; x_wconf 86' lang='lat' dir='ltr'><strong>Rtoc.</strong></span> <span class='ocrx_word' id='word_1_121' title='bbox 783 3215 821 3274; x_wconf 92' lang='lat' dir='ltr'><strong>de</strong></span> <span class='ocrx_word' id='word_1_122' title='bbox 833 3213 865 3274; x_wconf 89' lang='lat' dir='ltr'><strong>S.</strong></span> <span class='ocrx_word' id='word_1_123' title='bbox 881 3214 1030 3276; x_wconf 82' lang='lat' dir='ltr'><strong>Germano</strong></span> <span class='ocrx_word' id='word_1_124' title='bbox 1042 3212 1240 3296; x_wconf 69' lang='lat' dir='ltr'><strong>srijnnps&#39;mor.</strong></span> 
     </span>
    </p>

    <p class='ocr_par' dir='ltr' id='par_1_10' title="bbox 506 3314 1924 3498">
     <span class='ocr_line' id='line_1_20' title="bbox 548 3314 1924 3401; baseline 0.007 -27"><span class='ocrx_word' id='word_1_125' title='bbox 548 3314 589 3396; x_wconf 83' lang='lat' dir='ltr'><strong>(c)</strong></span> <span class='ocrx_word' id='word_1_126' title='bbox 616 3317 715 3396; x_wconf 84' lang='lat' dir='ltr'><strong>Hujus</strong></span> <span class='ocrx_word' id='word_1_127' title='bbox 728 3327 891 3396; x_wconf 74' lang='lat' dir='ltr'><strong>posuemee</strong></span> <span class='ocrx_word' id='word_1_128' title='bbox 912 3323 1005 3400; x_wconf 85' lang='lat' dir='ltr'><strong>partis</strong></span> <span class='ocrx_word' id='word_1_129' title='bbox 1024 3337 1043 3382; x_wconf 88' lang='lat' dir='ltr'><strong>a</strong></span> <span class='ocrx_word' id='word_1_130' title='bbox 1064 3321 1163 3382; x_wconf 86' lang='lat' dir='ltr'><strong>uerbls</strong></span> <span class='ocrx_word' id='word_1_131' title='bbox 1175 3321 1310 3380; x_wconf 69' lang='lat' dir='ltr'><strong>menti</strong></span> <span class='ocrx_word' id='word_1_132' title='bbox 1322 3322 1428 3400; x_wconf 78' lang='lat' dir='ltr'><strong>stiam,</strong></span> <span class='ocrx_word' id='word_1_133' title='bbox 1439 3335 1561 3400; x_wconf 76' lang='lat' dir='ltr'><strong>graecus</strong></span> <span class='ocrx_word' id='word_1_134' title='bbox 1573 3321 1667 3384; x_wconf 84' lang='lat' dir='ltr'><strong>codex</strong></span> <span class='ocrx_word' id='word_1_135' title='bbox 1681 3319 1809 3401; x_wconf 75' lang='lat' dir='ltr'><strong>glosnn</strong></span> <span class='ocrx_word' id='word_1_136' title='bbox 1823 3324 1924 3400; x_wconf 87' lang='lat' dir='ltr'><strong>potius</strong></span> 
     </span>
     <span class='ocr_line' id='line_1_21' title="bbox 506 3426 917 3498; baseline 0.017 -17"><span class='ocrx_word' id='word_1_137' title='bbox 506 3437 597 3498; x_wconf 87' lang='lat' dir='ltr'><strong>quam</strong></span> <span class='ocrx_word' id='word_1_138' title='bbox 610 3426 776 3486; x_wconf 84' lang='lat' dir='ltr'><strong>versionem</strong></span> <span class='ocrx_word' id='word_1_139' title='bbox 790 3426 917 3488; x_wconf 81' lang='lat' dir='ltr'><strong>exhibet.</strong></span> 
     </span>
    </p>

    <p class='ocr_par' dir='ltr' id='par_1_11' title="bbox 548 3523 1439 3612">
     <span class='ocr_line' id='line_1_22' title="bbox 548 3523 1439 3612; baseline 0.008 -25"><span class='ocrx_word' id='word_1_140' title='bbox 548 3523 591 3605; x_wconf 83' lang='lat' dir='ltr'><strong>(d)</strong></span> <span class='ocrx_word' id='word_1_141' title='bbox 610 3527 646 3588; x_wconf 91' lang='lat' dir='ltr'><strong>ln</strong></span> <span class='ocrx_word' id='word_1_142' title='bbox 659 3529 780 3591; x_wconf 81' lang='lat' dir='ltr'><strong>Asslsils</strong></span> <span class='ocrx_word' id='word_1_143' title='bbox 794 3541 826 3591; x_wconf 85' lang='lat' dir='ltr'><strong>n⁰</strong></span> <span class='ocrx_word' id='word_1_144' title='bbox 840 3531 911 3594; x_wconf 88' lang='lat' dir='ltr'><strong>xlv</strong></span> <span class='ocrx_word' id='word_1_145' title='bbox 924 3537 977 3592; x_wconf 84' lang='lat' dir='ltr'><strong>aut</strong></span> <span class='ocrx_word' id='word_1_146' title='bbox 989 3547 1061 3612; x_wconf 80' lang='lat' dir='ltr'><strong>quar</strong></span> <span class='ocrx_word' id='word_1_147' title='bbox 1073 3531 1133 3609; x_wconf 81' lang='lat' dir='ltr'><strong>ipss</strong></span> <span class='ocrx_word' id='word_1_148' title='bbox 1144 3532 1260 3611; x_wconf 78' lang='lat' dir='ltr'><strong>scripsit</strong></span> <span class='ocrx_word' id='word_1_149' title='bbox 1272 3527 1368 3606; x_wconf 78' lang='lat' dir='ltr'><strong>nollo,</strong></span> <span class='ocrx_word' id='word_1_150' title='bbox 1381 3537 1439 3594; x_wconf 86' lang='lat' dir='ltr'><strong>etc.</strong></span> 
     </span>
    </p>
   </div>
   <div class='ocr_carea' id='block_1_9' title="bbox 505 3633 1922 3819">
    <p class='ocr_par' dir='ltr' id='par_1_12' title="bbox 505 3633 1922 3819">
     <span class='ocr_line' id='line_1_23' title="bbox 546 3633 1922 3715; baseline 0.007 -22"><span class='ocrx_word' id='word_1_151' title='bbox 546 3637 584 3709; x_wconf 82' lang='lat' dir='ltr'><strong>(s)</strong></span> <span class='ocrx_word' id='word_1_152' title='bbox 610 3633 719 3696; x_wconf 85' lang='lat' dir='ltr'><strong>Graece</strong></span> <span class='ocrx_word' id='word_1_153' title='bbox 732 3636 780 3698; x_wconf 88' lang='lat' dir='ltr'><strong>hio</strong></span> <span class='ocrx_word' id='word_1_154' title='bbox 793 3643 823 3700; x_wconf 86' lang='lat' dir='ltr'><strong>ct</strong></span> <span class='ocrx_word' id='word_1_155' title='bbox 835 3637 912 3700; x_wconf 85' lang='lat' dir='ltr'><strong>lnlru</strong></span> <span class='ocrx_word' id='word_1_156' title='bbox 923 3639 966 3700; x_wconf 78' lang='lat' dir='ltr'><strong>Dr</strong></span> <span class='ocrx_word' id='word_1_157' title='bbox 977 3635 1184 3715; x_wconf 65' lang='lat' dir='ltr'><strong>omdsntilrm</strong></span> <span class='ocrx_word' id='word_1_158' title='bbox 1196 3638 1273 3700; x_wconf 84' lang='lat' dir='ltr'><strong>male</strong></span> <span class='ocrx_word' id='word_1_159' title='bbox 1292 3643 1391 3700; x_wconf 73' lang='lat' dir='ltr'><strong>tumor</strong></span> <span class='ocrx_word' id='word_1_160' title='bbox 1410 3637 1533 3700; x_wconf 83' lang='lat' dir='ltr'><strong>verbum</strong></span> <span class='ocrx_word' id='word_1_161' title='bbox 1552 3639 1679 3702; x_wconf 88' lang='lat' dir='ltr'><strong>lalluum</strong></span> <span class='ocrx_word' id='word_1_162' title='bbox 1698 3641 1857 3702; x_wconf 79' lang='lat' dir='ltr'><strong>translator</strong></span> <span class='ocrx_word' id='word_1_163' title='bbox 1878 3641 1922 3702; x_wconf 86' lang='lat' dir='ltr'><strong>le·</strong></span> 
     </span>
     <span class='ocr_line' id='line_1_24' title="bbox 505 3741 725 3819; baseline 0 -18"><span class='ocrx_word' id='word_1_164' title='bbox 505 3741 584 3819; x_wconf 83' lang='lat' dir='ltr'><strong>glsse</strong></span> <span class='ocrx_word' id='word_1_165' title='bbox 597 3741 725 3802; x_wconf 85' lang='lat' dir='ltr'><strong>vtdstur.</strong></span> 
     </span>
    </p>
   </div>
   <div class='ocr_carea' id='block_1_10' title="bbox 508 3946 1922 4422">
    <p class='ocr_par' dir='ltr' id='par_1_13' title="bbox 508 3946 1922 4422">
     <span class='ocr_line' id='line_1_25' title="bbox 508 3946 1921 4030; baseline 0.007 -28"><span class='ocrx_word' id='word_1_166' title='bbox 508 3967 522 4000; x_wconf 78' lang='lat' dir='ltr'><strong>s</strong></span> <span class='ocrx_word' id='word_1_167' title='bbox 538 3946 599 4004; x_wconf 88' lang='lat' dir='ltr'><strong>lidei</strong></span> <span class='ocrx_word' id='word_1_168' title='bbox 610 3963 659 4006; x_wconf 88' lang='lat' dir='ltr'><strong>sue</strong></span> <span class='ocrx_word' id='word_1_169' title='bbox 671 3949 796 4008; x_wconf 90' lang='lat' dir='ltr'><strong>meritum</strong></span> <span class='ocrx_word' id='word_1_170' title='bbox 809 3957 837 4009; x_wconf 83' lang='lat' dir='ltr'><strong>el</strong></span> <span class='ocrx_word' id='word_1_171' title='bbox 849 3966 959 4009; x_wconf 91' lang='lat' dir='ltr'><strong>suorum</strong></span> <span class='ocrx_word' id='word_1_172' title='bbox 972 3967 1021 4026; x_wconf 91' lang='lat' dir='ltr'><strong>per</strong></span> <span class='ocrx_word' id='word_1_173' title='bbox 1034 3952 1179 4026; x_wconf 86' lang='lat' dir='ltr'><strong>imperialis</strong></span> <span class='ocrx_word' id='word_1_174' title='bbox 1191 3955 1277 4028; x_wconf 78' lang='lat' dir='ltr'><strong>gretie</strong></span> <span class='ocrx_word' id='word_1_175' title='bbox 1290 3956 1423 4028; x_wconf 86' lang='lat' dir='ltr'><strong>premium</strong></span> <span class='ocrx_word' id='word_1_176' title='bbox 1435 3955 1611 4030; x_wconf 86' lang='lat' dir='ltr'><strong>imperialiter</strong></span> <span class='ocrx_word' id='word_1_177' title='bbox 1621 3971 1841 4030; x_wconf 86' lang='lat' dir='ltr'><strong>compensemus,</strong></span> <span class='ocrx_word' id='word_1_178' title='bbox 1855 3971 1921 4030; x_wconf 90' lang='lat' dir='ltr'><strong>sup·</strong></span> 
     </span>
     <span class='ocr_line' id='line_1_26' title="bbox 508 4043 1922 4128; baseline 0.011 -32"><span class='ocrx_word' id='word_1_179' title='bbox 508 4064 521 4096; x_wconf 78' lang='lat' dir='ltr'><strong>s</strong></span> <span class='ocrx_word' id='word_1_180' title='bbox 537 4043 820 4122; x_wconf 81' lang='lat' dir='ltr'><strong>plicationibtuipsius</strong></span> <span class='ocrx_word' id='word_1_181' title='bbox 828 4048 970 4124; x_wconf 80' lang='lat' dir='ltr'><strong>benignius</strong></span> <span class='ocrx_word' id='word_1_182' title='bbox 981 4050 1395 4125; x_wconf 86' lang='lat' dir='ltr'><strong>inclinati,depolestetisnostre</strong></span> <span class='ocrx_word' id='word_1_183' title='bbox 1406 4053 1816 4128; x_wconf 85' lang='lat' dir='ltr'><strong>plenitudine‚sibiooncedimus</strong></span> <span class='ocrx_word' id='word_1_184' title='bbox 1825 4060 1922 4128; x_wconf 83' lang='lat' dir='ltr'><strong>potee-</strong></span> 
     </span>
     <span class='ocr_line' id='line_1_27' title="bbox 508 4143 1922 4226; baseline 0.009 -31"><span class='ocrx_word' id='word_1_185' title='bbox 508 4161 521 4192; x_wconf 71' lang='grc' dir='ltr'><strong>υ</strong></span> <span class='ocrx_word' id='word_1_186' title='bbox 538 4147 622 4198; x_wconf 84' lang='lat' dir='ltr'><strong>tatem</strong></span> <span class='ocrx_word' id='word_1_187' title='bbox 633 4143 716 4216; x_wconf 88' lang='lat' dir='ltr'><strong>quod,</strong></span> <span class='ocrx_word' id='word_1_188' title='bbox 726 4161 880 4220; x_wconf 88' lang='lat' dir='ltr'><strong>quanquam</strong></span> <span class='ocrx_word' id='word_1_189' title='bbox 892 4155 970 4221; x_wconf 86' lang='lat' dir='ltr'><strong>pater</strong></span> <span class='ocrx_word' id='word_1_190' title='bbox 982 4163 1049 4207; x_wconf 89' lang='lat' dir='ltr'><strong>suus</strong></span> <span class='ocrx_word' id='word_1_191' title='bbox 1056 4149 1134 4207; x_wconf 84' lang='lat' dir='ltr'><strong>milae</strong></span> <span class='ocrx_word' id='word_1_192' title='bbox 1144 4165 1199 4207; x_wconf 92' lang='lat' dir='ltr'><strong>non</strong></span> <span class='ocrx_word' id='word_1_193' title='bbox 1211 4149 1292 4207; x_wconf 87' lang='lat' dir='ltr'><strong>luerit</strong></span> <span class='ocrx_word' id='word_1_194' title='bbox 1301 4157 1329 4207; x_wconf 88' lang='lat' dir='ltr'><strong>st</strong></span> <span class='ocrx_word' id='word_1_195' title='bbox 1341 4154 1441 4208; x_wconf 79' lang='lat' dir='ltr'><strong>nostris</strong></span> <span class='ocrx_word' id='word_1_196' title='bbox 1452 4151 1689 4209; x_wconf 58' lang='lat' dir='ltr'><strong>constitutionibus</strong></span> <span class='ocrx_word' id='word_1_197' title='bbox 1701 4157 1840 4218; x_wconf 76' lang='lat' dir='ltr'><strong>moretur,</strong></span> <span class='ocrx_word' id='word_1_198' title='bbox 1851 4151 1922 4226; x_wconf 77' lang='lat' dir='ltr'><strong>quod</strong></span> 
     </span>
     <span class='ocr_line' id='line_1_28' title="bbox 508 4239 1920 4324; baseline 0.011 -34"><span class='ocrx_word' id='word_1_199' title='bbox 508 4257 522 4290; x_wconf 79' lang='lat' dir='ltr'><strong>n</strong></span> <span class='ocrx_word' id='word_1_200' title='bbox 536 4239 639 4296; x_wconf 82' lang='lat' dir='ltr'><strong>militas</strong></span> <span class='ocrx_word' id='word_1_201' title='bbox 652 4241 714 4313; x_wconf 72' lang='lat' dir='ltr'><strong>fieri</strong></span> <span class='ocrx_word' id='word_1_202' title='bbox 727 4251 874 4316; x_wconf 79' lang='lat' dir='ltr'><strong>nequeant,</strong></span> <span class='ocrx_word' id='word_1_203' title='bbox 889 4247 938 4318; x_wconf 75' lang='lat' dir='ltr'><strong>pul</strong></span> <span class='ocrx_word' id='word_1_204' title='bbox 956 4245 988 4302; x_wconf 84' lang='lat' dir='ltr'><strong>ds</strong></span> <span class='ocrx_word' id='word_1_205' title='bbox 1001 4263 1099 4318; x_wconf 80' lang='lat' dir='ltr'><strong>pensrs</strong></span> <span class='ocrx_word' id='word_1_206' title='bbox 1111 4246 1212 4304; x_wconf 81' lang='lat' dir='ltr'><strong>militis</strong></span> <span class='ocrx_word' id='word_1_207' title='bbox 1226 4264 1282 4304; x_wconf 88' lang='lat' dir='ltr'><strong>non</strong></span> <span class='ocrx_word' id='word_1_208' title='bbox 1294 4256 1458 4318; x_wconf 81' lang='lat' dir='ltr'><strong>nnsesnlnr;</strong></span> <span class='ocrx_word' id='word_1_209' title='bbox 1472 4249 1530 4324; x_wconf 89' lang='lat' dir='ltr'><strong>ipse</strong></span> <span class='ocrx_word' id='word_1_210' title='bbox 1549 4256 1639 4307; x_wconf 89' lang='lat' dir='ltr'><strong>tamen</strong></span> <span class='ocrx_word' id='word_1_211' title='bbox 1652 4249 1687 4307; x_wconf 90' lang='lat' dir='ltr'><strong>de</strong></span> <span class='ocrx_word' id='word_1_212' title='bbox 1700 4247 1824 4306; x_wconf 88' lang='lat' dir='ltr'><strong>culminis</strong></span> <span class='ocrx_word' id='word_1_213' title='bbox 1835 4249 1920 4306; x_wconf 88' lang='lat' dir='ltr'><strong>nostri</strong></span> 
     </span>
     <span class='ocr_line' id='line_1_29' title="bbox 508 4334 1920 4422; baseline 0.01 -34"><span class='ocrx_word' id='word_1_214' title='bbox 508 4334 643 4394; x_wconf 69' lang='lat' dir='ltr'><strong>uticentia</strong></span> <span class='ocrx_word' id='word_1_215' title='bbox 658 4337 780 4396; x_wconf 86' lang='lat' dir='ltr'><strong>decorari</strong></span> <span class='ocrx_word' id='word_1_216' title='bbox 795 4344 881 4400; x_wconf 82' lang='lat' dir='ltr'><strong>valeat</strong></span> <span class='ocrx_word' id='word_1_217' title='bbox 897 4344 1003 4416; x_wconf 83' lang='lat' dir='ltr'><strong>cingulo</strong></span> <span class='ocrx_word' id='word_1_218' title='bbox 1014 4346 1132 4402; x_wconf 89' lang='lat' dir='ltr'><strong>militari.</strong></span> <span class='ocrx_word' id='word_1_219' title='bbox 1152 4347 1311 4405; x_wconf 86' lang='lat' dir='ltr'><strong>llandamus</strong></span> <span class='ocrx_word' id='word_1_220' title='bbox 1328 4355 1419 4406; x_wconf 87' lang='lat' dir='ltr'><strong>autem</strong></span> <span class='ocrx_word' id='word_1_221' title='bbox 1436 4355 1571 4422; x_wconf 86' lang='lat' dir='ltr'><strong>quatenus</strong></span> <span class='ocrx_word' id='word_1_222' title='bbox 1588 4347 1678 4406; x_wconf 90' lang='lat' dir='ltr'><strong>nullos</strong></span> <span class='ocrx_word' id='word_1_223' title='bbox 1697 4347 1747 4418; x_wconf 84' lang='lat' dir='ltr'><strong>sil,</strong></span> <span class='ocrx_word' id='word_1_224' title='bbox 1761 4346 1807 4420; x_wconf 82' lang='lat' dir='ltr'><strong>qui</strong></span> <span class='ocrx_word' id='word_1_225' title='bbox 1829 4345 1920 4420; x_wconf 88' lang='lat' dir='ltr'><strong>ipsum</strong></span> 
     </span>
    </p>
   </div>
   <div class='ocr_carea' id='block_1_11' title="bbox 508 4435 1919 4614">
    <p class='ocr_par' dir='ltr' id='par_1_14' title="bbox 508 4435 1919 4614">
     <span class='ocr_line' id='line_1_30' title="bbox 508 4435 1554 4518; baseline 0.007 -26"><span class='ocrx_word' id='word_1_226' title='bbox 508 4453 521 4486; x_wconf 74' lang='lat' dir='ltr'><strong>r</strong></span> <span class='ocrx_word' id='word_1_227' title='bbox 537 4450 621 4507; x_wconf 86' lang='lat' dir='ltr'><strong>super</strong></span> <span class='ocrx_word' id='word_1_228' title='bbox 631 4435 683 4494; x_wconf 89' lang='lat' dir='ltr'><strong>hoo</strong></span> <span class='ocrx_word' id='word_1_229' title='bbox 692 4437 727 4496; x_wconf 90' lang='lat' dir='ltr'><strong>de</strong></span> <span class='ocrx_word' id='word_1_230' title='bbox 738 4445 828 4497; x_wconf 85' lang='lat' dir='ltr'><strong>cetero</strong></span> <span class='ocrx_word' id='word_1_231' title='bbox 840 4440 982 4500; x_wconf 85' lang='lat' dir='ltr'><strong>molestare</strong></span> <span class='ocrx_word' id='word_1_232' title='bbox 993 4443 1036 4500; x_wconf 86' lang='lat' dir='ltr'><strong>vel</strong></span> <span class='ocrx_word' id='word_1_233' title='bbox 1047 4442 1176 4516; x_wconf 88' lang='lat' dir='ltr'><strong>impedire</strong></span> <span class='ocrx_word' id='word_1_234' title='bbox 1187 4453 1335 4518; x_wconf 80' lang='lat' dir='ltr'><strong>presumat.</strong></span> <span class='ocrx_word' id='word_1_235' title='bbox 1345 4447 1457 4516; x_wconf 86' lang='lat' dir='ltr'><strong>Datum,</strong></span> <span class='ocrx_word' id='word_1_236' title='bbox 1472 4453 1525 4503; x_wconf 86' lang='lat' dir='ltr'><strong>elo.</strong></span> <span class='ocrx_word' id='word_1_237' title='bbox 1540 4465 1554 4499; x_wconf 83' lang='lat' dir='ltr'><strong>s</strong></span> 
     </span>
     <span class='ocr_line' id='line_1_31' title="bbox 543 4530 1919 4614; baseline 0.005 -27"><span class='ocrx_word' id='word_1_238' title='bbox 543 4530 580 4603; x_wconf 83' lang='lat' dir='ltr'><strong>(ll</strong></span> <span class='ocrx_word' id='word_1_239' title='bbox 598 4531 675 4588; x_wconf 85' lang='lat' dir='ltr'><strong>Hunc</strong></span> <span class='ocrx_word' id='word_1_240' title='bbox 689 4532 796 4590; x_wconf 89' lang='lat' dir='ltr'><strong>tilulum</strong></span> <span class='ocrx_word' id='word_1_241' title='bbox 812 4543 840 4592; x_wconf 84' lang='lat' dir='ltr'><strong>et</strong></span> <span class='ocrx_word' id='word_1_242' title='bbox 853 4545 998 4609; x_wconf 83' lang='lat' dir='ltr'><strong>sequentes</strong></span> <span class='ocrx_word' id='word_1_243' title='bbox 1010 4553 1096 4612; x_wconf 88' lang='lat' dir='ltr'><strong>usque</strong></span> <span class='ocrx_word' id='word_1_244' title='bbox 1109 4538 1143 4594; x_wconf 89' lang='lat' dir='ltr'><strong>ad</strong></span> <span class='ocrx_word' id='word_1_245' title='bbox 1156 4555 1298 4596; x_wconf 90' lang='lat' dir='ltr'><strong>numerum</strong></span> <span class='ocrx_word' id='word_1_246' title='bbox 1311 4541 1397 4598; x_wconf 80' lang='lat' dir='ltr'><strong>Llllx</strong></span> <span class='ocrx_word' id='word_1_247' title='bbox 1416 4540 1472 4613; x_wconf 84' lang='lat' dir='ltr'><strong>regi</strong></span> <span class='ocrx_word' id='word_1_248' title='bbox 1487 4539 1602 4614; x_wconf 81' lang='lat' dir='ltr'><strong>llogerio</strong></span> <span class='ocrx_word' id='word_1_249' title='bbox 1614 4537 1802 4610; x_wconf 72' lang='lat' dir='ltr'><strong>edocebimus,</strong></span> <span class='ocrx_word' id='word_1_250' title='bbox 1813 4543 1871 4595; x_wconf 89' lang='lat' dir='ltr'><strong>tum</strong></span> <span class='ocrx_word' id='word_1_251' title='bbox 1883 4553 1919 4595; x_wconf 87' lang='lat' dir='ltr'><strong>ex</strong></span> 
     </span>
    </p>
   </div>
   <div class='ocr_carea' id='block_1_12' title="bbox 504 4626 1919 4808">
    <p class='ocr_par' dir='ltr' id='par_1_15' title="bbox 504 4626 1919 4808">
     <span class='ocr_line' id='line_1_32' title="bbox 504 4626 1919 4714; baseline 0.008 -32"><span class='ocrx_word' id='word_1_252' title='bbox 504 4626 566 4684; x_wconf 87' lang='lat' dir='ltr'><strong>cod.</strong></span> <span class='ocrx_word' id='word_1_253' title='bbox 576 4629 655 4700; x_wconf 72' lang='lat' dir='ltr'><strong>ltili,</strong></span> <span class='ocrx_word' id='word_1_254' title='bbox 669 4635 725 4688; x_wconf 90' lang='lat' dir='ltr'><strong>tum</strong></span> <span class='ocrx_word' id='word_1_255' title='bbox 737 4631 801 4706; x_wconf 87' lang='lat' dir='ltr'><strong>quia</strong></span> <span class='ocrx_word' id='word_1_256' title='bbox 812 4632 882 4690; x_wconf 91' lang='lat' dir='ltr'><strong>inter</strong></span> <span class='ocrx_word' id='word_1_257' title='bbox 894 4634 1011 4694; x_wconf 75' lang='lat' dir='ltr'><strong>Assisias</strong></span> <span class='ocrx_word' id='word_1_258' title='bbox 1022 4637 1097 4709; x_wconf 75' lang='lat' dir='ltr'><strong>regni</strong></span> <span class='ocrx_word' id='word_1_259' title='bbox 1111 4637 1369 4712; x_wconf 86' lang='lat' dir='ltr'><strong>inveniuntur,quae</strong></span> <span class='ocrx_word' id='word_1_260' title='bbox 1380 4639 1414 4696; x_wconf 87' lang='lat' dir='ltr'><strong>ad</strong></span> <span class='ocrx_word' id='word_1_261' title='bbox 1425 4645 1531 4714; x_wconf 85' lang='lat' dir='ltr'><strong>tempus</strong></span> <span class='ocrx_word' id='word_1_262' title='bbox 1541 4641 1759 4698; x_wconf 87' lang='lat' dir='ltr'><strong>Norrnaunorum</strong></span> <span class='ocrx_word' id='word_1_263' title='bbox 1770 4635 1919 4694; x_wconf 84' lang='lat' dir='ltr'><strong>certissime</strong></span> 
     </span>
     <span class='ocr_line' id='line_1_33' title="bbox 505 4725 1551 4808; baseline 0.011 -29"><span class='ocrx_word' id='word_1_264' title='bbox 505 4725 648 4796; x_wconf 88' lang='lat' dir='ltr'><strong>pertinent.</strong></span> <span class='ocrx_word' id='word_1_265' title='bbox 663 4729 716 4786; x_wconf 88' lang='lat' dir='ltr'><strong>llas</strong></span> <span class='ocrx_word' id='word_1_266' title='bbox 730 4729 814 4788; x_wconf 86' lang='lat' dir='ltr'><strong>edidit</strong></span> <span class='ocrx_word' id='word_1_267' title='bbox 824 4730 970 4804; x_wconf 79' lang='lat' dir='ltr'><strong>Cumanus,</strong></span> <span class='ocrx_word' id='word_1_268' title='bbox 985 4749 1014 4808; x_wconf 92' lang='lat' dir='ltr'><strong>p.</strong></span> <span class='ocrx_word' id='word_1_269' title='bbox 1024 4735 1153 4804; x_wconf 72' lang='lat' dir='ltr'><strong>sat-2³2,</strong></span> <span class='ocrx_word' id='word_1_270' title='bbox 1168 4751 1201 4791; x_wconf 84' lang='lat' dir='ltr'><strong>ex</strong></span> <span class='ocrx_word' id='word_1_271' title='bbox 1214 4735 1306 4794; x_wconf 85' lang='lat' dir='ltr'><strong>codice</strong></span> <span class='ocrx_word' id='word_1_272' title='bbox 1320 4735 1432 4795; x_wconf 71' lang='lat' dir='ltr'><strong>Curcum</strong></span> <span class='ocrx_word' id='word_1_273' title='bbox 1446 4747 1478 4794; x_wconf 82' lang='lat' dir='ltr'><strong>n⁰</strong></span> <span class='ocrx_word' id='word_1_274' title='bbox 1490 4741 1551 4795; x_wconf 83' lang='lat' dir='ltr'><strong>l68.</strong></span> 
     </span>
    </p>
   </div>
   <div class='ocr_carea' id='block_1_13' title="bbox 0 0 2158 5910">
    <p class='ocr_par' dir='ltr' id='par_1_16' title="bbox 0 0 2158 5910">
     <span class='ocr_line' id='line_1_34' title="bbox 0 0 2158 5910; baseline 0 4"><span class='ocrx_word' id='word_1_275' title='bbox 0 0 2158 5910; x_wconf 95' lang='lat' dir='ltr'><strong> </strong></span> 
     </span>
    </p>
   </div>
  </div>
 </body>
</html>
