4360 5908
223 594 323 657 lenter.
338 593 383 672 5.]
672 593 871 658 lllSTOlllA
894 593 1186 658 protestantes.
1577 589 1641 655 275⁴

224 740 411 826 presumat.
430 729 531 817 Quod
555 731 618 826 qui
642 734 889 833 presumpserit
910 733 1185 832 indignationem
1208 731 1369 806 culminis
1389 731 1552 804 nostrisa
1572 753 1635 806 no·

222 855 314 927 verit
331 855 551 928 incursurum
579 865 614 928 et
632 878 757 952 penam
779 859 919 957 insuper
931 859 997 931 XX
1014 875 1207 931 marcarum
1224 855 1371 950 argenti,
1390 877 1540 950 quarum
1558 877 1637 931 me-

224 975 335 1052 dietas
357 1001 493 1054 camare
514 989 632 1054 nostre
657 991 694 1054 et
715 981 882 1057 medietas
904 983 1012 1057 altera
1033 982 1101 1077 ipsi
1127 979 1335 1054 monasterio
1355 979 1554 1076 applicetur.
1579 979 1635 1056 tu

223 1101 329 1196 lrujae
343 1113 459 1178 eutem
475 1105 526 1180 rei
543 1105 744 1180 memoriam
756 1115 792 1180 et
810 1117 1012 1203 perpetuam
1029 1105 1243 1193 firmitatem,
1260 1125 1401 1202 presens
1415 1105 1635 1202 privilegium

222 1225 298 1302 lieri
312 1229 481 1322 jussimus
496 1229 712 1304 celsitudinis
728 1240 843 1304 nostre
857 1232 969 1326 sigillo
987 1229 1171 1304 munitum.

271 1353 383 1448 llujus
404 1362 521 1428 autem
537 1353 590 1428 rei
607 1359 712 1428 testes
729 1363 813 1426 sunt
832 1379 841 1425 ε
860 1356 901 1426 Β.
922 1353 1115 1451 patriarcha
1131 1353 1402 1450 Aquilegiensis,
1421 1353 1463 1426 Α.
1486 1354 1636 1450 Magda-

224 1477 424 1572 burgensis,
445 1479 484 1550 B.
504 1476 783 1574 archiepiscopus
802 1480 1080 1570 Panormitam,
1107 1533 1116 1552 .
1138 1533 1176 1552 ..
1201 1479 1483 1576 archiepiscopus
1498 1481 1637 1555 Raven-

224 1622 305 1693 nae,
327 1656 337 1674 .
356 1656 365 1674 .
384 1657 394 1675 .
415 1603 597 1699 episeopus
622 1598 936 1700 Pabimbergens'is,
958 1659 968 1677 .
987 1657 996 1676 .
1016 1657 1026 1676 .
1047 1605 1230 1702 episcopus
1252 1605 1535 1698 wormaciensis,
1564 1659 1573 1678 .
1594 1659 1632 1680 ..

223 1727 406 1822 episcopus
423 1728 655 1818 Brixiuensis,
684 1781 749 1802 ...
770 1730 953 1826 episcopos
976 1729 1277 1824 Ossmburgensis,
1302 1731 1343 1802 N.
1369 1729 1553 1827 episcopus
1569 1733 1638 1808 lle·

224 1851 400 1944 ginensis,
434 1903 503 1925 ...
528 1853 712 1950 epiecopus
736 1853 983 1944 laminensis,
1112 1854 1296 1950 episcopus
1322 1855 1533 1944 Ymolensis,
1567 1909 1635 1928 ...

224 1975 409 2072 episeopus
429 1977 698 2062 lausannensis,
721 2031 785 2052 ...
809 1979 994 2075 episcopus
1013 1978 1270 2071 Fesulanensis,
1299 2032 1308 2050 .
1329 2032 1338 2051 .
1360 2033 1369 2050 .
1393 1979 1502 2052 abbas
1523 1981 1642 2054 Mona·

225 2100 415 2192 aleriensis,
428 2099 473 2174 Α.
490 2102 566 2177 dux
580 2102 745 2195 Saxonis,
760 2101 801 2174 G.
821 2101 867 2176 de
880 2104 1071 2176 Humssten
1087 2102 1175 2176 sacri
1188 2103 1324 2200 imperii
1336 2104 1371 2176 in
1383 2104 1479 2177 ltalia
1492 2105 1638 2200 legatus,

228 2280 236 2296 .
257 2279 267 2296 .
288 2277 299 2298 .
322 2247 439 2299 comes
466 2225 511 2300 de
537 2225 781 2320 Schouburch,
816 2281 825 2298 .
846 2281 855 2299 .
877 2281 885 2298 .
916 2247 1032 2302 comes
1057 2226 1102 2302 de
1129 2227 1323 2319 Alrement,
1355 2280 1365 2299 .
1384 2283 1394 2300 .
1415 2281 1424 2299 .
1455 2249 1571 2300 comes
1596 2228 1644 2301 de

223 2349 500 2443 Waldenberch,
524 2403 589 2424 ...
610 2373 726 2426 comes
745 2351 791 2426 de
808 2353 998 2448 lllulegeult
1018 2351 1113 2451 (ric),
1136 2407 1145 2425 .
1167 2407 1176 2426 .
1197 2407 1205 2424 .
1227 2353 1436 2450 burgravius
1455 2353 1500 2427 de
1517 2355 1638 2444 Witin,

225 2473 266 2546 G.
295 2473 341 2548 de
363 2474 570 2569 Hoemloch,
595 2473 636 2549 G.
658 2474 710 2573 (a)
729 2477 966 2569 senescalcus,
990 2477 1028 2550 G.
1055 2478 1218 2574 pincerna
1242 2477 1288 2550 de
1310 2478 1581 2574 Clingenburuh,
1607 2488 1643 2554 et

227 2601 286 2672 alii
304 2601 541 2696 quamplures.

274 2725 420 2818 Signum
439 2723 574 2798 domini
598 2723 764 2799 Friderici
782 2725 928 2800 meandi
949 2725 1013 2800 Dei
1038 2725 1147 2820 gratia
1171 2726 1387 2800 invictissimi
1411 2727 1646 2800 Romanorum

226 2848 443 2946 imperatoris
459 2869 597 2944 semper
613 2849 767 2944 augusti,
781 2851 969 2925 Ierusalem
985 2860 1020 2925 et
1036 2851 1153 2924 Sicilie
1169 2849 1274 2945 regis.

273 2971 361 3046 Aeta
375 2981 458 3046 sunt
480 2972 548 3047 hee
565 2993 657 3047 anuo
673 2973 848 3048 dominice
865 2975 1109 3050 incarnationis
1129 2973 1344 3064 lllGGXXXl,
1365 2995 1483 3049 mense
1502 2973 1641 3048 decem·

226 3098 313 3190 bris,
329 3099 451 3193 quinte
465 3097 682 3192 indictionis,
698 3099 890 3196 imperante
906 3099 1047 3175 domino
1062 3109 1178 3174 nostro
1196 3097 1371 3173 Friderieo
1389 3101 1432 3189 ll,
1449 3099 1513 3173 Dei
1529 3101 1640 3194 gratia

226 3224 455 3298 invictissimo
467 3224 699 3298 Romanorum
717 3225 923 3322 imperatore
937 3247 1073 3321 semper
1087 3233 1252 3316 augusto,
1270 3225 1457 3298 ierusalem
1473 3235 1508 3298 et
1524 3223 1641 3299 Sicilia

225 3369 322 3444 rege,
340 3369 432 3422 anno
449 3348 585 3444 imperii
601 3350 679 3442 ejus
692 3351 773 3442 Xll,
792 3351 891 3446 regni
908 3349 1094 3423 Jerusalem
1110 3351 1171 3424 Vll
1184 3360 1220 3424 et
1235 3349 1352 3424 Sicilie
1368 3351 1538 3444 XXXllll,
1559 3351 1639 3424 teti-

224 3473 322 3547 oiter.
340 3473 465 3547 Amen.

274 3597 400 3670 Datum
417 3597 453 3670 in
471 3597 612 3672 civitate
629 3599 806 3689 Ravenne,
826 3621 930 3693 anno,
951 3621 1070 3675 mense
1084 3609 1119 3674 et
1133 3598 1324 3674 indictione
1337 3597 1548 3696 prescriptis.

439 3903 765 3917 nso-“mm
775 3909 783 3916 ι
790 3907 825 3917 ιιι
832 3907 1006 3919 ...ι-...ιι--.ιι
1012 3905 1412 3919 nub-affl

243 4137 246 4142 ’
278 4141 511 4250 Friderious,
526 4141 786 4228 Romanorum
799 4169 888 4254 rex,
904 4145 1079 4230 abbatem
1098 4157 1135 4230 et
1152 4145 1286 4229 fratres
1304 4147 1482 4254 eeclesiae
1501 4149 1638 4238 Cister-
1688 4149 1821 4259 litim?

1694 4257 1812 4303 decembri.

225 4275 362 4359 aiensis
388 4275 534 4360 ordinis
551 4305 650 4388 quae
681 4279 820 4364 dieitur
845 4281 950 4366 Buch
979 4309 1092 4393 supra
1119 4282 1287 4366 Muldam
1314 4285 1355 4366 in
1380 4313 1453 4387 sua
1478 4300 1636 4400 protec-

225 4409 328 4492 tione
349 4409 529 4520 suscipit,
549 4412 768 4524 eisdemque
795 4415 896 4500 bona
922 4415 972 4498 ab
998 4416 1158 4500 Henrioo
1184 4416 1232 4500 de
1259 4418 1414 4504 Ghorun
1441 4425 1636 4534 quondam

226 4541 355 4626 obluta
373 4543 587 4629 confirmat.

269 4730 311 4812 (a)
332 4731 448 4795 setlloet
462 4733 654 4814 mattea,
666 4740 824 4819 quisupra.
