4360 5908
235 567 329 630 burn.
347 565 391 644 5.]
684 558 881 624 HISTORIA
907 557 1199 622 Dtrtonsrtca
1583 555 1645 620 28³

233 703 300 778 loci
319 702 523 798 episcopum
544 698 791 772 contumaciter
814 695 1000 791 erigendo,
1025 697 1127 788 cujus
1147 715 1212 770 vos
1232 691 1404 770 mandatis
1424 701 1514 766 stare
1534 713 1643 790 opor-

244 1483 267 1578 t„
286 1538 519 1648 Fridericus‚
538 1541 799 1626 Romanorum
817 1543 1038 1654 imperator,
1058 1541 1266 1649 Astuldnrn
1280 1483 1462 1626 ¹lobannis
1479 1540 1647 1625 Bernnr-
1695 1555 1824 1654 {gggpp

234 1672 315 1757 dini
331 1675 382 1760 de
401 1675 534 1760 Castro
550 1675 656 1762 Novo
672 1676 868 1788 publicum
888 1675 1132 1786 tabellionem
1149 1674 1297 1786 imperii
1315 1673 1522 1764 coustituit.

316 1904 410 1984 (Edit.
426 1906 672 1984 lueplst.1·'rauc.
686 1907 836 1981 Romuli,
850 1923 899 1986 ap.
911 1904 1026 1970 Anae.
1042 1912 1114 1969 ator.
1126 1903 1264 1980 italiam,
1276 1905 1403 1984 append.
1414 1915 1449 1966 u·
1466 1915 1500 1967 ts
1512 1949 1520 1978 ‚
1532 1921 1562 1984 p.
1575 1913 1645 1979 ⁴65,

354 2029 392 2074 ex
405 2013 504 2092 reglst.
520 2017 612 2075 rcter.
627 2015 774 2076 cunano
796 2013 962 2076 Cresceutlo
977 2015 1009 2074 ln
1031 2023 1068 2076 ²5
1088 2013 1262 2094 septembris
1279 2023 1355 2075 tate
1368 2014 1478 2090 scripto
1490 2019 1521 2074 et
1532 2028 1581 2090 ap.
1597 2028 1647 2072 ar·

355 2119 434 2182 chlr.
450 2136 560 2182 comm.
575 2119 692 2182 Cortum
708 2127 870 2194 asservato,
885 2121 937 2184 lol.
954 2129 991 2182 aa
1001 2120 1112 2200 verso.)

284 2320 476 2394 Fridericus
498 2323 559 2396 Dei
583 2323 693 2417 gratia
715 2323 945 2396 Romanorum
968 2323 1154 2420 imperator
1176 2342 1312 2418 semper
1332 2331 1518 2416 augustus,
1544 2322 1648 2393 lern-

233 2447 342 2520 salem
359 2456 394 2520 et
411 2447 528 2520 Sicilie
549 2470 626 2522 rex.
646 2449 711 2522 Per
728 2471 869 2544 presens
886 2449 1053 2547 scriptum
1074 2457 1195 2522 notum
1219 2448 1366 2520 lecimus
1383 2447 1554 2520 universis
1579 2445 1648 2516 im-

234 2571 321 2666 perii
343 2570 506 2646 fidelibus
529 2581 599 2646 tam
629 2575 849 2670 presentibus
873 2596 979 2671 quam
1007 2576 1131 2648 tuturis
1152 2571 1248 2671 quod
1274 2594 1337 2646 uos
1365 2569 1579 2645 confidentes
1604 2569 1649 2644 de

232 2695 420 2792 prudentia
436 2708 472 2771 et
488 2697 660 2794 legalitate
673 2697 810 2772 Astuldi
828 2699 993 2773 lobannis
1005 2699 1206 2774 Beruardini
1220 2697 1265 2771 de
1274 2697 1391 2770 Castro
1402 2697 1516 2789 Novo,
1537 2695 1649 2769 fidelis

234 2823 358 2911 nostri,
381 2833 517 2920 recepto
535 2825 581 2897 ab
597 2845 640 2898 eo
653 2824 756 2918 juxta
772 2823 1059 2898 consuetudinem
1075 2823 1249 2899 fidelitatis
1262 2833 1297 2896 et
1314 2820 1418 2897 officii
1435 2823 1645 2914 jnrameuto‚

233 2947 475 3022 constituimus
491 2971 571 3024 eum
592 2949 773 3049 publicum
796 2949 1014 3024 tabellionem
1034 2950 1168 3046 imperii
1186 2957 1222 3021 ut
1242 2945 1369 3021 amodo
1391 2945 1519 3042 ptiblioi
1536 2946 1649 3020 tabel-

233 3073 384 3148 lionatus
401 3075 552 3149 officium
576 3075 708 3173 ubique
734 3098 797 3173 per
823 3077 1007 3172 imperium
1029 3076 1075 3151 ad
1099 3075 1263 3149 honorem
1289 3082 1324 3148 et
1342 3071 1541 3146 fidelitatem
1561 3095 1649 3146 uos-

232 3208 321 3271 tram
342 3199 467 3273 debeat
488 3198 636 3274 fideliter
658 3219 833 3276 exercere.
858 3203 1027 3289 Quocirca
1050 3199 1268 3275 universitati
1289 3209 1404 3274 vestre
1428 3197 1650 3297 precipiendo

233 3320 440 3396 mandamus
463 3333 636 3420 quatenus
659 3327 814 3424 predicto
838 3319 985 3401 Astnldo
1011 3329 1048 3400 in
1074 3327 1143 3400 biis
1166 3343 1238 3422 qne
1260 3323 1306 3400 ad
1332 3323 1488 3420 ejusdem
1518 3323 1648 3421 publici

233 3446 474 3522 tabellionatus
496 3449 649 3523 officium
667 3461 823 3546 spectare
843 3463 1051 3546 noscuntur,
1071 3451 1257 3527 intendatis
1274 3450 1321 3526 de
1333 3460 1463 3540 cetero,
1484 3460 1647 3546 tauquam
1677 3543 1679 3548 Ι

232 3571 373 3667 publico
395 3574 570 3648 tabellioni
595 3597 617 3650 a
637 3579 814 3672 majestate
835 3587 952 3652 nostra
978 3587 1105 3652 statuto
1129 3577 1176 3652 ad
1200 3579 1366 3652 bonorem
1388 3584 1422 3650 et
1446 3574 1645 3650 fidelitatem

234 3705 400 3788 nostram,
423 3707 458 3771 et
475 3700 592 3772 nullus
609 3699 655 3772 sit
671 3701 732 3796 qui
750 3723 831 3774 eum
857 3725 962 3799 snper
982 3703 1104 3778 eodem
1124 3701 1237 3776 officio
1257 3701 1387 3798 publici
1407 3701 1646 3776 tabellionatus

232 3831 360 3896 temere
380 3823 550 3922 impedire
575 3826 632 3900 vel
659 3829 861 3923 perturbare
887 3839 1074 3926 presumat.
1099 3829 1201 3914 Quod
1227 3828 1289 3924 qui
1315 3828 1562 3924 presumpserit
1584 3827 1645 3900 in-

233 3942 466 4038 dignationem
483 3961 635 4025 nostram
656 3973 695 4026 se
714 3954 851 4028 noverit
867 3953 1097 4028 incursurum.
1119 3953 1174 4028 Ad
1192 3955 1298 4047 hujus
1316 3962 1431 4026 autem
1447 3953 1497 4028 rei
1513 3975 1645 4026 memo-

232 4070 319 4143 riam
341 4082 376 4145 et
400 4073 558 4147 stabilem
581 4073 794 4172 firmitatem,
813 4101 955 4176 presens
976 4081 1138 4176 scriptum
1162 4075 1236 4151 lieri
1263 4085 1298 4151 et
1318 4077 1505 4172 majestatis
1531 4091 1646 4153 nostre

231 4195 346 4290 sigillo
358 4197 528 4291 jussimus
544 4203 759 4274 communiri.

231 4393 284 4405 D-—n

778 4403 891 4411 -..Q-a
895 4403 964 4411 —--—

269 4503 305 4580 (t)
323 4504 398 4563 Finis
409 4511 438 4563 et
450 4511 529 4564 nntne
549 4506 750 4584 chronologicae
762 4510 870 4569 desunt.
882 4511 953 4568 Tetti
965 4527 1030 4570 vero
1044 4519 1072 4570 et
1082 4517 1176 4588 postea
1193 4511 1295 4570 llovelli
1311 4512 1361 4571 bas
1374 4513 1477 4572 litteras
1493 4514 1528 4572 ad
1544 4531 1644 4574 aunum

234 4605 319 4676 liat,
337 4619 391 4680 qua
411 4605 547 4664 nescimus
568 4609 741 4683 auctoritate,
765 4609 894 4668 tolerunt.
912 4608 1001 4684 Quas,
1019 4627 1103 4684 quum
1124 4627 1168 4670 res
1190 4611 1279 4670 adhuc
1301 4612 1402 4671 incerta
1421 4615 1475 4688 sit,
1495 4613 1533 4672 ibi
1554 4615 1645 4690 potius

232 4700 355 4761 duximus
372 4703 546 4764 exhibendas.
