4360 5908
554 595 614 658 316
1052 597 1266 662 FlillililllCl
1296 597 1470 660 securior
1775 603 1856 681 [Ass.
1874 603 1958 666 1232.

554 733 640 822 rins,
652 733 889 828 supradictum
906 737 1105 832 exemplum
1117 735 1253 831 scripsi,
1269 737 1480 833 exemplavi,
1492 735 1710 812 oonoboravi
1733 747 1767 812 ct
1788 739 1959 834 publicavi

555 879 601 928 ex
625 857 798 930 autentico
820 859 1007 932 litterarum
1027 859 1256 956 imperialium
1279 859 1412 936 domiui
1430 860 1596 936 Friderici
1617 862 1762 957 predicti
1784 864 1914 938 bullato
1929 877 1961 938 et

555 983 771 1056 corroborato
787 983 881 1056 bulla
898 1005 1003 1058 aurea
1015 985 1172 1078 ejusdcm
1190 984 1321 1059 domiui
1337 986 1634 1082 imperatorisque
1648 998 1701 1062 est
1715 973 1764 1060 ibi
1781 987 1856 1061 visu
1871 988 1961 1062 dicto

555 1107 751 1182 authentico
776 1109 947 1204 pendens,
983 1111 1028 1184 de
1056 1109 1219 1184 mandato
1248 1119 1283 1184 et
1309 1111 1487 1184 voluntate
1510 1113 1720 1207 prefatorum
1747 1111 1961 1188 dominorum

556 1231 798 1321 cardinalium,
807 1231 1002 1326 Apostolice
1015 1232 1114 1306 Sedis
1129 1233 1333 1326 legatorum,
1344 1244 1380 1307 et
1392 1235 1598 1310 venerabilis
1611 1235 1765 1328 magistri
1779 1236 1961 1308 liermanni

555 1355 714 1450 predicti,
734 1356 841 1428 nichil
859 1355 993 1430 addens
1009 1359 1067 1430 vel
1090 1357 1250 1430 minuens
1268 1357 1334 1430 nisi
1350 1358 1436 1434 loric
1458 1361 1495 1432 in
1515 1360 1762 1457 compositione
1778 1361 1963 1434 litterarum

547 1481 609 1552 'vel
628 1481 764 1576 punctis
781 1481 877 1576 quod
892 1482 1095 1555 sententiam
1112 1481 1223 1554 variet
1238 1491 1300 1554 aut
1315 1489 1437 1556 mutet.

606 2072 745 2156 Forma
762 2073 1027 2184 compromissi
1053 2098 1131 2183 qno
1155 2072 1396 2158 Hermannus
1413 2073 1596 2186 magister
1612 2073 1812 2182 hospitalis
1830 2074 1964 2160 Theu-

552 2206 766 2290 ionicorum
784 2207 1023 2318 imperatoris
1041 2208 1196 2292 nomine
1212 2233 1260 2292 ex
1272 2234 1351 2290 una
1368 2217 1476 2318 parte
1492 2217 1530 2290 et
1545 2216 1708 2292 rectores
1724 2217 1761 2290 et
1780 2207 1968 2294 ambaxa-

553 2351 654 2422 tores
667 2339 861 2426 civitatum
880 2341 1076 2426 Societatie
1093 2341 1344 2428 Lomberdiae
1360 2367 1409 2424 ex
1426 2340 1559 2449 altera,
1571 2341 1611 2422 in
1629 2341 1812 2427 iacobum
1830 2343 1967 2426 Penes-

552 2473 698 2556 trinum
715 2473 877 2559 electum
898 2485 937 2558 et
955 2477 1135 2562 Ottouem
1156 2475 1285 2560 Sancti
1311 2475 1455 2560 Nicolai
1481 2475 1686 2562 damnum
1712 2476 1965 2584 cardinalem,

554 2607 663 2690 Sedis
685 2609 923 2717 Apostolicae
949 2611 1120 2722 legatos,
1139 2621 1327 2720 tanquam
1348 2609 1388 2692 in
1409 2607 1573 2694 arbitros
1599 2610 1830 2694 conveniunt
1854 2637 1969 2722 snper

554 2739 723 2824 articulis
745 2743 850 2852 pacis
868 2743 1070 2827 ineundae.
1207 2741 1210 2750 '

634 2971 770 3046 (Edider.
782 2973 924 3046 Ssvrour,
936 2968 1044 3034 euml
1057 2969 1190 3054 dolopes,
1205 2977 1229 3034 t.
1245 2973 1305 3048 111,
1319 2989 1347 3050 p.
1362 2981 1438 3046 itt,
1453 2978 1482 3033 et
1498 2971 1607 3044 Poura,
1623 2971 1756 3056 Monam.
1773 2969 1867 3034 Gerus
1878 2971 1968 3048 ilict,

675 3083 699 3138 t.
710 3079 764 3152 lV,
777 3095 808 3155 p.
822 3087 896 3152 234,
907 3096 944 3139 ex
958 3079 1040 3140 fonte
1052 3095 1142 3157 supra
1154 3079 1285 3142 laudatar.
1298 3079 1397 3140 Prima
1409 3084 1509 3139 autem
1523 3079 1617 3140 forma
1628 3079 1768 3140 inseritur
1779 3081 1811 3139 lu
1825 3081 1971 3140 sententia

676 3185 808 3266 Gregorii
822 3187 864 3247 lx
878 3185 915 3246 de
929 3202 1007 3246 anuo
1023 3194 1098 3246 1233
1113 3201 1163 3264 up.
1179 3185 1360 3259 Muaauoar,
1375 3183 1475 3268 Antip.
1492 3180 1560 3247 Ital.
1575 3179 1647 3246 med
1663 3186 1735 3260 aeui,
1754 3187 1891 3262 r.1v,p.
1910 3194 1967 3246 ³2⁰

675 3295 706 3352 et
726 3309 822 3370 seqq,
847 3309 916 3352 cum
941 3291 1124 3352 variantibus
1146 3291 1334 3369 quibusdum.
1357 3291 1471 3352 Nomen
1485 3293 1591 3352 notarii
1613 3295 1768 3372 praecipue
1786 3297 1922 3352 mutatur
1940 3299 1969 3352 et

676 3397 760 3458 adest
770 3416 779 3458 ε
790 3399 854 3480 Epo
867 3399 1005 3480 magister
1016 3395 1198 3458 dulcedines
1219 3399 1352 3459 murier
1375 3395 1410 3458 da
1429 3397 1550 3474 Pudnu,
1565 3405 1636 3472 etc„
1650 3415 1739 3476 prem
1753 3398 1890 3459 eumdem
1905 3413 1970 3460 essa

677 3505 727 3581 qul
753 3503 914 3565 Historiam
936 3504 1111 3566 Patavinam
1132 3507 1320 3584 comcrlpslt,
1335 3508 1366 3566 lu
1385 3513 1467 3568 tomo
1478 3507 1659 3586 ὕσήρωωη
1679 3513 1784 3568 octevo
1805 3507 1968 3578 insertam

677 3609 856 3672 llumtorius
869 3612 932 3688 lpse
945 3611 1110 3689 suspicatus
1122 3613 1190 3688 est.)

1247 3850 1275 3924 1.

608 4027 647 4098 ln
663 4027 803 4100 nomine
819 4027 969 4099 Domini.
992 4025 1115 4101 Amen.
1140 4027 1240 4100 Anno
1261 4025 1418 4119 ejusdem
1442 4025 1622 4098 millesimo
1646 4024 1881 4099 ducentesimo
1903 4025 1973 4096 tri-

561 4150 692 4244 gesimo
723 4152 899 4244 secundo,
930 4151 1118 4224 indictione
1142 4152 1184 4244 V,
1213 4148 1271 4223 die
1301 4150 1397 4223 lovis
1423 4149 1502 4221 lllll
1527 4149 1675 4222 intrante
1699 4171 1817 4223 mense
1841 4148 1968 4232 madii,

560 4277 772 4369 temporibus
790 4275 920 4349 domini
939 4279 1092 4372 Gregorii
1111 4299 1200 4374 pape
1217 4277 1262 4349 lX
1280 4287 1315 4349 et
1332 4275 1463 4349 domini
1481 4275 1687 4348 serenissimi
1705 4277 1887 4369 Friderici,
1909 4277 1971 4349 Dei

561 4401 670 4494 gratia
694 4401 924 4474 Romanorum
945 4402 1158 4498 imperatoris
1177 4424 1219 4475 ac
1236 4423 1374 4497 semper
1389 4399 1546 4495 augusti,
1568 4401 1779 4474 Hierusalem
1803 4413 1839 4473 ct
1857 4399 1972 4472 Sicilie

561 4525 668 4620 regis,
685 4525 721 4596 iu
734 4524 871 4598 civitate
884 4524 1002 4599 Padus
1014 4524 1110 4622 apud
1124 4525 1359 4622 episcopatum
1374 4526 1409 4596 in
1424 4525 1496 4597 sala
1511 4521 1635 4596 domus
1649 4521 1780 4597 domini
1795 4522 1903 4596 laudi
1920 4520 1971 4618 (a)

604 4729 645 4809 (a)
667 4729 724 4810 Ap.
741 4729 883 4790 ltluratorl
901 4725 1044 4810 Laudolfi.
