4308 5910
1005 572 1359 642 cottsttttttloutts

813 811 814 814 ‘
895 855 1097 928 strutus
1127 855 1262 928 xxix.
1291 857 1359 928 xe
1382 852 1472 952 (aa).

579 997 627 1066 De
643 992 831 1087 priuileqiis
846 1017 869 1065 a
885 995 984 1066 auria
1000 993 1164 1086 Capuam
1187 1002 1328 1085 tempore
1345 991 1543 1062 turbationis
1560 989 1730 1088 indultis(
1755 991 1781 1085 ).

1019 1153 1110 1200 ιιιιιιι
1139 1150 1339 1202 incusans.

523 1281 608 1352 Cum
625 1281 864 1354 mnaessiones
884 1290 919 1353 et
941 1281 1120 1376 privilegia
1137 1281 1254 1352 omnia
1271 1289 1340 1351 tam
1358 1301 1379 1351 a
1395 1277 1488 1351 divis
1511 1278 1669 1372 augustis
1685 1279 1884 1374 parentibus

475 1405 600 1479 nostris
622 1427 727 1500 quam
745 1428 767 1480 a
793 1405 894 1480 nobis
916 1417 995 1478 ante
1022 1405 1153 1478 audam
1170 1406 1369 1501 Capuanam
1391 1401 1539 1494 indulta,
1558 1425 1629 1498 que
1651 1427 1710 1500 per
1728 1427 1790 1478 nos
1808 1417 1884 1502 past

471 1531 629 1604 eamdem
657 1529 789 1602 auriam
815 1529 1016 1604 confirmata
1038 1552 1108 1604 non
1133 1539 1263 1621 essent,
1285 1551 1349 1602 neo
1370 1551 1441 1604 non
1462 1551 1505 1602 ea
1527 1549 1597 1624 que
1622 1529 1782 1626 proxime
1803 1539 1883 1603 tur-

471 1656 621 1730 bationis
641 1665 794 1751 tempore
819 1665 897 1751 post
922 1655 1230 1728 transfretationem
1253 1663 1404 1728 nostram
1431 1674 1543 1748 usqae
1567 1653 1614 1727 ad
1634 1655 1759 1727 iestum
1784 1657 1881 1728 Puri·

470 1779 641 1854 ficationis
667 1780 768 1853 beate
796 1779 947 1875 Virginis
970 1779 1063 1878 (ila
1081 1781 1180 1853 nobis
1204 1787 1265 1852 aut
1287 1801 1308 1852 a
1327 1779 1505 1878 Raynaldo
1531 1779 1622 1852 dttce
1648 1779 1774 1876 Spoleti
1799 1803 1881 1855 aon·

473 1928 570 1979 cessa
589 1905 729 1996 luerint,
749 1905 1031 1978 mandaverimus
1048 1905 1202 1978 revocari
1220 1905 1285 2002 (3),
1307 1904 1420 1978 edicto
1434 1907 1602 2002 presentis
1614 1903 1702 2000 legis
1715 1904 1882 1980 edicimus

474 2029 638 2126 predictis
658 2030 850 2126 privilegiis
870 2041 905 2103 et
926 2030 1208 2104 concessionibus
1230 2030 1361 2102 nullam
1379 2031 1520 2103 omnino
1537 2028 1642 2102 iidem
1660 2029 1798 2124 haberi;
1820 2031 1882 2106 sed

472 2157 672 2230 malivolum
698 2177 817 2229 eorum
845 2157 1057 2252 propositum
1077 2156 1138 2252 qni
1161 2155 1237 2251 ipsa
1260 2165 1338 2250 post
1360 2154 1626 2251 prohibitionem
1654 2163 1804 2228 nostram
1827 2179 1881 2231 re·

471 2284 598 2370 tinent,
633 2293 898 2378 prosequentes,
930 2282 1096 2375 jubemus
1124 2279 1298 2378 predictos
1325 2301 1447 2354 omnes
1476 2279 1512 2351 in
1544 2289 1638 2352 tanta
1667 2280 1881 2355 estimatione

470 2407 627 2481 damnari
646 2417 759 2480 nostre
777 2429 912 2481 camere
930 2405 982 2504 (a)
997 2405 1219 2502 applicanda,
1237 2415 1367 2502 quantu
1384 2403 1422 2478 id
1439 2403 1536 2501 quod
1552 2426 1753 2480 cancamum
1770 2407 1880 2482 iuerat

468 2531 684 2626 dignoscitur
700 2533 866 2606 extitisse.

911 2794 1113 2868 atratus
1140 2793 1259 2867 xxx.
1287 2795 1321 2866 A
1345 2793 1435 2893 (aa).

466 2940 645 3038 inquibus
668 2946 798 3017 casibus
821 2947 1152 3018 audieatia'testium
1174 2949 1413 3038 committatur,
1434 2957 1466 3018 at
1487 2948 1528 3020 de
1546 2969 1635 3043 pena
1658 2946 1878 3019 contravenire

644 3070 840 3162 minutium,
859 3082 891 3142 at
908 3073 948 3144 de
965 3071 1037 3143 dolo
1057 3073 1129 3164 ejus
1146 3074 1200 3143 cui
1215 3073 1389 3144 audientia
1407 3073 1621 3144 committitur
1638 3070 1697 3166 (b).

1014 3245 1105 3294 lDEli
1134 3245 1332 3295 iocosius.

515 3396 552 3468 ln
573 3398 783 3492 pecuniariis
805 3399 922 3472 litibus
940 3400 1116 3492 omnibus,
1136 3410 1351 3496 preterquam
1371 3401 1407 3472 iu
1431 3398 1673 3494 questionibus
1690 3405 1878 3472 castrorum

465 3521 719 3616 ellendonam,
740 3545 811 3618 que
832 3525 1026 3620 specialiter
1049 3526 1084 3596 in
1100 3525 1197 3597 curia
1222 3534 1337 3598 nostra
1355 3533 1555 3616 tractantur,
1575 3523 1787 3598 audientiam
1809 3533 1877 3596 tes-

506 3681 549 3763 (a)
571 3686 606 3747 ln
617 3703 721 3764 graeco
732 3687 780 3767 ιτῇ
795 3687 913 3772 ἡμετέρᾳ
926 3681 1019 3772 κόμῃ,
1028 3691 1104 3750 sicut
1117 3690 1148 3750 ln
1159 3689 1287 3766 aannla
1297 3687 1447 3750 codlclbna
1457 3689 1528 3750 etin
1537 3687 1777 3750 Palallnouortrr
1786 3686 1875 3746 auria.

480 3887 485 3896 ¹
506 3788 548 3872 (b)
569 3793 679 3856 Graece
692 3797 865 3874 simpliciter
880 3816 888 3858 :
905 3793 974 3879 Περὶ
988 3799 1035 3856 τοῦ
1049 3795 1077 3856 iu
1091 3793 1176 3864 ποίοις
1189 3791 1286 3874 bipart
1299 3796 1317 3868 ἡ
1331 3795 1385 3854 τῶν
1400 3792 1540 3880 μαρτύρων
1555 3789 1680 3875 ἀκρόασις
1693 3793 1852 3854 ἀνατίθεται.

501 4028 537 4102 (4)
557 4029 632 4089 llaec
646 4031 755 4091 rubrica
767 4034 834 4093 lalsa
845 4036 989 4093 admodum
1009 4042 1037 4094 et
1056 4037 1182 4094 mendosa
1197 4041 1253 4108 est,
1268 4051 1330 4094 cam
1343 4035 1527 4094 tantummodo
1543 4036 1577 4093 de
1588 4035 1662 4092 curia
1673 4032 1745 4108 apud
1758 4033 1877 4106 Capuam

464 4125 599 4185 celebrata
611 4145 677 4187 ann.
691 4133 760 4190 tato
782 4133 810 4190 in
830 4134 1018 4192 constitutione
1032 4141 1137 4208 agatur.
1150 4134 1227 4191 llulti
1244 4140 1333 4191 umen
1357 4140 1478 4193 auctores
1496 4134 1548 4192 ista
1561 4133 1667 4191 rubrica
1677 4131 1763 4190 delusi
1775 4131 1877 4189 auriam

463 4221 615 4297 capuanam
628 4227 763 4300 quoddam
787 4246 849 4288 esse
872 4231 988 4290 tribunal
1005 4233 1112 4291 assidue
1130 4232 1229 4291 ibidem
1242 4233 1339 4291 sedem
1355 4249 1499 4309 perperam
1519 4233 1703 4302 crediderant,
1722 4235 1754 4286 ut
1774 4227 1878 4286 monuit

465 4319 589 4394 Vexata,
608 4324 705 4383 branta
717 4327 784 4386 della
796 4337 871 4386 carta
881 4331 988 4402 Noram,
1003 4347 1030 4405 p.
1047 4334 1109 4390 tes.
1122 4333 1159 4389 ln·
1173 4331 1233 4390 cod.
1250 4333 1319 4388 teat
1330 4332 1355 4390 Α
1368 4331 1451 4390 multo
1462 4331 1559 4390 mallus
1570 4350 1577 4388 :
1590 4331 1629 4390 lle
1638 4327 1798 4406 privilapiis
1810 4333 1876 4385 anta

463 4421 571 4477 auriam
586 4421 748 4498 Capuanum
767 4433 795 4484 at
809 4445 829 4484 a
847 4435 965 4506 tempora
977 4431 1191 4506 perturbationis
1205 4430 1485 4506 impoenitudinem
1496 4431 1755 4506 :baptisatorum
1767 4427 1876 4503 quiin·

463 4523 613 4576 rtrumenta
628 4522 749 4596 ipsorum
764 4523 801 4580 ad
815 4529 921 4584 curiam
934 4545 990 4586 aon
1002 4528 1153 4588 declarant.

501 4616 537 4690 (2)
555 4617 663 4677 Scilicet
676 4625 693 4678 2
708 4621 834 4680 fabruarii
849 4628 928 4682 4434.

499 4717 533 4787 43)
551 4714 591 4773 ct.
603 4733 686 4792 supra
706 4720 783 4778 llrca.
798 4737 836 4780 na
847 4723 875 4782 S.
888 4723 994 4796 Gau„
1006 4724 1040 4782 ad
1054 4741 1117 4782 ann.
1134 4727 1215 4798 tart,
1234 4725 1471 4801 mmsejmuan'n,
1484 4723 1609 4800 t.111,p.
1621 4723 1684 4784 252.
