4298 5906
444 573 505 634 212
894 575 1031 639 Nottlttt
1056 571 1410 638 consutuuutouus

447 705 619 779 columbus
636 706 829 780 ementibus
845 708 895 782 sal
916 707 962 781 ab
978 707 1029 781 eis
1049 716 1084 781 et
1105 705 1190 806 ipsis
1202 709 1283 800 jura
1303 703 1399 778 curie
1423 709 1539 776 nostra
1553 701 1767 776 solventibus
1780 723 1856 799 pa·

446 830 599 903 mittatur
616 852 687 925 quo
705 832 878 906 voluerint
892 832 980 906 inira
994 832 1208 928 provinciam
1223 841 1258 905 et
1270 829 1381 926 pretio
1388 848 1462 923 quo
1476 835 1637 922 poterunt
1649 825 1852 917 distrahere,

448 977 512 1027 neu
527 965 619 1028 certo
635 957 710 1030 loco
727 977 791 1030 seu
808 955 1139 1031 acerovenditore
1156 951 1395 1029 tantummodo
1414 951 1463 1024 sal
1479 951 1636 1024 homiues
1657 971 1855 1048 comparere

445 1081 661 1174 compellant.
690 1082 894 1156 Mercutcros
920 1081 1096 1155 etiamad
1122 1081 1279 1154 civitates
1302 1077 1364 1150 nbi
1389 1084 1472 1149 sunt
1495 1074 1628 1150 lundici
1654 1075 1850 1168 venientes,

445 1205 640 1277 exoneratis
655 1213 689 1278 et
706 1204 872 1300 depositis
886 1205 1058 1278 mercibus
1072 1227 1142 1300 que
1160 1200 1475 1278 lundicaridebent
1491 1197 1704 1290 inmodicis,
1721 1199 1783 1272 nbi
1796 1199 1853 1272 vel

444 1347 514 1420 quo
546 1327 719 1400 voluerint
751 1350 812 1424 per
841 1328 1014 1402 civitatem
1039 1327 1206 1424 bospitari
1238 1325 1458 1423 permittant;
1488 1343 1577 1418 pena
1609 1322 1852 1418 publicationis

444 1449 610 1522 mercium
630 1451 876 1526 mercatoribus
896 1451 1111 1543 imminente,
1126 1452 1188 1546 qui
1204 1451 1274 1524 alio
1287 1451 1364 1522 loco
1385 1467 1518 1552 meroes
1531 1445 1762 1520 lundicandas
1776 1445 1852 1522 sine

443 1574 584 1669 speciali
602 1574 765 1650 mundato
786 1575 970 1649 lundicarii
993 1575 1234 1671 deposuerint,
1261 1573 1318 1648 vel
1341 1571 1446 1646 modo
1462 1570 1617 1666 quolibet
1638 1571 1697 1662 jus
1718 1569 1851 1644 lundici

443 1699 605 1772 fraudare
626 1721 689 1772 seu
707 1699 814 1772 forari
831 1699 1028 1792 tentabunt,
1045 1698 1130 1772 dum
1143 1707 1258 1772 tamen
1272 1695 1456 1770 lundicarii
1473 1703 1619 1768 caveant
1630 1692 1727 1788 quod
1740 1693 1853 1766 nullas

306 1865 309 1870 ,
442 1843 499 1896 res
523 1823 608 1896 alias
633 1833 747 1918 preter
772 1845 832 1897 eas
852 1845 922 1918 qna
941 1825 977 1895 in
1002 1824 1104 1896 novis
1123 1821 1258 1896 statutis
1284 1820 1455 1894 fundicuri
1474 1843 1536 1894 seu
1560 1817 1728 1894 dobunari
1748 1839 1851 1890 man·

444 1945 619 2038 davimus,
640 1957 846 2021 mercatores
865 1969 928 2022 seu
945 1947 1118 2042 quoslibet
1140 1947 1372 2022 distrahentes
1395 1945 1575 2020 lundicare
1596 1966 1656 2018 sen
1674 1941 1851 2018 dubauura

443 2073 660 2166 compellunt.
1071 2065 1074 2074 ’

765 2275 906 2348 LIBER
935 2277 967 2367 l,
998 2275 1197 2349 TITULUS
1224 2275 1304 2365 XC,
1337 2273 1456 2348 PARS
1484 2275 1530 2346 ll.

976 2449 1081 2550 [Noua
1098 2447 1314 2549 consttutio]

490 2623 535 2697 Ut
547 2625 751 2699 officialibus
765 2636 800 2699 et
810 2627 1089 2724 procuratoribus
1102 2629 1227 2700 nostris
1239 2625 1454 2723 quibuslibet
1466 2633 1606 2720 propter
1618 2643 1848 2720 expensarum

443 2749 613 2824 delectum
632 2751 830 2845 negligendi
849 2774 903 2825 res
917 2765 1050 2826 nostras
1067 2775 1136 2825 non
1150 2751 1195 2824 sit
1209 2751 1345 2826 occasio
1361 2749 1418 2824 vel
1437 2747 1639 2822 meliorandi
1657 2769 1760 2821 causa
1778 2767 1848 2821 non

443 2873 548 2966 desit,
573 2875 735 2948 volumus
755 2887 791 2950 et
809 2877 1015 2950 mandamns
1038 2887 1077 2949 ut
1094 2876 1141 2951 ad
1163 2875 1423 2971 requisitionem
1447 2875 1600 2970 ipsorum
1623 2893 1743 2946 omnes
1767 2891 1849 2969 pro·

440 3007 608 3070 ventuum
631 3007 825 3072 nostrorum
849 3009 979 3074 actores
1006 3019 1070 3095 pro
1091 2997 1293 3096 reparandis
1316 2997 1435 3071 castris
1460 3007 1495 3070 et
1518 2995 1681 3069 domibus
1704 2995 1845 3086 nostris,

441 3121 636 3218 plantandis
658 3133 693 3196 et
711 3111 864 3197 colendis
887 3125 1000 3198 vineis
1022 3147 1086 3197 sen
1103 3121 1315 3219 quibuslibet
1335 3123 1412 3195 aliis
1436 3120 1710 3218 possessionibus
1732 3129 1848 3194 nostre

440 3245 537 3318 curie
558 3247 796 3341 prucorandis,
817 3248 1045 3322 sufficientem
1070 3247 1253 3342 pecuniam
1277 3245 1549 3318 subministrent.
1567 3243 1723 3318 Ceterum
1746 3243 1776 3315 si
1799 3242 1848 3316 ad

439 3368 695 3462 requisitionem
716 3369 870 3466 ipsorum
888 3381 1019 3444 actores
1039 3369 1146 3442 nostri
1164 3369 1214 3442 eis
1230 3369 1371 3466 petitam
1390 3367 1572 3466 pecuniam
1588 3365 1848 3440 subministrare

438 3493 626 3600 noluerint,
646 3493 809 3568 mandato
831 3493 1046 3568 celsitudinis
1063 3503 1178 3568 nostre
1195 3495 1392 3568 nullatenus
1411 3503 1609 3590 expectato,
1629 3491 1791 3565 volumus
1809 3501 1849 3564 nt

437 3617 612 3692 castellani
628 3619 686 3691 vel
706 3627 942 3713 procuratores
959 3619 1027 3714 ipsi
1040 3619 1223 3714 pecuniam
1237 3618 1282 3692 de
1298 3619 1526 3716 proventibus
1542 3614 1847 3690 administrationis

437 3761 501 3813 sne
518 3741 576 3814 uel
597 3740 643 3814 de
663 3762 727 3814 sno
749 3741 887 3838 proprio
909 3743 945 3814 in
972 3742 1192 3816 necessitates
1213 3741 1271 3816 vel
1294 3740 1458 3814 utilitates
1480 3749 1613 3812 nostras
1636 3737 1848 3812 confidenter

436 3863 654 3960 expendunt,
676 3885 740 3938 nec
762 3865 941 3939 occasione
963 3865 1117 3939 mandati
1138 3863 1235 3960 qnod
1256 3885 1362 3962 snper
1379 3865 1445 3937 hoo
1468 3861 1607 3936 anobis
1629 3882 1699 3935 non
1718 3861 1848 3934 habent

437 3997 498 4061 aut
528 3987 703 4084 dispendii
731 3987 783 4085 (u)
804 3997 988 4064 vereantur
1014 3990 1102 4086 quin
1125 4010 1314 4086 expensum
1340 3989 1522 4088 pecuniam
1555 3987 1640 4084 ipsis
1664 3983 1710 4060 de
1734 3985 1847 4060 erario

437 4121 554 4186 nostru
575 4112 708 4186 restitui
724 4113 903 4208 iaciamus,
925 4113 981 4188 vel
999 4115 1036 4186 in
1053 4113 1231 4188 ratiocinio
1253 4130 1318 4187 suo
1340 4133 1402 4209 per
1420 4111 1603 4185 rationales
1624 4119 1758 4184 nostros
1775 4129 1845 4182 ex·

437 4244 653 4332 computatur
664 4235 809 4310 eisdom.

479 4437 521 4518 (o)
543 4439 601 4516 Ap.
617 4437 781 4501 Gmmnnm
791 4445 845 4503 cut
858 4435 1019 4520 dispendio.
1032 4439 1203 4518 Lugendum
1215 4439 1341 4502 Peochtu
1353 4439 1490 4518 proponit
1501 4453 1536 4498 eo
1546 4430 1706 4516 cormac
1720 4433 1845 4515 Depos-

436 4543 480 4610 dtr'
492 4553 592 4608 tomen
604 4547 783 4625 stmpltctns,
799 4563 892 4626 quom
904 4547 944 4610 ad
954 4545 1096 4609 mcum
1107 4545 1260 4609 celeratur.
