4372 5918
518 573 561 638 ῃ
1052 551 1406 624 cossrrrurrouus

517 709 736 788 siderationis
752 705 887 800 ordine,
908 703 1004 802 quod
1021 703 1052 778 si
1071 703 1106 776 iu
1120 703 1205 778 locis
1223 701 1472 777 habitabilibus
1488 703 1542 777 ris
1559 705 1662 780 inerit
1679 707 1788 800 illata,
1805 711 1936 785 clamor

518 855 683 934 oppresse
708 833 916 906 truculenter
940 827 1105 920 emissus,
1131 849 1238 922 quam
1263 827 1367 901 citius
1390 829 1536 924 poterit,
1559 831 1750 926 elucescat3
1779 833 1933 930 alioquin

520 981 589 1034 non
608 957 783 1034 videbitur
799 956 854 1030 vis
875 955 980 1047 illata,
996 951 1027 1026 si
1045 973 1140 1026 mora
1159 953 1262 1026 luerit
1278 963 1356 1028 octo
1372 954 1507 1029 diemm
1525 957 1636 1051 spatio
1649 957 1851 1049 subsecuta,
1865 961 1932 1033 uisi

520 1084 660 1160 forsitan
676 1085 719 1158 iis
733 1082 858 1158 diebus
876 1079 984 1153 inrita
1002 1077 1166 1174 probetur
1182 1076 1289 1152 fuisse
1306 1077 1458 1153 detenta.

939 1336 1140 1410 rtrnnus
1170 1335 1291 1410 xxti.
1319 1341 1387 1410 un
1413 1339 1507 1437 (aa).

868 1489 922 1562 Dc
939 1489 1126 1584 raptoribus
1143 1489 1307 1584 oirqioum
1322 1491 1374 1562 vel
1387 1492 1579 1566 vidoomm.

981 1663 1199 1715 lss’ndm
1222 1665 1471 1716 saxonicus·

566 1797 752 1896 Capitulum
776 1817 923 1894 penam,
951 1815 1057 1890 quum
1086 1801 1206 1867 contra
1233 1803 1387 1890 raptores
1413 1795 1612 1891 virgiuum,
1639 1799 1694 1872 vel
1721 1799 1926 1891 viduarum,

517 1945 739 2022 sponsarum,
760 1921 816 1996 vel
840 1919 942 1994 otiam
963 1921 1036 2014 jam
1055 1929 1260 2015 nuptarum,
1280 1929 1315 1992 ct
1336 1941 1455 1994 eorum
1479 1923 1664 2018 complices
1681 1926 1737 1999 vel
1755 1927 1925 2016 fautores,

517 2049 680 2124 divomm
702 2054 928 2140 augustorum
946 2051 1073 2117 statuta
1089 2053 1298 2135 sanxerunt,
1318 2045 1561 2120 inviolabilitas
1580 2047 1789 2142 precipimus
1803 2051 1928 2126 obsur-

517 2174 610 2265 vuri3
636 2172 704 2246 illis
728 2167 1055 2260 consuetudinibus,
1073 2188 1144 2264 que
1160 2168 1196 2240 iu
1220 2167 1395 2262 aliquibus
1412 2170 1568 2266 partibus
1584 2173 1683 2266 regni
1699 2171 1818 2248 Sicilie
1841 2176 1928 2249 buc-

517 2309 616 2376 teuus
642 2297 863 2388 obtinebant,
891 2316 954 2393 per
976 2315 1065 2390 quas
1091 2302 1245 2390 raptores
1270 2303 1404 2392 raptam
1428 2295 1495 2368 sibi
1520 2297 1558 2370 iu
1581 2299 1800 2374 matrimonio
1823 2302 1927 2376 collo-

515 2424 648 2518 cando,
672 2423 728 2498 vel
750 2421 810 2496 alii
834 2443 911 2496 eam
934 2416 1104 2494 tradendo
1129 2417 1274 2516 nuptui,
1296 2439 1335 2493 se
1356 2420 1493 2516 capitali
1514 2423 1682 2497 sunmntia
1704 2425 1923 2518 animabant,

516 2549 657 2624 omniuo
674 2545 833 2622 sublatis.

1124 2748 1183 2828 n<
1214 2741 1313 2840 (aa).

1021 2915 1111 2964 tutu
1141 2915 1330 2966 tutunus
1354 2891 1418 2992 (a).

564 3051 603 3124 lu
621 3047 859 3146 questionibus
880 3045 1142 3137 violentiarum,
1164 3067 1233 3140 qus
1256 3045 1468 3140 quibuslibet
1492 3045 1695 3120 mulieribus
1715 3047 1922 3140 inseruntur,

515 3175 795 3274 predecessorum
814 3181 1008 3247 nostrorum
1024 3191 1146 3264 regum
1167 3171 1281 3245 Sicilie
1304 3173 1499 3246 sanctiones
1517 3171 1815 3248 subdistinctione
1833 3198 1923 3271 qua-

515 3299 615 3390 dam,
636 3299 796 3374 videlicet
818 3297 848 3372 si
871 3298 960 3371 iutra
986 3307 1139 3394 tempora
1165 3296 1297 3371 eisdem
1316 3297 1617 3370 constitutionibus
1642 3307 1840 3394 pretaxata,
1868 3301 1923 3396 ip-

513 3447 629 3500 sarum
651 3423 871 3521 proclamatio
890 3421 1105 3520 pmbaretur,
1125 3443 1242 3518 pugne
1255 3422 1428 3516 judicium
1449 3421 1689 3496 admittebant.
1710 3423 1780 3498 Sed
1798 3435 1868 3498 tam
1887 3425 1922 3497 in

513 3573 594 3626 casu
627 3549 776 3648 presenti
804 3569 910 3644 quam
932 3548 968 3620 iu
993 3546 1156 3621 omuibus
1183 3548 1261 3620 aliis
1289 3547 1508 3638 criminibus,
1527 3547 1670 3621 crimine
1693 3559 1826 3624 tantum
1854 3551 1923 3624 lese

513 3675 702 3770 majestatis
723 3681 868 3770 excepto
884 3667 936 3770 [et
957 3671 1077 3745 mortis
1094 3671 1279 3760 absconse,
1304 3694 1421 3768 pugne
1440 3693 1510 3744 non
1536 3682 1606 3744 tam
1624 3672 1797 3765 judicium
1817 3697 1922 3772 quam

513 3797 735 3896 dispendium
758 3797 953 3896 provisione
970 3793 1108 3895 sauata]
1127 3797 1302 3870 sancimus
1317 3795 1482 3868 amoveri.

561 3925 647 3999 Nam
662 3945 731 3998 uun
749 3924 828 3998 leva
843 3921 1033 4019 periculum
1052 3921 1295 3996 accusantibus
1311 3921 1480 4016 imminet,
1496 3921 1558 4018 qui
1576 3923 1820 3998 communibus
1839 3947 1922 4022 pru-

512 4049 710 4125 batiouibus
726 4047 790 4121 vix
807 4057 868 4122 aut
885 4069 1064 4143 nunquam
1081 4047 1227 4143 probare
1241 4055 1403 4144 poterunt
1417 4047 1602 4140 intentata3
1622 4069 1703 4121 cum
1719 4049 1920 4142 hujusmodi

511 4175 640 4250 scelera
662 4195 683 4247 a
706 4174 947 4270 conspectibus
970 4173 1173 4258 bominum,
1194 4172 1254 4268 qui
1279 4171 1431 4246 veritatis
1452 4170 1561 4268 ipsius
1583 4173 1715 4268 possint
1740 4175 1922 4270 perhibere

510 4297 762 4388 testimouium,
788 4296 1062 4390 abscondentium
1088 4306 1123 4370 et
1143 4296 1194 4370 sic
1216 4295 1398 4370 ordinariis
1421 4297 1681 4392 pmbatiouibus
1707 4301 1921 4374 cessantibus

511 4423 574 4521 [da
593 4423 720 4519 iacto],
739 4431 774 4496 et
790 4421 1092 4514 entraordinariis,
1112 4443 1230 4518 pugne
1247 4422 1377 4495 scilicet
1401 4432 1436 4496 st
1461 4421 1548 4517 logis
1571 4422 1663 4498 dicto
1683 4423 1856 4519 paribilis,
1875 4425 1921 4499 dc

550 4597 593 4680 (u)
613 4601 746 4663 'situlum
760 4601 885 4663 ulturum
906 4615 1028 4680 graecus
1045 4597 1138 4660 codex
1162 4597 1284 4659 exbibet
1306 4596 1450 4660 cambac
1472 4597 1590 4660 rubrica
1605 4617 1614 4660 ε
1631 4598 1776 4677 momoria
1788 4609 1919 4682 oportun

502 4704 628 4788 probaro
647 4703 901 4790 ululantiarsoctus
914 4703 1040 4770 mulieri.
1055 4706 1090 4768 In
1108 4705 1175 4770 cod.
1191 4713 1270 4767 tuat
1289 4705 1333 4780 A,
1348 4705 1391 4766 Dc
1403 4701 1545 4768 violentiis
1557 4702 1624 4768 aliis
1634 4704 1802 4770 mulieribus
1813 4706 1917 4773 illatis.
