4320 5918
533 577 595 640 480
1031 579 1247 642 lnlbltltlcl
1272 581 1448 644 secubat
1763 582 1845 660 [brut
1866 583 1949 646 tz‘tt

534 716 644 790 salem
660 725 695 789 et
713 716 828 792 Sicilie
842 739 920 808 rex,
938 718 1138 808 baronibus,
1153 719 1322 792 militibus
1339 728 1375 794 et
1393 719 1556 792 universo
1576 717 1707 815 populo
1723 717 1839 812 Aaou,
1867 718 1954 794 lide-

534 840 626 914 libus
661 843 752 932 suis,
776 843 920 938 gratiam
944 865 1043 917 snam
1074 854 1109 916 et
1132 844 1260 918 bonam
1283 845 1509 917 voluntatem.
1532 839 1624 916 luter
1648 843 1715 916 alia
1741 865 1812 940 qne
1838 854 1954 919 umus

535 965 1120 1062 moderationeregunturetdebite
1130 969 1338 1064 provisionis
1350 967 1780 1064 regimiuegubemantur,
1794 969 1953 1065 specialis

537 1113 601 1166 nos
615 1113 700 1166 cura
712 1093 869 1164 sollicitat
891 1103 925 1166 et
941 1093 1065 1188 iugens
1080 1103 1181 1188 urget
1196 1091 1439 1166 sollicitudinis
1462 1092 1625 1165 instantia
1641 1093 1778 1165 culmen
1797 1103 1951 1167 nostmm

538 1226 578 1290 ut
589 1217 687 1312 regni
700 1217 807 1290 nostri
818 1217 1116 1314 Hierusolymitani
1133 1229 1261 1292 statum
1284 1220 1320 1292 in
1343 1218 1558 1292 abnndantia
1575 1217 1672 1313 pacis
1690 1219 1868 1311 et‘juslitie
1881 1219 1951 1292 dis-

537 1363 719 1438 ponamus,
729 1351 764 1414 et
777 1351 846 1414 tam
859 1363 923 1416 vos
938 1344 1180 1418 universaliter
1193 1365 1299 1440 qnam
1313 1343 1416 1418 ceteri
1432 1341 1553 1417 fideles
1564 1343 1671 1416 nostri
1684 1343 1821 1438 possitis
1837 1351 1951 1418 nostra

538 1467 730 1540 serenitatis
745 1469 898 1540 favorem
917 1478 952 1542 et
970 1469 1117 1562 gratiam
1130 1471 1235 1561 Juxta
1254 1470 1393 1542 solitum
1413 1467 1587 1559 obtinere,
1612 1467 1792 1562 presertim
1807 1477 1951 1543 uttam

536 1602 653 1666 sancta
674 1593 887 1667 Hierusalem
906 1616 970 1690 pro
995 1599 1096 1688 cujus
1110 1593 1279 1690 obsequio
1296 1604 1331 1668 et
1348 1594 1459 1666 salute
1481 1593 1591 1666 totius
1605 1592 1784 1666 christiani
1802 1593 1950 1667 nominis

537 1727 590 1790 est
602 1726 730 1791 attenta
751 1717 891 1792 devotio
909 1728 944 1791 el
967 1719 1197 1792 universalem
1220 1739 1343 1814 pacem
1364 1717 1474 1812 exigit
1488 1714 1536 1790 ad
1552 1717 1608 1790 sui
1625 1715 1823 1792 subsidium
1844 1718 1950 1790 reler-

537 1843 840 1930 mari,vestrarum
854 1843 1022 1916 mentium
1041 1845 1288 1939 tranquillitate
1301 1843 1490 1939 composita
1507 1851 1543 1915 et
1557 1841 1653 1914 omni
1670 1840 1949 1916 dissensionem·

537 1969 627 2064 pita,
646 1989 787 2042 snorum
802 1969 973 2042 viseerum
988 1970 1104 2064 quiete
1124 1969 1281 2066 respiret.
1303 1969 1393 2054 Quia
1413 1989 1497 2063 ergo
1512 1969 1750 2040 sanctissimus
1765 1969 1802 2040 in
1821 1967 1949 2042 Christo

537 2101 634 2188 pater
651 2115 808 2166 summus
824 2093 993 2188 pontifex,
1016 2093 1061 2166 de
1079 2094 1267 2168 universali
1288 2115 1374 2190 pace
1396 2115 1459 2188 pro
1477 2102 1566 2166 terre
1585 2103 1703 2166 sancte
1716 2092 1874 2166 subsidio
1892 2113 1949 2166 re·

537 2217 717 2292 formanda
735 2219 900 2291 sollicitus
918 2219 1127 2313 specialiter,
1148 2219 1253 2291 mittit
1270 2219 1316 2292 ad
1333 2229 1446 2314 partes
1471 2217 1563 2312 ipsas
1581 2217 1745 2291 dilectum
1760 2215 1949 2313 principem

538 2353 692 2416 nostrum
711 2341 961 2416 Theudoricum
979 2344 1219 2418 uenerandum
1237 2343 1538 2440 archiepiscopum
1555 2345 1808 2430 Ravennatem,
1834 2341 1950 2438 Apus-

409 2483 412 2492 ’
537 2469 638 2542 tulius
653 2469 754 2542 Sedis
772 2470 942 2564 legatum,
961 2469 1023 2564 qui
1051 2491 1173 2566 aspera
1192 2469 1228 2542 in
1245 2471 1349 2566 plana
1366 2478 1545 2544 convertat
1566 2478 1601 2542 el
1624 2467 1751 2562 dirigat
1773 2467 1811 2540 in
1828 2468 1949 2540 melius

536 2605 663 2669 statum
692 2605 864 2684 vestrum,
892 2617 956 2669 uos
987 2605 1026 2666 nt
1053 2605 1133 2691 pote
1157 2597 1219 2691 qui
1236 2596 1321 2670 tanti
1345 2595 1451 2692 patris
1468 2604 1539 2668 mm
1565 2590 1777 2668 laudabilem
1795 2601 1950 2666 tenemm

537 2721 697 2818 prosequi
721 2722 951 2813 voluntatem,
976 2719 1023 2794 ad
1051 2742 1113 2794 sue
1140 2721 1340 2794 monitionis
1369 2719 1568 2792 instantiam
1600 2717 1731 2792 dictum
1762 2717 1949 2814 principem

535 2855 691 2921 nostrum
704 2845 1001 2942 archiepiscopum
1016 2847 1251 2920 Ravennatem
1263 2845 1487 2918 nibilominus
1498 2853 1654 2918 nostrum
1669 2842 1837 2916 nuncium
1852 2841 1951 2916 dnxi·

536 2994 615 3046 mus
628 2971 868 3064 statuendum,
893 2971 954 3068 qui
973 2981 1130 3046 nostrum
1150 2971 1249 3046 vobis
1267 2971 1434 3046 reserabit
1457 2970 1672 3068 propositum
1688 2979 1723 3042 et
1739 2969 1900 3042 allectum
1918 2977 1950 3041 et

536 3096 633 3193 qnod
656 3096 786 3171 advos
810 3119 857 3170 ex
882 3097 999 3170 innata
1024 3096 1293 3170 mansuetudine
1317 3097 1470 3190 benigna
1492 3093 1676 3168 serenitate
1695 3093 1946 3183 convertimur,

536 3245 657 3296 omnes
670 3232 705 3296 et
719 3223 874 3318 singulus
892 3223 1020 3320 patulis
1041 3223 1192 3296 brachiis
1210 3223 1400 3320 recepturi,
1420 3223 1450 3295 si
1468 3243 1533 3296 vos
1551 3223 1597 3296 ad
1613 3242 1678 3294 nos
1696 3219 1853 3294 conversi
1871 3221 1950 3291 lue-

536 3347 626 3432 ritis,
648 3357 750 3442 prout
762 3347 807 3420 ab
822 3345 944 3420 eodem
962 3347 1158 3444 Apostolice
1174 3346 1274 3421 Sedis
1291 3349 1405 3442 legato
1422 3359 1457 3421 et
1472 3347 1601 3420 nuncio
1621 3354 1737 3420 nostro
1755 3343 1951 3441 expressius

538 3470 700 3544 audietis.
719 3471 886 3558 Quocirca
901 3471 1120 3546 universitati
1143 3483 1258 3546 vestre
1283 3471 1489 3546 mandamus
1512 3481 1685 3568 qnatenus
1706 3492 1750 3544 ea
1766 3491 1838 3565 qne
1853 3467 1952 3542 vobis

538 3618 602 3692 pro
615 3607 712 3693 parte
725 3607 840 3672 nostra
853 3596 1171 3692 dictusApostolice
1181 3597 1281 3672 Sedis
1293 3599 1427 3691 legatus
1438 3607 1474 3670 et
1486 3597 1634 3670 nuncius
1645 3605 1760 3670 noster
1772 3602 1950 3691 proponet,

538 3722 716 3794 intendere
730 3733 765 3794 et
789 3721 929 3796 firmiter
952 3721 1093 3795 credere
1120 3721 1293 3815 debeatis3
1321 3723 1469 3798 scientes
1488 3722 1630 3818 insuper
1650 3720 1793 3817 quodsi
1811 3721 1953 3794 formam

538 3847 720 3922 concordie
734 3869 795 3943 per
811 3847 1043 3922 venerabilem
1058 3847 1289 3942 patriarcham
1302 3847 1555 3920 Antiochenam
1566 3856 1601 3918 et
1613 3846 1815 3938 magistrum
1830 3843 1954 3916 domus

539 3973 827 4046 Thentonicorum
844 3971 931 4044 iuter
947 3993 1012 4045 nos
1030 3993 1077 4046 ex
1090 3993 1160 4044 una
1178 3981 1274 4068 parte
1289 3981 1324 4044 et
1335 3993 1398 4044 vos
1414 3991 1461 4044 ex
1472 3971 1541 4044 alia
1555 3971 1628 4063 jam
1644 3975 1816 4044 contracte
1831 3967 1954 4040 vulue-

540 4099 614 4170 ritis
631 4099 732 4171 vobis
744 4097 869 4172 amodo
882 4099 1097 4188 conservari,
1122 4119 1186 4170 nos
1204 4096 1318 4170 eidem
1330 4097 1592 4193 archiepiscopo
1608 4095 1709 4192 plene
1721 4091 1953 4166 commisimus

539 4233 578 4295 ul
595 4245 670 4296 sam
685 4223 785 4297 vobis
795 4225 872 4297 locu
888 4233 1006 4296 nostro
1020 4234 1054 4296 et
1068 4223 1270 4296 auctoritate
1282 4235 1477 4296 conservet.
1490 4223 1560 4295 Nus
1575 4221 1670 4294 enim
1680 4217 1718 4293 id
1733 4215 1829 4313 quod
1841 4213 1954 4289 dictus

538 4347 733 4444 Apostolice
750 4349 849 4421 Sedis
862 4349 996 4442 legatus
1010 4357 1044 4420 et
1062 4349 1209 4422 nuncius
1226 4357 1342 4421 noster
1359 4345 1553 4421 secuudum
1573 4356 1727 4419 tenorem
1743 4344 1852 4415 forme
1868 4360 1954 4437 pru-

538 4473 680 4547 cedetat
694 4467 810 4564 laciet,
830 4483 942 4546 ratum
957 4485 992 4547 st
1005 4473 1142 4545 lirmnm
1156 4474 1284 4546 babere
1298 4474 1460 4547 volumus
1470 4483 1505 4546 et
1518 4469 1762 4544 inviolabiliter
1777 4465 1954 4540 observari

538 4599 756 4673 mandamus.
785 4596 840 4670 Ad
864 4600 965 4690 cnjus
986 4600 1036 4671 rei
1062 4599 1263 4672 memoriam
1290 4607 1325 4672 sl
1343 4599 1501 4672 stabilem
1525 4596 1736 4685 firmitatem,
1762 4600 1954 4688 presentem

541 4725 702 4824 pagiuam
722 4721 795 4796 fieri
813 4733 847 4797 et
864 4723 977 4818 sigillo
995 4733 1109 4798 nostro
1120 4724 1289 4818 jussimus
1305 4722 1525 4798 communiri.
