4320 5918
236 573 334 632 muru.
351 571 395 647 S]
685 567 883 630 HISTORIA
907 565 1199 628 nlnnollarlcn.
1586 567 1647 630 509

235 727 300 780 sne
313 705 490 779 munimen
508 703 681 800 predictas
696 705 881 778 sententias
894 713 985 779 rates
1002 704 1129 777 habere
1142 710 1310 799 perpetuo
1325 701 1555 800 dignaremur.
1573 705 1643 780 Nos

236 829 342 924 igitur
352 829 568 904 attendentes
578 837 675 921 grata
683 828 958 925 setisetaocepta
965 827 1104 902 servitia
1118 849 1188 922 que
1204 827 1317 901 dictus
1328 827 1510 925 episcopus
1520 829 1639 924 nobis,

236 951 418 1027 karissimo
436 953 506 1027 lilio
523 960 639 1026 nostro
656 952 731 1048 regi
748 953 976 1026 Romanorum
996 953 1117 1025 illustri
1132 962 1167 1025 et
1181 951 1324 1048 imperio
1335 973 1470 1048 semper
1482 953 1642 1026 exhibuit

235 1085 270 1148 et
286 1077 453 1150 exhibere
471 1078 592 1174 poterit
616 1078 650 1148 in
675 1077 847 1170 laturum,
875 1077 1031 1150 volentes
1054 1076 1164 1150 eciam
1182 1077 1255 1149 suis
1281 1087 1314 1150 et
1337 1077 1478 1150 ecclesie
1501 1099 1564 1151 sue
1585 1079 1640 1150 in·

235 1199 508 1298 dempnitatibns
526 1199 727 1297 providere,
744 1201 789 1275 de
810 1201 926 1275 innata
944 1201 1157 1276 celsitudinis
1180 1211 1294 1275 nostre
1311 1200 1545 1276 munificentia
1562 1225 1640 1298 pre·

236 1323 346 1400 dictas
364 1327 550 1401 sententias
572 1325 829 1417 confirmamus,
841 1336 876 1400 at
894 1327 924 1400 si
940 1349 1012 1422 qua
1029 1335 1146 1400 contra
1163 1347 1222 1400 eas
1239 1326 1275 1398 in
1290 1327 1435 1400 ecclesia
1447 1309 1639 1423 Eystetensi

236 1472 348 1545 nsque
365 1450 412 1524 ad
428 1451 493 1524 hec
504 1461 655 1548 tempora
674 1460 755 1524 sunt
768 1458 887 1526 contra
901 1452 915 1544 j
921 1451 1070 1524 ustitiam
1091 1458 1305 1547 attemptata,
1328 1450 1365 1522 iu
1383 1451 1517 1524 irritum
1535 1474 1639 1526 revo-

235 1595 366 1650 camus.
383 1578 577 1650 statuentes
592 1586 628 1650 et
645 1576 814 1673 imperiali
828 1576 1021 1650 sancientes
1037 1575 1151 1650 edicto
1167 1597 1212 1648 nc
1227 1575 1351 1670 aliquis
1370 1575 1561 1652 advocatus
1579 1588 1641 1652 aut

236 1721 369 1792 comes,
389 1701 457 1772 alta
476 1721 622 1796 persona
639 1701 696 1774 vel
714 1699 874 1790 humilis,
899 1699 1130 1774 ecclesiastica
1146 1701 1204 1772 vel
1225 1699 1402 1791 secularis,
1423 1711 1541 1778 oontm
1559 1725 1638 1799 pre-

235 1834 348 1897 sentes
367 1825 555 1898 sententias
578 1833 612 1897 et
631 1846 692 1919 per
709 1846 772 1898 nos
795 1825 1002 1921 approbatus
1018 1823 1136 1897 venire
1153 1833 1337 1920 presumat.
1361 1824 1463 1910 Quod
1477 1827 1537 1922 qui
1555 1850 1639 1924 pre-

235 1949 420 2045 sumpserit
434 1949 686 2044 quinquaginta
705 1949 867 2022 librarum
889 1949 966 2020 nuri
985 1970 1075 2044 pena
1092 1949 1277 2044 plectatur,
1304 1971 1451 2043 quarum
1471 1952 1639 2028 medietas

234 2074 323 2170 parti
337 2073 448 2170 ipsius
459 2073 613 2169 episcopi
628 2083 663 2145 et
674 2072 819 2146 ecclesie
833 2093 908 2160 sne,
924 2072 1055 2167 reliqna
1067 2071 1149 2147 liscn
1162 2082 1279 2146 nostro
1290 2073 1453 2148 solvatur.
1465 2074 1521 2148 Ad
1534 2076 1640 2171 hujus

234 2199 338 2294 igitur
351 2199 402 2272 rei
421 2199 619 2273 memoriam
645 2209 680 2272 et
702 2199 808 2272 robur
828 2207 992 2296 perpetuo
1020 2199 1227 2288 valiturum,
1252 2218 1393 2295 presens
1417 2200 1639 2298 privilegium

234 2323 308 2398 lieri
324 2333 359 2398 et
372 2323 468 2397 bulla
481 2346 587 2398 aurea
600 2323 724 2420 tipario
740 2332 855 2398 nostre
869 2323 1055 2417 majestatis
1066 2323 1232 2419 impressa
1239 2323 1406 2416 jussimus
1419 2328 1636 2401 communiri.

280 2451 391 2544 liujus
408 2450 457 2524 rei
476 2459 579 2524 testes
596 2459 679 2524 snut
698 2475 707 2522 :
729 2452 764 2522 S.
789 2449 1070 2546 archiepiscopus
1092 2450 1316 2544 Maguntinns
1337 2450 1441 2524 totius
1459 2451 1639 2528 Germanic

232 2573 565 2666 archicancellarius,
594 2575 634 2647 ll.
661 2573 966 2670 Papembergensis
987 2573 1187 2669 episcopus,
1206 2575 1248 2646 Η.
1270 2573 1422 2648 marchio
1438 2573 1483 2648 do
1497 2575 1633 2668 Buden,

233 2721 347 2772 nomes
361 2700 576 2772 llermannus
589 2697 635 2772 de
647 2698 886 2792 Ortembnrch,
901 2697 1062 2771 Albertns
1072 2697 1117 2772 de
1126 2698 1230 2787 Ense,
1245 2696 1439 2793 Englardus
1451 2699 1496 2774 de
1509 2700 1634 2795 Nidelr,

231 2834 267 2899 et
283 2823 341 2898 alii
357 2845 462 2920 quam
480 2824 609 2920 plures.

279 2949 423 3044 Signum
442 2947 575 3022 domiui
599 2946 764 3020 Friderici
783 2944 927 3020 secnndi
953 2946 1015 3020 liei
1036 2947 1147 3042 gratia
1172 2945 1390 3019 invictissimi
1406 2948 1636 3024 Romanorum

231 3073 445 3170 imperatoris
458 3093 593 3170 semper
604 3073 761 3168 angusti,
782 3072 968 3146 Jerusalem
982 3081 1017 3146 et
1031 3072 1146 3146 Sicilie
1162 3072 1265 3167 regis.
1283 3070 1583 3170 (Moeoprommo.)

277 3202 362 3277 Acta
379 3211 460 3276 sunt
475 3203 540 3276 heo
555 3223 647 3276 anno
661 3201 835 3276 dominice
857 3200 1102 3274 incarnationis
1116 3200 1296 3274 millesimo
1316 3199 1551 3278 ducentesimo
1569 3205 1637 3280 tri-

229 3329 357 3403 cesimo
369 3336 510 3423 quarto,
537 3347 655 3400 mense
672 3326 886 3418 novembris,
911 3334 1032 3399 octave
1049 3325 1261 3418 indictionis,
1289 3327 1479 3423 imperante
1495 3328 1637 3406 domino

229 3463 344 3528 nostro
360 3449 560 3551 Fr[iderico]
579 3451 641 3524 Dei
662 3451 772 3546 gretia
792 3450 1017 3524 invictissimo
1032 3452 1261 3524 Romanorum
1280 3451 1485 3547 imperatore
1500 3475 1637 3552 sampcr

229 3589 391 3674 augusto,
408 3577 595 3652 Jerusalem
607 3587 645 3650 et
655 3575 772 3650 Sicilie
784 3597 882 3671 rege,
899 3597 990 3649 anno
1003 3575 1136 3672 imperii
1150 3577 1226 3668 ejus
1238 3576 1517 3671 quartodecimo,
1535 3583 1633 3676 regui

228 3705 413 3778 Jerusalem
431 3723 540 3793 nono,
558 3701 657 3796 regni
674 3721 757 3774 vero
770 3700 886 3774 Sicilie
899 3701 1070 3774 tricesimo
1083 3708 1182 3774 sexto
1196 3697 1265 3796 (e),
1283 3701 1438 3776 feliciter.
1457 3701 1580 3778 Amen.

276 3832 400 3903 Datum
412 3827 531 3920 logis,
549 3847 658 3918 anno,
680 3847 799 3900 mense
814 3835 848 3900 et
864 3825 1053 3900 indictione
1063 3824 1273 3922 prescriptis.

440 4131 1415 4144 *unm-mum-

278 4389 515 4502 Fridericns,
540 4395 798 4482 Romanorum
820 4396 1039 4506 imperator,
1061 4397 1111 4480 ad
1132 4423 1261 4508 preces
1282 4399 1446 4484 Heinrici
1468 4403 1632 4514 episcopi
1681 4428 1785 4536 1:43?ss

226 4523 454 4636 Eyststensis
473 4527 726 4642 (Eichstidt),
747 4529 986 4642 privilegium
1003 4530 1167 4641 Philippi
1188 4531 1289 4643 regis
1310 4534 1434 4644 putrui
1454 4536 1512 4618 sui
1531 4563 1633 4622 enno
1681 4515 1800 4581 ¹²⁰'‘¹¹¹l‘¹3

267 4714 310 4798 (a)
330 4717 591 4801 Rccdnurcptr'mu,
604 4727 741 4798 utsupra
753 4723 933 4784 notavimus.
