4308 5910
511 583 570 646 tlt
1038 585 1396 648 GONSTITUTIONES

512 719 618 792 nostri
646 717 767 792 fideles
792 719 932 793 omnino
966 719 1122 793 sublatis.
1160 722 1342 794 sancimus
1369 721 1475 815 igitur
1501 718 1782 815 prescriptionem
1817 721 1918 810 anni,

512 843 656 934 mensis,
676 843 745 917 diei
766 853 800 918 et
823 844 923 934 bore,
948 866 1010 940 per
1032 867 1138 939 quam
1159 845 1284 939 aliquis
1305 844 1350 918 de
1373 843 1529 916 dominio
1552 844 1600 916 rei
1625 864 1690 916 sue
1713 843 1862 916 cadebat
1886 855 1921 917 ot

513 969 649 1040 francus
668 967 713 1040 de
730 968 898 1041 dissasina
913 969 1011 1062 queri
1029 991 1099 1041 non
1122 978 1274 1064 poterat,
1304 967 1442 1064 penitus
1465 967 1639 1058 amoveri3
1660 966 1724 1039 sed
1742 967 1922 1062 generales

514 1091 778 1187 prescriptioues
807 1093 1000 1165 communis
1026 1093 1113 1187 juris
1142 1093 1255 1165 locum
1279 1092 1431 1176 habere,
1470 1091 1599 1164 scilicet
1629 1091 1717 1164 inter
1747 1101 1922 1187 presentes

514 1215 691 1306 decennii,
718 1215 806 1289 inter
822 1217 981 1290 absentes
997 1217 1166 1307 vicennii,
1187 1217 1395 1313 precedente
1408 1213 1538 1290 scilicet
1560 1216 1659 1288 titulo
1684 1225 1720 1290 et
1739 1216 1831 1289 bona
1855 1215 1922 1290 fide

514 1359 560 1410 ex
577 1349 722 1435 utraque
741 1350 837 1436 parte
856 1341 1014 1436 undique
1028 1350 1266 1441 concurrente.
1286 1343 1350 1414 Per
1377 1341 1598 1414 tricennalem
1618 1341 1723 1414 etiam
1745 1341 1922 1437 prescrip-

514 1463 641 1537 tionem
666 1465 752 1538 inter
771 1466 940 1561 privatos,
961 1476 1109 1564 excepta
1125 1466 1370 1564 hypothecaria
1387 1467 1522 1540 actione
1540 1465 1642 1558 cujus
1659 1467 1732 1540 vita
1749 1466 1921 1540 interdum

514 1590 550 1660 in
570 1611 679 1664 annos
695 1591 923 1686 quadraginta
937 1592 1170 1688 protenditur,
1189 1613 1291 1665 omne
1299 1593 1357 1684 jus
1374 1600 1410 1664 et
1426 1613 1565 1666 omnem
1577 1591 1745 1664 actionem
1760 1593 1922 1664 volumus

514 1715 724 1787 submoveri.
739 1715 1019 1810 Quadragenaria
1032 1714 1081 1812 (a)
1092 1717 1195 1788 etiam
1206 1716 1453 1812 prescriptione
1467 1716 1555 1788 inter
1566 1716 1687 1789 tratres
1700 1716 1779 1809 lege
1790 1716 1923 1810 longo

514 1837 701 1910 bardorum
720 1837 861 1911 inducta
883 1861 988 1934 super
1006 1838 1235 1933 adequatione
1253 1839 1416 1912 stantium
1432 1837 1582 1934 partium
1602 1838 1746 1910 minime
1767 1837 1924 1910 iacienda

517 1972 551 2034 et
573 1985 678 2057 super
695 1962 800 2035 rebus
821 1985 908 2056 quas
931 1965 1016 2036 alter
1032 1985 1079 2036 ex
1098 1963 1261 2038 iratribus
1282 1975 1433 2058 tempore
1457 1962 1610 2059 predicte
1633 1963 1859 2059 possessionis
1878 1961 1924 2058 (l)

516 2087 657 2159 aliunde
671 2087 799 2160 babere
813 2109 850 2160 se
861 2088 965 2180 jurat,
981 2089 1018 2159 in
1031 2110 1096 2161 suo
1111 2089 1234 2162 robore
1250 2087 1429 2176 duratura,
1444 2085 1496 2186 [et
1509 2087 1556 2162 ad
1569 2109 1689 2160 omnes
1703 2087 1802 2181 regni
1816 2087 1924 2160 nostri

517 2211 638 2285 fideles
655 2234 717 2308 per
740 2224 931 2308 presentem
952 2213 1231 2286 constitutionem
1256 2215 1361 2286 nostri
1387 2213 1548 2286 culminis
1566 2221 1770 2311 pmmgata3
1796 2233 1924 2286 usuca·

516 2337 678 2433 pinnibus
699 2359 768 2431 que
788 2337 824 2408 in
842 2339 947 2411 rebus
972 2338 1158 2412 mobilibus
1182 2339 1270 2432 juris
1296 2339 1489 2410 communis
1508 2338 1649 2412 inducte
1674 2349 1772 2426 sunt,
1803 2337 1840 2408 in
1862 2358 1926 2410 sua

518 2461 678 2535 firmitate
695 2459 869 2560 servatis].

908 2667 1110 2742 TITULUS
1134 2669 1348 2743 XXXVlll.
1371 2675 1418 2742 lZ
1442 2665 1533 2765 (tt).

924 2821 972 2890 De
987 2821 1039 2890 rei
1057 2821 1179 2892 actbnc
1197 2832 1229 2892 ct
1246 2823 1436 2916 conceptione
1460 2819 1517 2918 (c).

1063 2995 1157 3043 rnen
1183 2993 1386 3045 nueusrus.

571 3121 860 3196 Consuetudinem
881 3123 1046 3196 hactenus
1061 3125 1097 3196 in
1112 3124 1256 3218 judiciis
1280 3125 1489 3198 obtinentem
1508 3123 1554 3198 de
1580 3121 1696 3198 medio
1720 3125 1841 3199 tollere
1860 3125 1933 3200 dis·

521 3256 699 3340 ponentes,
709 3268 882 3342 perquam
894 3247 1168 3344 laudaquamvis
1180 3258 1505 3344 magnatemporum
1514 3248 1766 3344 longinquitate
1774 3271 1934 3346 possessu

523 3371 688 3467 prescribi
704 3393 770 3444 non
787 3370 835 3468 (dl
854 3383 1026 3468 poterant,
1045 3383 1081 3447 et
1096 3374 1147 3446 sio
1160 3374 1331 3470 possessio
1347 3375 1536 3471 possessori
1550 3375 1605 3448 vel
1622 3376 1724 3450 etium
1737 3376 1874 3470 petitori
1886 3375 1933 3450 ad

525 3495 744 3590 probandum
760 3495 806 3569 de
822 3497 973 3571 dominio
988 3520 1102 3570 rerum
1123 3521 1212 3592 quas
1238 3501 1379 3572 forsitan
1398 3499 1485 3595 [ipsi
1498 3503 1551 3589 et]
1575 3509 1807 3574 antecessores
1831 3502 1887 3574 sui
1912 3523 1934 3576 u

523 3630 678 3715 tempore
700 3621 800 3713 cnjus
820 3623 984 3695 memoria
1011 3623 1200 3718 aliqnando
1222 3646 1291 3698 uon
1319 3624 1479 3714 extabat,
1509 3623 1750 3720 possederant,
1778 3627 1815 3700 iu
1839 3627 1936 3700 nullo

525 3745 685 3834 valebat;
705 3745 915 3842 precipimus
928 3769 1009 3820 eum
1022 3749 1084 3844 qui
1097 3749 1132 3819 in
1148 3759 1323 3844 posterum
1339 3749 1480 3844 triginta
1494 3750 1594 3822 annis
1609 3749 1751 3824 lendum
1763 3749 1935 3846 integrum

525 3869 582 3940 vel
600 3881 738 3963 quotam
754 3881 885 3965 partem
903 3873 1017 3964 leudi,
1039 3872 1084 3946 de
1101 3895 1171 3968 quo
1186 3885 1317 3946 certum
1335 3883 1369 3946 et
1389 3874 1607 3968 designatum
1625 3874 1804 3947 servitium
1821 3883 1937 3948 nostre

527 3994 621 4066 curis
640 3995 694 4067 vel
711 3997 852 4070 cuilibet
870 3998 927 4070 alii
950 3996 1130 4090 debeatur,
1152 4000 1315 4073 continue
1335 4008 1370 4073 et
1387 4000 1462 4072 sine
1479 3999 1728 4095 interruptione
1744 3999 1857 4072 civilis
1877 3999 1937 4072 vel

570 4171 609 4250 (a)
632 4175 668 4233 ln
691 4177 816 4251 utroque
834 4191 939 4254 graeco
956 4194 1058 4239 rursus
1073 4175 1236 4239 tricennali.
1250 4177 1309 4239 Sed
1322 4177 1454 4254 infectus,
1468 4180 1515 4240 tlt.
1532 4195 1608 4258 seq„
1623 4177 1661 4239 de
1679 4179 1835 4241 ulcennull
1848 4195 1936 4258 prus-

526 4283 669 4356 crtpttone
682 4296 778 4341 sermo
789 4281 923 4344 habetur.

569 4385 607 4462 (b)
629 4388 663 4447 In
678 4401 783 4464 graeco
797 4395 896 4449 autem
909 4393 1100 4474 παραγραφῆς,
1110 4391 1358 4471 praescriptioni&

570 4493 609 4573 (c)
630 4495 740 4556 Graece
756 4513 764 4554 ε
782 4495 927 4572 Quorum
936 4495 1025 4570 sende
1035 4515 1092 4578 per
1099 4501 1303 4578 portationem
1315 4497 1357 4560 ad
1370 4499 1684 4580 annuntiemur.

569 4599 613 4682 (d)
634 4601 700 4662 Non
721 4600 802 4663 deest
819 4605 852 4664 tn
873 4605 937 4666 cod.
955 4621 1058 4684 graeco
1073 4607 1244 4682 Punsienst,
1261 4609 1315 4670 sed
1333 4608 1418 4670 adest
1440 4610 1473 4668 tu
1494 4606 1654 4672 mecnno
1675 4611 1705 4668 et
1726 4607 1817 4668 mum
1839 4607 1872 4667 tn
1894 4607 1941 4668 lu-

529 4711 591 4770 tlno
607 4717 698 4770 4625.
