<?xml version="1.0" encoding="UTF-8"?>
<!DOCTYPE html PUBLIC "-//W3C//DTD XHTML 1.0 Transitional//EN"
    "http://www.w3.org/TR/xhtml1/DTD/xhtml1-transitional.dtd">
<html xmlns="http://www.w3.org/1999/xhtml" xml:lang="en" lang="en">
 <head>
  <title>
</title>
<meta http-equiv="Content-Type" content="text/html;charset=utf-8" />
  <meta name='ocr-system' content='tesseract 3.04.00' />
  <meta name='ocr-capabilities' content='ocr_page ocr_carea ocr_par ocr_line ocrx_word'/>
</head>
<body>
  <div class='ocr_page' id='page_1' title='image "./historiadiploma07fredgoog_0412.png"; bbox 0 0 4288 5912; ppageno 0'>
   <div class='ocr_carea' id='block_1_1' title="bbox 544 565 1950 649">
    <p class='ocr_par' dir='ltr' id='par_1_1' title="bbox 544 565 1950 649">
     <span class='ocr_line' id='line_1_1' title="bbox 544 565 1950 649; baseline 0.002 -19"><span class='ocrx_word' id='word_1_1' title='bbox 544 565 604 630; x_wconf 79' lang='lat'><strong>398</strong></span> <span class='ocrx_word' id='word_1_2' title='bbox 1039 567 1253 632; x_wconf 76' lang='lat' dir='ltr'><strong>lnlbsalct</strong></span> <span class='ocrx_word' id='word_1_3' title='bbox 1278 565 1451 632; x_wconf 69' lang='lat' dir='ltr'><strong>Sssclllllll</strong></span> <span class='ocrx_word' id='word_1_4' title='bbox 1758 569 1842 649; x_wconf 73' lang='lat' dir='ltr'><strong>[bn.</strong></span> <span class='ocrx_word' id='word_1_5' title='bbox 1861 568 1950 634; x_wconf 61' lang='lat' dir='ltr'><strong>lm.</strong></span> 
     </span>
    </p>
   </div>
   <div class='ocr_carea' id='block_1_2' title="bbox 594 698 1877 1050">
    <p class='ocr_par' dir='ltr' id='par_1_2' title="bbox 594 698 1877 1050">
     <span class='ocr_line' id='line_1_2' title="bbox 594 698 1608 800; baseline 0.004 -28"><span class='ocrx_word' id='word_1_6' title='bbox 594 700 620 792; x_wconf 85' lang='lat'>†</span> <span class='ocrx_word' id='word_1_7' title='bbox 638 700 712 795; x_wconf 79' lang='lat' dir='ltr'><strong>Ego</strong></span> <span class='ocrx_word' id='word_1_8' title='bbox 729 699 877 774; x_wconf 85' lang='lat' dir='ltr'><strong>loannes</strong></span> <span class='ocrx_word' id='word_1_9' title='bbox 890 699 936 774; x_wconf 89' lang='lat' dir='ltr'><strong>de</strong></span> <span class='ocrx_word' id='word_1_10' title='bbox 953 698 1133 776; x_wconf 83' lang='lat' dir='ltr'><strong>Asmundn</strong></span> <span class='ocrx_word' id='word_1_11' title='bbox 1150 703 1246 778; x_wconf 84' lang='lat' dir='ltr'><strong>testie</strong></span> <span class='ocrx_word' id='word_1_12' title='bbox 1258 703 1321 799; x_wconf 87' lang='lat' dir='ltr'><strong>qni</strong></span> <span class='ocrx_word' id='word_1_13' title='bbox 1336 723 1441 800; x_wconf 84' lang='lat' dir='ltr'><strong>snpra</strong></span> <span class='ocrx_word' id='word_1_14' title='bbox 1454 701 1608 780; x_wconf 80' lang='lat' dir='ltr'><strong>interlui.</strong></span> 
     </span>
     <span class='ocr_line' id='line_1_3' title="bbox 596 823 1777 924; baseline 0.002 -26"><span class='ocrx_word' id='word_1_15' title='bbox 596 823 623 916; x_wconf 59' lang='grc' dir='ltr'><strong>’ς</strong></span> <span class='ocrx_word' id='word_1_16' title='bbox 641 824 714 920; x_wconf 78' lang='lat' dir='ltr'><strong>Ego</strong></span> <span class='ocrx_word' id='word_1_17' title='bbox 731 825 879 898; x_wconf 86' lang='lat' dir='ltr'><strong>loannes</strong></span> <span class='ocrx_word' id='word_1_18' title='bbox 893 823 937 900; x_wconf 84' lang='lat' dir='ltr'><strong>de</strong></span> <span class='ocrx_word' id='word_1_19' title='bbox 953 824 1083 900; x_wconf 87' lang='lat' dir='ltr'><strong>Ursone</strong></span> <span class='ocrx_word' id='word_1_20' title='bbox 1099 826 1145 901; x_wconf 89' lang='lat' dir='ltr'><strong>de</strong></span> <span class='ocrx_word' id='word_1_21' title='bbox 1155 825 1290 903; x_wconf 76' lang='lat' dir='ltr'><strong>Abbate</strong></span> <span class='ocrx_word' id='word_1_22' title='bbox 1305 827 1367 924; x_wconf 89' lang='lat' dir='ltr'><strong>qui</strong></span> <span class='ocrx_word' id='word_1_23' title='bbox 1382 848 1500 924; x_wconf 85' lang='lat' dir='ltr'><strong>supra,</strong></span> <span class='ocrx_word' id='word_1_24' title='bbox 1519 827 1614 902; x_wconf 86' lang='lat' dir='ltr'><strong>tastis</strong></span> <span class='ocrx_word' id='word_1_25' title='bbox 1625 826 1777 900; x_wconf 83' lang='lat' dir='ltr'><strong>interlui.</strong></span> 
     </span>
     <span class='ocr_line' id='line_1_4' title="bbox 596 948 1877 1050; baseline 0 -26"><span class='ocrx_word' id='word_1_26' title='bbox 596 951 622 1043; x_wconf 87' lang='lat'>†</span> <span class='ocrx_word' id='word_1_27' title='bbox 639 950 713 1046; x_wconf 77' lang='lat' dir='ltr'><strong>Ego</strong></span> <span class='ocrx_word' id='word_1_28' title='bbox 726 948 921 1023; x_wconf 89' lang='lat' dir='ltr'><strong>Bernardus</strong></span> <span class='ocrx_word' id='word_1_29' title='bbox 933 949 1058 1024; x_wconf 87' lang='lat' dir='ltr'><strong>Montis</strong></span> <span class='ocrx_word' id='word_1_30' title='bbox 1074 950 1217 1026; x_wconf 69' lang='lat' dir='ltr'><strong>cirson</strong></span> <span class='ocrx_word' id='word_1_31' title='bbox 1230 953 1385 1028; x_wconf 65' lang='lat' dir='ltr'><strong>nonnus</strong></span> <span class='ocrx_word' id='word_1_32' title='bbox 1395 951 1457 1048; x_wconf 86' lang='lat' dir='ltr'><strong>qui</strong></span> <span class='ocrx_word' id='word_1_33' title='bbox 1476 973 1596 1050; x_wconf 84' lang='lat' dir='ltr'><strong>supra,</strong></span> <span class='ocrx_word' id='word_1_34' title='bbox 1613 951 1711 1026; x_wconf 83' lang='lat' dir='ltr'><strong>testis</strong></span> <span class='ocrx_word' id='word_1_35' title='bbox 1722 951 1877 1026; x_wconf 84' lang='lat' dir='ltr'><strong>interlui.</strong></span> 
     </span>
    </p>
   </div>
   <div class='ocr_carea' id='block_1_3' title="bbox 550 1153 1952 1344">
    <p class='ocr_par' dir='ltr' id='par_1_3' title="bbox 550 1153 1952 1344">
     <span class='ocr_line' id='line_1_5' title="bbox 588 1153 1952 1236; baseline 0.001 -21"><span class='ocrx_word' id='word_1_36' title='bbox 588 1153 766 1232; x_wconf 77' lang='lat' dir='ltr'><strong>[Exhibetur</strong></span> <span class='ocrx_word' id='word_1_37' title='bbox 779 1170 896 1234; x_wconf 85' lang='lat' dir='ltr'><strong>quoqne</strong></span> <span class='ocrx_word' id='word_1_38' title='bbox 914 1155 1001 1232; x_wconf 79' lang='lat' dir='ltr'><strong>sigilli</strong></span> <span class='ocrx_word' id='word_1_39' title='bbox 1019 1155 1131 1218; x_wconf 83' lang='lat' dir='ltr'><strong>Nleolal</strong></span> <span class='ocrx_word' id='word_1_40' title='bbox 1151 1153 1188 1216; x_wconf 85' lang='lat' dir='ltr'><strong>de</strong></span> <span class='ocrx_word' id='word_1_41' title='bbox 1208 1153 1339 1218; x_wconf 81' lang='lat' dir='ltr'><strong>Bisantlo</strong></span> <span class='ocrx_word' id='word_1_42' title='bbox 1363 1153 1492 1236; x_wconf 76' lang='lat' dir='ltr'><strong>effigies,</strong></span> <span class='ocrx_word' id='word_1_43' title='bbox 1506 1155 1617 1220; x_wconf 76' lang='lat' dir='ltr'><strong>antee</strong></span> <span class='ocrx_word' id='word_1_44' title='bbox 1638 1155 1765 1218; x_wconf 83' lang='lat' dir='ltr'><strong>elreulm</strong></span> <span class='ocrx_word' id='word_1_45' title='bbox 1786 1155 1901 1234; x_wconf 77' lang='lat' dir='ltr'>duplex</span> <span class='ocrx_word' id='word_1_46' title='bbox 1921 1157 1952 1216; x_wconf 90' lang='lat' dir='ltr'><strong>ln</strong></span> 
     </span>
     <span class='ocr_line' id='line_1_6' title="bbox 550 1255 1249 1344; baseline 0.003 -22"><span class='ocrx_word' id='word_1_47' title='bbox 550 1277 609 1340; x_wconf 90' lang='lat' dir='ltr'><strong>quo</strong></span> <span class='ocrx_word' id='word_1_48' title='bbox 622 1261 736 1322; x_wconf 75' lang='lat' dir='ltr'>litterae</span> <span class='ocrx_word' id='word_1_49' title='bbox 748 1261 787 1323; x_wconf 87' lang='lat' dir='ltr'><strong>N.</strong></span> <span class='ocrx_word' id='word_1_50' title='bbox 803 1261 837 1324; x_wconf 88' lang='lat' dir='ltr'><strong>B.</strong></span> <span class='ocrx_word' id='word_1_51' title='bbox 854 1259 992 1323; x_wconf 80' lang='lat' dir='ltr'><strong>dentibus</strong></span> <span class='ocrx_word' id='word_1_52' title='bbox 1005 1277 1101 1323; x_wconf 86' lang='lat' dir='ltr'><strong>serrae</strong></span> <span class='ocrx_word' id='word_1_53' title='bbox 1112 1255 1249 1344; x_wconf 79' lang='lat' dir='ltr'><strong>divisae]</strong></span> 
     </span>
    </p>
   </div>
   <div class='ocr_carea' id='block_1_4' title="bbox 370 1873 1954 2016">
    <p class='ocr_par' dir='ltr' id='par_1_4' title="bbox 370 1873 1954 2016">
     <span class='ocr_line' id='line_1_7' title="bbox 370 1873 1954 2016; baseline -0.007 -47"><span class='ocrx_word' id='word_1_54' title='bbox 370 1914 496 2016; x_wconf 50' lang='grc' dir='ltr'><strong>[Ἥ.</strong></span> <span class='ocrx_word' id='word_1_55' title='bbox 604 1875 835 1984; x_wconf 83' lang='lat' dir='ltr'><strong>Friderinus,</strong></span> <span class='ocrx_word' id='word_1_56' title='bbox 855 1875 1114 1960; x_wconf 86' lang='lat' dir='ltr'><strong>Romanorum</strong></span> <span class='ocrx_word' id='word_1_57' title='bbox 1131 1873 1350 1988; x_wconf 83' lang='lat' dir='ltr'><strong>imperator,</strong></span> <span class='ocrx_word' id='word_1_58' title='bbox 1365 1875 1494 1959; x_wconf 87' lang='lat' dir='ltr'><strong>omnia</strong></span> <span class='ocrx_word' id='word_1_59' title='bbox 1511 1875 1612 1962; x_wconf 89' lang='lat' dir='ltr'><strong>buna</strong></span> <span class='ocrx_word' id='word_1_60' title='bbox 1629 1877 1679 1961; x_wconf 88' lang='lat' dir='ltr'><strong>ab</strong></span> <span class='ocrx_word' id='word_1_61' title='bbox 1696 1903 1767 1961; x_wconf 87' lang='lat' dir='ltr'><strong>avo</strong></span> <span class='ocrx_word' id='word_1_62' title='bbox 1782 1903 1855 1960; x_wconf 88' lang='lat' dir='ltr'><strong>suo</strong></span> <span class='ocrx_word' id='word_1_63' title='bbox 1868 1875 1954 1962; x_wconf 88' lang='lat' dir='ltr'><strong>Fri—</strong></span> 
     </span>
    </p>
   </div>
   <div class='ocr_carea' id='block_1_5' title="bbox 552 2009 1955 2258">
    <p class='ocr_par' dir='ltr' id='par_1_5' title="bbox 552 2009 1955 2258">
     <span class='ocr_line' id='line_1_8' title="bbox 552 2009 1955 2120; baseline -0.002 -25"><span class='ocrx_word' id='word_1_64' title='bbox 552 2011 677 2095; x_wconf 84' lang='lat' dir='ltr'><strong>den&#39;eo</strong></span> <span class='ocrx_word' id='word_1_65' title='bbox 695 2011 712 2094; x_wconf 95' lang='grc' dir='ltr'>Ι</span> <span class='ocrx_word' id='word_1_66' title='bbox 729 2011 877 2095; x_wconf 88' lang='lat' dir='ltr'><strong>indulta</strong></span> <span class='ocrx_word' id='word_1_67' title='bbox 895 2009 1069 2094; x_wconf 82' lang='lat' dir='ltr'><strong>abbatiae</strong></span> <span class='ocrx_word' id='word_1_68' title='bbox 1090 2009 1383 2094; x_wconf 82' lang='lat' dir='ltr'><strong>lineehstedensi</strong></span> <span class='ocrx_word' id='word_1_69' title='bbox 1400 2009 1523 2120; x_wconf 84' lang='lat' dir='ltr'><strong>[juxta</strong></span> <span class='ocrx_word' id='word_1_70' title='bbox 1538 2009 1651 2118; x_wconf 85' lang='lat' dir='ltr'><strong>Zonsl</strong></span> <span class='ocrx_word' id='word_1_71' title='bbox 1675 2009 1901 2119; x_wconf 82' lang='lat' dir='ltr'><strong>confirmet,</strong></span> <span class='ocrx_word' id='word_1_72' title='bbox 1919 2019 1955 2093; x_wconf 87' lang='lat' dir='ltr'><strong>et</strong></span> 
     </span>
     <span class='ocr_line' id='line_1_9' title="bbox 553 2141 1878 2258; baseline -0.001 -28"><span class='ocrx_word' id='word_1_73' title='bbox 553 2171 744 2230; x_wconf 82' lang='lat' dir='ltr'><strong>eumcum</strong></span> <span class='ocrx_word' id='word_1_74' title='bbox 761 2145 933 2257; x_wconf 88' lang='lat' dir='ltr'><strong>personis</strong></span> <span class='ocrx_word' id='word_1_75' title='bbox 951 2155 988 2251; x_wconf 76' lang='lat' dir='ltr'><strong>et</strong></span> <span class='ocrx_word' id='word_1_76' title='bbox 1004 2145 1120 2229; x_wconf 89' lang='lat' dir='ltr'><strong>rebus</strong></span> <span class='ocrx_word' id='word_1_77' title='bbox 1138 2143 1210 2228; x_wconf 90' lang='lat' dir='ltr'><strong>sub</strong></span> <span class='ocrx_word' id='word_1_78' title='bbox 1228 2141 1457 2256; x_wconf 85' lang='lat' dir='ltr'><strong>protectione</strong></span> <span class='ocrx_word' id='word_1_79' title='bbox 1475 2171 1545 2228; x_wconf 87' lang='lat' dir='ltr'><strong>sna</strong></span> <span class='ocrx_word' id='word_1_80' title='bbox 1562 2145 1713 2256; x_wconf 84' lang='lat' dir='ltr'><strong>speciali</strong></span> <span class='ocrx_word' id='word_1_81' title='bbox 1730 2145 1878 2258; x_wconf 79' lang='lat' dir='ltr'><strong>recipit.</strong></span> 
     </span>
    </p>
   </div>
   <div class='ocr_carea' id='block_1_6' title="bbox 630 2355 1953 2553">
    <p class='ocr_par' dir='ltr' id='par_1_6' title="bbox 630 2355 1953 2553">
     <span class='ocr_line' id='line_1_10' title="bbox 630 2355 1953 2443; baseline -0.001 -18"><span class='ocrx_word' id='word_1_82' title='bbox 630 2361 746 2443; x_wconf 72' lang='lat' dir='ltr'><strong>(uttan</strong></span> <span class='ocrx_word' id='word_1_83' title='bbox 767 2361 964 2436; x_wconf 74' lang='lat' dir='ltr'><strong>heuman,</strong></span> <span class='ocrx_word' id='word_1_84' title='bbox 992 2355 1172 2423; x_wconf 63' lang='lat' dir='ltr'><strong>masadan.</strong></span> <span class='ocrx_word' id='word_1_85' title='bbox 1189 2359 1249 2441; x_wconf 75' lang='lat' dir='ltr'><strong>fita·</strong></span> <span class='ocrx_word' id='word_1_86' title='bbox 1268 2357 1317 2421; x_wconf 72' lang='lat' dir='ltr'><strong>«tta</strong></span> <span class='ocrx_word' id='word_1_87' title='bbox 1337 2357 1490 2423; x_wconf 71' lang='lat' dir='ltr'><strong>Gexllcltt.</strong></span> <span class='ocrx_word' id='word_1_88' title='bbox 1515 2357 1564 2422; x_wconf 76' lang='lat' dir='ltr'><strong>dee</strong></span> <span class='ocrx_word' id='word_1_89' title='bbox 1583 2357 1747 2434; x_wconf 68' lang='lat' dir='ltr'><strong>Niedml„</strong></span> <span class='ocrx_word' id='word_1_90' title='bbox 1770 2377 1830 2423; x_wconf 77' lang='lat' dir='ltr'><strong>rw.</strong></span> <span class='ocrx_word' id='word_1_91' title='bbox 1853 2361 1953 2437; x_wconf 75' lang='lat' dir='ltr'><strong>Beni,</strong></span> 
     </span>
     <span class='ocr_line' id='line_1_11' title="bbox 667 2465 1836 2553; baseline -0.003 -20"><span class='ocrx_word' id='word_1_92' title='bbox 667 2490 699 2552; x_wconf 92' lang='lat' dir='ltr'><strong>p.</strong></span> <span class='ocrx_word' id='word_1_93' title='bbox 716 2471 1143 2553; x_wconf 58' lang='lat' dir='ltr'><strong>astt‚n·1s⁴1‚exnburtul.</strong></span> <span class='ocrx_word' id='word_1_94' title='bbox 1161 2469 1750 2546; x_wconf 73' lang='lat' dir='ltr'><strong>abbamaebmnesoetreemnnrt,tnt</strong></span> <span class='ocrx_word' id='word_1_95' title='bbox 1771 2465 1836 2550; x_wconf 79' lang='lat'><strong>12.)</strong></span> 
     </span>
    </p>
   </div>
   <div class='ocr_carea' id='block_1_7' title="bbox 553 2658 1957 4498">
    <p class='ocr_par' dir='ltr' id='par_1_7' title="bbox 553 2658 1957 4498">
     <span class='ocr_line' id='line_1_12' title="bbox 599 2658 1955 2758; baseline -0.001 -26"><span class='ocrx_word' id='word_1_96' title='bbox 599 2658 791 2734; x_wconf 84' lang='lat' dir='ltr'><strong>Frideriuus</strong></span> <span class='ocrx_word' id='word_1_97' title='bbox 817 2660 879 2733; x_wconf 89' lang='lat' dir='ltr'><strong>Dei</strong></span> <span class='ocrx_word' id='word_1_98' title='bbox 903 2659 1011 2756; x_wconf 77' lang='lat' dir='ltr'><strong>gratia</strong></span> <span class='ocrx_word' id='word_1_99' title='bbox 1033 2661 1261 2734; x_wconf 84' lang='lat' dir='ltr'><strong>Romanorum</strong></span> <span class='ocrx_word' id='word_1_100' title='bbox 1279 2659 1462 2758; x_wconf 86' lang='lat' dir='ltr'><strong>imperatur</strong></span> <span class='ocrx_word' id='word_1_101' title='bbox 1482 2678 1616 2754; x_wconf 89' lang='lat' dir='ltr'><strong>semper</strong></span> <span class='ocrx_word' id='word_1_102' title='bbox 1639 2665 1827 2750; x_wconf 77' lang='lat' dir='ltr'><strong>augustus,</strong></span> <span class='ocrx_word' id='word_1_103' title='bbox 1854 2659 1955 2730; x_wconf 87' lang='lat' dir='ltr'><strong>leru-</strong></span> 
     </span>
     <span class='ocr_line' id='line_1_13' title="bbox 553 2781 1956 2880; baseline -0.001 -20"><span class='ocrx_word' id='word_1_104' title='bbox 553 2785 658 2860; x_wconf 82' lang='lat' dir='ltr'><strong>salem</strong></span> <span class='ocrx_word' id='word_1_105' title='bbox 676 2794 711 2858; x_wconf 90' lang='lat' dir='ltr'><strong>et</strong></span> <span class='ocrx_word' id='word_1_106' title='bbox 726 2785 840 2858; x_wconf 85' lang='lat' dir='ltr'><strong>Sicilie</strong></span> <span class='ocrx_word' id='word_1_107' title='bbox 857 2806 932 2858; x_wconf 86' lang='lat' dir='ltr'><strong>rex.</strong></span> <span class='ocrx_word' id='word_1_108' title='bbox 956 2784 1019 2857; x_wconf 89' lang='lat' dir='ltr'><strong>Per</strong></span> <span class='ocrx_word' id='word_1_109' title='bbox 1042 2805 1182 2880; x_wconf 81' lang='lat' dir='ltr'>presens</span> <span class='ocrx_word' id='word_1_110' title='bbox 1198 2783 1362 2880; x_wconf 85' lang='lat' dir='ltr'><strong>seriptum</strong></span> <span class='ocrx_word' id='word_1_111' title='bbox 1378 2791 1498 2856; x_wconf 88' lang='lat' dir='ltr'><strong>notum</strong></span> <span class='ocrx_word' id='word_1_112' title='bbox 1513 2803 1588 2856; x_wconf 87' lang='lat' dir='ltr'><strong>esse</strong></span> <span class='ocrx_word' id='word_1_113' title='bbox 1608 2781 1769 2855; x_wconf 85' lang='lat' dir='ltr'><strong>volumus</strong></span> <span class='ocrx_word' id='word_1_114' title='bbox 1784 2781 1956 2858; x_wconf 81' lang='lat' dir='ltr'><strong>universis</strong></span> 
     </span>
     <span class='ocr_line' id='line_1_14' title="bbox 554 2907 1956 3006; baseline 0 -24"><span class='ocrx_word' id='word_1_115' title='bbox 554 2909 688 3006; x_wconf 88' lang='lat' dir='ltr'><strong>imperii</strong></span> <span class='ocrx_word' id='word_1_116' title='bbox 713 2907 873 2984; x_wconf 82' lang='lat' dir='ltr'><strong>fidelibus</strong></span> <span class='ocrx_word' id='word_1_117' title='bbox 897 2919 966 2983; x_wconf 84' lang='lat' dir='ltr'><strong>tam</strong></span> <span class='ocrx_word' id='word_1_118' title='bbox 991 2910 1208 3005; x_wconf 81' lang='lat' dir='ltr'><strong>presentibus</strong></span> <span class='ocrx_word' id='word_1_119' title='bbox 1230 2931 1335 3004; x_wconf 89' lang='lat' dir='ltr'><strong>quam</strong></span> <span class='ocrx_word' id='word_1_120' title='bbox 1351 2908 1476 2980; x_wconf 82' lang='lat' dir='ltr'><strong>suturis</strong></span> <span class='ocrx_word' id='word_1_121' title='bbox 1489 2907 1584 3003; x_wconf 90' lang='lat' dir='ltr'><strong>quod</strong></span> <span class='ocrx_word' id='word_1_122' title='bbox 1601 2909 1803 2980; x_wconf 83' lang='lat' dir='ltr'><strong>eonstitutus</strong></span> <span class='ocrx_word' id='word_1_123' title='bbox 1816 2907 1854 2980; x_wconf 95' lang='lat' dir='ltr'><strong>in</strong></span> <span class='ocrx_word' id='word_1_124' title='bbox 1872 2929 1956 3004; x_wconf 87' lang='lat' dir='ltr'><strong>pre-</strong></span> 
     </span>
     <span class='ocr_line' id='line_1_15' title="bbox 558 3031 1956 3130; baseline 0.001 -23"><span class='ocrx_word' id='word_1_125' title='bbox 558 3033 668 3107; x_wconf 81' lang='lat' dir='ltr'><strong>sentia</strong></span> <span class='ocrx_word' id='word_1_126' title='bbox 680 3043 794 3106; x_wconf 86' lang='lat' dir='ltr'><strong>nostra</strong></span> <span class='ocrx_word' id='word_1_127' title='bbox 807 3031 978 3106; x_wconf 88' lang='lat' dir='ltr'><strong>Gilbertus</strong></span> <span class='ocrx_word' id='word_1_128' title='bbox 992 3033 1198 3107; x_wconf 84' lang='lat' dir='ltr'><strong>venerabilis</strong></span> <span class='ocrx_word' id='word_1_129' title='bbox 1207 3033 1299 3130; x_wconf 90' lang='lat' dir='ltr'><strong>prior</strong></span> <span class='ocrx_word' id='word_1_130' title='bbox 1310 3031 1761 3124; x_wconf 83' lang='lat' dir='ltr'><strong>Kneehstadensisecelesie,</strong></span> <span class='ocrx_word' id='word_1_131' title='bbox 1776 3033 1956 3108; x_wconf 79' lang='lat' dir='ltr'><strong>Premons·</strong></span> 
     </span>
     <span class='ocr_line' id='line_1_16' title="bbox 556 3155 1956 3254; baseline -0.001 -24"><span class='ocrx_word' id='word_1_132' title='bbox 556 3157 712 3231; x_wconf 81' lang='lat' dir='ltr'><strong>tralensis</strong></span> <span class='ocrx_word' id='word_1_133' title='bbox 728 3155 876 3248; x_wconf 79' lang='lat' dir='ltr'><strong>ordinis,</strong></span> <span class='ocrx_word' id='word_1_134' title='bbox 900 3156 1012 3232; x_wconf 87' lang='lat' dir='ltr'><strong>fidelis</strong></span> <span class='ocrx_word' id='word_1_135' title='bbox 1025 3167 1158 3248; x_wconf 80' lang='lat' dir='ltr'><strong>noster,</strong></span> <span class='ocrx_word' id='word_1_136' title='bbox 1183 3179 1246 3254; x_wconf 90' lang='lat' dir='ltr'><strong>pro</strong></span> <span class='ocrx_word' id='word_1_137' title='bbox 1261 3166 1357 3254; x_wconf 90' lang='lat' dir='ltr'><strong>parte</strong></span> <span class='ocrx_word' id='word_1_138' title='bbox 1375 3157 1416 3231; x_wconf 88' lang='lat' dir='ltr'><strong>G.</strong></span> <span class='ocrx_word' id='word_1_139' title='bbox 1442 3155 1649 3232; x_wconf 87' lang='lat' dir='ltr'><strong>venerabilis</strong></span> <span class='ocrx_word' id='word_1_140' title='bbox 1668 3156 1802 3230; x_wconf 85' lang='lat' dir='ltr'><strong>abbatis</strong></span> <span class='ocrx_word' id='word_1_141' title='bbox 1821 3158 1901 3250; x_wconf 89' lang='lat' dir='ltr'><strong>ejus</strong></span> <span class='ocrx_word' id='word_1_142' title='bbox 1922 3165 1956 3230; x_wconf 84' lang='lat' dir='ltr'><strong>et</strong></span> 
     </span>
     <span class='ocr_line' id='line_1_17' title="bbox 558 3280 1957 3374; baseline 0.003 -20"><span class='ocrx_word' id='word_1_143' title='bbox 558 3283 700 3355; x_wconf 79' lang='lat' dir='ltr'>fratrum</span> <span class='ocrx_word' id='word_1_144' title='bbox 715 3281 843 3356; x_wconf 81' lang='lat' dir='ltr'><strong>ibidem</strong></span> <span class='ocrx_word' id='word_1_145' title='bbox 855 3282 1001 3356; x_wconf 88' lang='lat' dir='ltr'><strong>Domine</strong></span> <span class='ocrx_word' id='word_1_146' title='bbox 1013 3282 1232 3356; x_wconf 72' lang='lat' dir='ltr'><strong>militantium</strong></span> <span class='ocrx_word' id='word_1_147' title='bbox 1246 3291 1438 3356; x_wconf 88' lang='lat' dir='ltr'><strong>nostrorum</strong></span> <span class='ocrx_word' id='word_1_148' title='bbox 1452 3280 1620 3374; x_wconf 82' lang='lat' dir='ltr'><strong>fidelium,</strong></span> <span class='ocrx_word' id='word_1_149' title='bbox 1636 3280 1831 3356; x_wconf 85' lang='lat' dir='ltr'><strong>eelsitudini</strong></span> <span class='ocrx_word' id='word_1_150' title='bbox 1845 3291 1957 3358; x_wconf 85' lang='lat' dir='ltr'><strong>nostre</strong></span> 
     </span>
     <span class='ocr_line' id='line_1_18' title="bbox 557 3405 1955 3504; baseline 0 -24"><span class='ocrx_word' id='word_1_151' title='bbox 557 3407 761 3504; x_wconf 80' lang='lat' dir='ltr'><strong>supplicavit</strong></span> <span class='ocrx_word' id='word_1_152' title='bbox 778 3406 950 3479; x_wconf 88' lang='lat' dir='ltr'><strong>humiliter</strong></span> <span class='ocrx_word' id='word_1_153' title='bbox 970 3414 1004 3480; x_wconf 89' lang='lat' dir='ltr'><strong>et</strong></span> <span class='ocrx_word' id='word_1_154' title='bbox 1030 3405 1154 3482; x_wconf 86' lang='lat' dir='ltr'><strong>devote</strong></span> <span class='ocrx_word' id='word_1_155' title='bbox 1176 3415 1216 3480; x_wconf 90' lang='lat' dir='ltr'><strong>ut</strong></span> <span class='ocrx_word' id='word_1_156' title='bbox 1241 3427 1404 3503; x_wconf 86' lang='lat' dir='ltr'><strong>personas</strong></span> <span class='ocrx_word' id='word_1_157' title='bbox 1429 3415 1465 3480; x_wconf 86' lang='lat' dir='ltr'><strong>et</strong></span> <span class='ocrx_word' id='word_1_158' title='bbox 1480 3406 1724 3480; x_wconf 84' lang='lat' dir='ltr'><strong>monasterium</strong></span> <span class='ocrx_word' id='word_1_159' title='bbox 1741 3427 1863 3480; x_wconf 86' lang='lat' dir='ltr'><strong>eorum</strong></span> <span class='ocrx_word' id='word_1_160' title='bbox 1878 3427 1955 3480; x_wconf 90' lang='lat' dir='ltr'><strong>cum</strong></span> 
     </span>
     <span class='ocr_line' id='line_1_19' title="bbox 561 3507 1957 3628; baseline 0.001 -24"><span class='ocrx_word' id='word_1_161' title='bbox 561 3531 721 3604; x_wconf 87' lang='lat' dir='ltr'><strong>omnibns</strong></span> <span class='ocrx_word' id='word_1_162' title='bbox 734 3539 802 3604; x_wconf 87' lang='lat' dir='ltr'><strong>tam</strong></span> <span class='ocrx_word' id='word_1_163' title='bbox 815 3507 996 3604; x_wconf 81' lang='lat' dir='ltr'><strong>stabilibus</strong></span> <span class='ocrx_word' id='word_1_164' title='bbox 1009 3553 1114 3628; x_wconf 85' lang='lat' dir='ltr'><strong>qnam</strong></span> <span class='ocrx_word' id='word_1_165' title='bbox 1127 3531 1326 3624; x_wconf 86' lang='lat' dir='ltr'><strong>mobilibus,</strong></span> <span class='ocrx_word' id='word_1_166' title='bbox 1345 3531 1583 3606; x_wconf 84' lang='lat' dir='ltr'><strong>ecelesiasticis</strong></span> <span class='ocrx_word' id='word_1_167' title='bbox 1598 3539 1659 3604; x_wconf 83' lang='lat' dir='ltr'><strong>aut</strong></span> <span class='ocrx_word' id='word_1_168' title='bbox 1670 3530 1873 3624; x_wconf 88' lang='lat' dir='ltr'><strong>mundanis,</strong></span> <span class='ocrx_word' id='word_1_169' title='bbox 1890 3552 1957 3626; x_wconf 84' lang='lat' dir='ltr'><strong>que</strong></span> 
     </span>
     <span class='ocr_line' id='line_1_20' title="bbox 562 3635 1957 3754; baseline -0.001 -26"><span class='ocrx_word' id='word_1_170' title='bbox 562 3655 598 3729; x_wconf 90' lang='lat' dir='ltr'><strong>in</strong></span> <span class='ocrx_word' id='word_1_171' title='bbox 615 3655 864 3752; x_wconf 85' lang='lat' dir='ltr'><strong>presentiarum</strong></span> <span class='ocrx_word' id='word_1_172' title='bbox 877 3657 971 3750; x_wconf 85' lang='lat' dir='ltr'><strong>juste</strong></span> <span class='ocrx_word' id='word_1_173' title='bbox 985 3665 1101 3730; x_wconf 86' lang='lat' dir='ltr'><strong>tenent</strong></span> <span class='ocrx_word' id='word_1_174' title='bbox 1116 3665 1151 3730; x_wconf 91' lang='lat' dir='ltr'><strong>et</strong></span> <span class='ocrx_word' id='word_1_175' title='bbox 1165 3656 1357 3752; x_wconf 87' lang='lat' dir='ltr'><strong>possident,</strong></span> <span class='ocrx_word' id='word_1_176' title='bbox 1373 3665 1410 3730; x_wconf 90' lang='lat' dir='ltr'><strong>et</strong></span> <span class='ocrx_word' id='word_1_177' title='bbox 1422 3635 1611 3754; x_wconf 76' lang='lat' dir='ltr'><strong>specialiter</strong></span> <span class='ocrx_word' id='word_1_178' title='bbox 1627 3676 1669 3729; x_wconf 84' lang='lat' dir='ltr'><strong>ee</strong></span> <span class='ocrx_word' id='word_1_179' title='bbox 1683 3655 1883 3752; x_wconf 87' lang='lat' dir='ltr'><strong>omniaque</strong></span> <span class='ocrx_word' id='word_1_180' title='bbox 1896 3677 1957 3752; x_wconf 89' lang='lat' dir='ltr'><strong>per</strong></span> 
     </span>
     <span class='ocr_line' id='line_1_21' title="bbox 557 3779 1955 3880; baseline 0 -28"><span class='ocrx_word' id='word_1_181' title='bbox 557 3780 777 3880; x_wconf 75' lang='lat' dir='ltr'><strong>privilegium</strong></span> <span class='ocrx_word' id='word_1_182' title='bbox 794 3779 925 3854; x_wconf 90' lang='lat' dir='ltr'><strong>domini</strong></span> <span class='ocrx_word' id='word_1_183' title='bbox 943 3779 1107 3854; x_wconf 88' lang='lat' dir='ltr'><strong>Friderici</strong></span> <span class='ocrx_word' id='word_1_184' title='bbox 1129 3781 1340 3877; x_wconf 84' lang='lat' dir='ltr'><strong>imperatoris</strong></span> <span class='ocrx_word' id='word_1_185' title='bbox 1364 3779 1607 3856; x_wconf 75' lang='lat' dir='ltr'><strong>reeordationis</strong></span> <span class='ocrx_word' id='word_1_186' title='bbox 1624 3780 1751 3878; x_wconf 76' lang='lat' dir='ltr'><strong>inelyte</strong></span> <span class='ocrx_word' id='word_1_187' title='bbox 1769 3781 1828 3854; x_wconf 85' lang='lat' dir='ltr'><strong>avi</strong></span> <span class='ocrx_word' id='word_1_188' title='bbox 1852 3780 1955 3854; x_wconf 87' lang='lat' dir='ltr'><strong>nostri</strong></span> 
     </span>
     <span class='ocr_line' id='line_1_22' title="bbox 558 3901 1957 4002; baseline -0.003 -22"><span class='ocrx_word' id='word_1_189' title='bbox 558 3907 608 3980; x_wconf 91' lang='lat' dir='ltr'><strong>eis</strong></span> <span class='ocrx_word' id='word_1_190' title='bbox 624 3905 760 3979; x_wconf 88' lang='lat' dir='ltr'><strong>indulta</strong></span> <span class='ocrx_word' id='word_1_191' title='bbox 776 3914 858 3978; x_wconf 90' lang='lat' dir='ltr'><strong>sunt</strong></span> <span class='ocrx_word' id='word_1_192' title='bbox 874 3901 943 4002; x_wconf 83' lang='lat' dir='ltr'><strong>(l),</strong></span> <span class='ocrx_word' id='word_1_193' title='bbox 963 3903 1029 3977; x_wconf 88' lang='lat' dir='ltr'><strong>sub</strong></span> <span class='ocrx_word' id='word_1_194' title='bbox 1047 3907 1256 4001; x_wconf 84' lang='lat' dir='ltr'><strong>protectione</strong></span> <span class='ocrx_word' id='word_1_195' title='bbox 1274 3906 1460 3999; x_wconf 84' lang='lat' dir='ltr'><strong>majestatis</strong></span> <span class='ocrx_word' id='word_1_196' title='bbox 1473 3915 1587 3978; x_wconf 84' lang='lat' dir='ltr'><strong>nostre</strong></span> <span class='ocrx_word' id='word_1_197' title='bbox 1601 3905 1751 4000; x_wconf 79' lang='lat' dir='ltr'><strong>recipere</strong></span> <span class='ocrx_word' id='word_1_198' title='bbox 1767 3913 1802 3976; x_wconf 88' lang='lat' dir='ltr'><strong>et</strong></span> <span class='ocrx_word' id='word_1_199' title='bbox 1818 3904 1903 4000; x_wconf 89' lang='lat' dir='ltr'><strong>ipsis</strong></span> <span class='ocrx_word' id='word_1_200' title='bbox 1917 3925 1957 3976; x_wconf 85' lang='lat' dir='ltr'><strong>ac</strong></span> 
     </span>
     <span class='ocr_line' id='line_1_23' title="bbox 559 4025 1955 4126; baseline -0.002 -24"><span class='ocrx_word' id='word_1_201' title='bbox 559 4029 812 4102; x_wconf 83' lang='lat' dir='ltr'><strong>suecessoribus</strong></span> <span class='ocrx_word' id='word_1_202' title='bbox 826 4029 900 4102; x_wconf 90' lang='lat' dir='ltr'><strong>suis</strong></span> <span class='ocrx_word' id='word_1_203' title='bbox 915 4025 1117 4102; x_wconf 84' lang='lat' dir='ltr'><strong>confirmare</strong></span> <span class='ocrx_word' id='word_1_204' title='bbox 1131 4029 1168 4101; x_wconf 93' lang='lat' dir='ltr'><strong>in</strong></span> <span class='ocrx_word' id='word_1_205' title='bbox 1183 4037 1384 4125; x_wconf 85' lang='lat' dir='ltr'><strong>perpetuum</strong></span> <span class='ocrx_word' id='word_1_206' title='bbox 1401 4029 1635 4120; x_wconf 81' lang='lat' dir='ltr'><strong>dignaremur.</strong></span> <span class='ocrx_word' id='word_1_207' title='bbox 1654 4028 1810 4126; x_wconf 88' lang='lat' dir='ltr'><strong>Inprimis</strong></span> <span class='ocrx_word' id='word_1_208' title='bbox 1827 4037 1955 4100; x_wconf 86' lang='lat' dir='ltr'><strong>curtem</strong></span> 
     </span>
     <span class='ocr_line' id='line_1_24' title="bbox 559 4149 1955 4252; baseline 0 -29"><span class='ocrx_word' id='word_1_209' title='bbox 559 4149 594 4223; x_wconf 90' lang='lat' dir='ltr'><strong>in</strong></span> <span class='ocrx_word' id='word_1_210' title='bbox 608 4151 847 4227; x_wconf 88' lang='lat' dir='ltr'><strong>Knecbsteden</strong></span> <span class='ocrx_word' id='word_1_211' title='bbox 867 4175 947 4226; x_wconf 87' lang='lat' dir='ltr'><strong>eum</strong></span> <span class='ocrx_word' id='word_1_212' title='bbox 969 4155 1063 4248; x_wconf 80' lang='lat' dir='ltr'><strong>agris</strong></span> <span class='ocrx_word' id='word_1_213' title='bbox 1079 4153 1168 4240; x_wconf 86' lang='lat' dir='ltr'><strong>suis,</strong></span> <span class='ocrx_word' id='word_1_214' title='bbox 1189 4153 1314 4252; x_wconf 76' lang='lat' dir='ltr'><strong>sylvis,</strong></span> <span class='ocrx_word' id='word_1_215' title='bbox 1334 4153 1457 4252; x_wconf 89' lang='lat' dir='ltr'><strong>pratis,</strong></span> <span class='ocrx_word' id='word_1_216' title='bbox 1478 4153 1614 4250; x_wconf 80' lang='lat' dir='ltr'><strong>pascuis</strong></span> <span class='ocrx_word' id='word_1_217' title='bbox 1632 4161 1666 4226; x_wconf 89' lang='lat' dir='ltr'><strong>et</strong></span> <span class='ocrx_word' id='word_1_218' title='bbox 1683 4151 1900 4244; x_wconf 78' lang='lat' dir='ltr'><strong>molendin03</strong></span> <span class='ocrx_word' id='word_1_219' title='bbox 1921 4152 1955 4223; x_wconf 92' lang='lat' dir='ltr'><strong>in</strong></span> 
     </span>
     <span class='ocr_line' id='line_1_25' title="bbox 559 4276 1953 4373; baseline 0.001 -25"><span class='ocrx_word' id='word_1_220' title='bbox 559 4276 744 4350; x_wconf 90' lang='lat' dir='ltr'><strong>Straburch</strong></span> <span class='ocrx_word' id='word_1_221' title='bbox 761 4287 873 4352; x_wconf 81' lang='lat' dir='ltr'><strong>curtes</strong></span> <span class='ocrx_word' id='word_1_222' title='bbox 891 4277 996 4373; x_wconf 86' lang='lat' dir='ltr'><strong>duas;</strong></span> <span class='ocrx_word' id='word_1_223' title='bbox 1015 4280 1051 4352; x_wconf 94' lang='lat' dir='ltr'><strong>in</strong></span> <span class='ocrx_word' id='word_1_224' title='bbox 1066 4279 1271 4354; x_wconf 88' lang='lat' dir='ltr'><strong>Nivenheim</strong></span> <span class='ocrx_word' id='word_1_225' title='bbox 1283 4289 1415 4354; x_wconf 75' lang='lat' dir='ltr'><strong>onmem</strong></span> <span class='ocrx_word' id='word_1_226' title='bbox 1432 4301 1560 4370; x_wconf 81' lang='lat' dir='ltr'><strong>unam;</strong></span> <span class='ocrx_word' id='word_1_227' title='bbox 1581 4289 1711 4352; x_wconf 86' lang='lat' dir='ltr'><strong>curtem</strong></span> <span class='ocrx_word' id='word_1_228' title='bbox 1725 4277 1760 4349; x_wconf 93' lang='lat' dir='ltr'><strong>in</strong></span> <span class='ocrx_word' id='word_1_229' title='bbox 1777 4276 1953 4368; x_wconf 83' lang='lat' dir='ltr'><strong>Balabem;</strong></span> 
     </span>
     <span class='ocr_line' id='line_1_26' title="bbox 561 4401 1955 4498; baseline 0.001 -24"><span class='ocrx_word' id='word_1_230' title='bbox 561 4409 690 4476; x_wconf 85' lang='lat' dir='ltr'><strong>curtem</strong></span> <span class='ocrx_word' id='word_1_231' title='bbox 705 4402 739 4474; x_wconf 87' lang='lat' dir='ltr'><strong>in</strong></span> <span class='ocrx_word' id='word_1_232' title='bbox 751 4403 954 4498; x_wconf 77' lang='lat' dir='ltr'><strong>Panhusen3</strong></span> <span class='ocrx_word' id='word_1_233' title='bbox 971 4413 1102 4478; x_wconf 81' lang='lat' dir='ltr'><strong>curtem</strong></span> <span class='ocrx_word' id='word_1_234' title='bbox 1115 4404 1150 4476; x_wconf 95' lang='lat' dir='ltr'><strong>in</strong></span> <span class='ocrx_word' id='word_1_235' title='bbox 1160 4401 1422 4490; x_wconf 70' lang='lat' dir='ltr'><strong>Diburnhovem</strong></span> <span class='ocrx_word' id='word_1_236' title='bbox 1439 4413 1569 4478; x_wconf 86' lang='lat' dir='ltr'><strong>curtem</strong></span> <span class='ocrx_word' id='word_1_237' title='bbox 1582 4403 1618 4477; x_wconf 92' lang='lat' dir='ltr'><strong>in</strong></span> <span class='ocrx_word' id='word_1_238' title='bbox 1628 4402 1809 4496; x_wconf 74' lang='lat' dir='ltr'><strong>llorhsim3</strong></span> <span class='ocrx_word' id='word_1_239' title='bbox 1826 4415 1955 4476; x_wconf 84' lang='lat' dir='ltr'><strong>curtem</strong></span> 
     </span>
    </p>
   </div>
   <div class='ocr_carea' id='block_1_8' title="bbox 596 4707 1954 4789">
    <p class='ocr_par' dir='ltr' id='par_1_8' title="bbox 596 4707 1954 4789">
     <span class='ocr_line' id='line_1_27' title="bbox 596 4707 1954 4789; baseline -0.001 -23"><span class='ocrx_word' id='word_1_240' title='bbox 596 4709 729 4785; x_wconf 61' lang='lat' dir='ltr'><strong>(lllllxtat</strong></span> <span class='ocrx_word' id='word_1_241' title='bbox 746 4713 911 4789; x_wconf 73' lang='lat' dir='ltr'><strong>privilegium</strong></span> <span class='ocrx_word' id='word_1_242' title='bbox 929 4713 956 4772; x_wconf 90' lang='lat' dir='ltr'><strong>iu</strong></span> <span class='ocrx_word' id='word_1_243' title='bbox 973 4712 1061 4789; x_wconf 84' lang='lat' dir='ltr'><strong>primu</strong></span> <span class='ocrx_word' id='word_1_244' title='bbox 1072 4718 1147 4789; x_wconf 84' lang='lat' dir='ltr'><strong>parte</strong></span> <span class='ocrx_word' id='word_1_245' title='bbox 1164 4713 1327 4772; x_wconf 84' lang='lat' dir='ltr'><strong>nolleetionis</strong></span> <span class='ocrx_word' id='word_1_246' title='bbox 1344 4728 1361 4771; x_wconf 87' lang='lat' dir='ltr'><strong>a</strong></span> <span class='ocrx_word' id='word_1_247' title='bbox 1377 4711 1548 4772; x_wconf 74' lang='lat' dir='ltr'><strong>lacembleto</strong></span> <span class='ocrx_word' id='word_1_248' title='bbox 1560 4711 1660 4783; x_wconf 84' lang='lat' dir='ltr'><strong>editae,</strong></span> <span class='ocrx_word' id='word_1_249' title='bbox 1672 4726 1700 4786; x_wconf 91' lang='lat' dir='ltr'><strong>p.</strong></span> <span class='ocrx_word' id='word_1_250' title='bbox 1711 4711 1835 4782; x_wconf 65' lang='lat' dir='ltr'><strong>abbibo,</strong></span> <span class='ocrx_word' id='word_1_251' title='bbox 1848 4717 1882 4766; x_wconf 80' lang='lat' dir='ltr'><strong>n⁰</strong></span> <span class='ocrx_word' id='word_1_252' title='bbox 1893 4707 1954 4764; x_wconf 74' lang='lat' dir='ltr'><strong>lsi.</strong></span> 
     </span>
    </p>
   </div>
   <div class='ocr_carea' id='block_1_9' title="bbox 0 0 2160 5908">
    <p class='ocr_par' dir='ltr' id='par_1_9' title="bbox 0 0 2160 5908">
     <span class='ocr_line' id='line_1_28' title="bbox 0 0 2160 5908; baseline 0 0"><span class='ocrx_word' id='word_1_253' title='bbox 0 0 2160 5908; x_wconf 95' lang='lat' dir='ltr'><strong> </strong></span> 
     </span>
    </p>
   </div>
  </div>
 </body>
</html>
