4308 5910
820 599 945 662 neom
970 599 1157 663 SICILIAE.
1632 602 1690 666 123

283 733 459 808 momenti.
488 731 698 828 Eisdemque
717 731 999 808 contrahentibus
1022 744 1058 808 et
1078 733 1307 808 alienantibus
1329 732 1549 808 concedimus
1569 745 1689 832 putes

281 867 385 930 tutem
403 860 482 952 jure
502 857 640 954 proprIu
657 856 811 953 predicta
836 857 953 932 omnia
976 877 1150 932 revocare.
1172 857 1318 932 Arbitria
1341 857 1445 931 etiam
1462 879 1508 930 ex
1526 879 1687 954 compro-

280 981 385 1054 misso
410 1001 515 1078 super
537 981 713 1078 premIssis
737 983 826 1056 lacta
851 984 947 1056 nulla
973 1005 1171 1073 censemus,
1199 1005 1278 1055 cum
1303 983 1348 1058 de
1370 983 1421 1056 eis
1445 983 1686 1058 constitutione

279 1113 395 1180 nostm
411 1106 514 1180 certis
530 1106 702 1202 pascuis,
724 1107 887 1202 magistm
899 1108 1086 1201 justitiario
1101 1119 1136 1182 et
1147 1107 1339 1203 justitiariis
1357 1117 1511 1196 tautum,
1532 1108 1685 1202 cognitio

278 1229 323 1300 sit
350 1227 476 1304 delata.
508 1231 740 1306 Excedentias
767 1239 882 1305 autem
913 1231 1102 1306 baronibus
1135 1241 1170 1306 et
1198 1231 1364 1305 militibus
1395 1233 1509 1308 locare
1539 1233 1684 1328 permit-

279 1355 395 1448 timus,
405 1353 603 1430 ·dummodo
616 1356 684 1428 snb
697 1377 739 1430 eo
751 1375 873 1430 annuo
885 1356 1025 1430 servitio
1038 1365 1073 1430 et
1085 1355 1199 1430 reditu
1214 1357 1382 1448 locentur,
1398 1356 1464 1429 sub
1475 1377 1547 1452 quo
1561 1357 1608 1430 ab
1621 1379 1684 1430 au·

278 1480 375 1574 tiqno
398 1479 501 1552 locari
526 1489 801 1573 consueverunl3
820 1481 867 1553 ita
884 1479 981 1576 qnod
1003 1481 1039 1552 iu
1063 1481 1159 1554 nullo
1182 1479 1337 1555 debitum
1358 1480 1535 1556 servitium
1555 1482 1609 1555 vel
1629 1503 1684 1555 re·

277 1603 371 1676 ditus
386 1602 568 1677 minuatur.

892 1845 955 1912 ΝΖ
978 1837 1065 1937 (57).

852 2009 900 2079 lle
918 2007 1027 2080 codem
1047 2005 1109 2102 (a).

821 2193 914 2244 rnen
943 2193 1140 2246 incussus.

325 2335 396 2408 Hac
411 2332 550 2408 edictali
571 2333 648 2430 lege
665 2334 702 2408 iu
719 2343 923 2432 perpetuum
939 2335 1086 2408 valitura
1102 2334 1265 2408 omnibns
1282 2335 1379 2430 regui
1397 2335 1504 2410 nostri
1522 2334 1683 2410 fidelibus

278 2459 473 2533 iuhibemus
489 2467 528 2532 ut
543 2459 659 2532 nullus
674 2479 809 2552 comes,
830 2459 914 2534 baro
931 2459 988 2533 vel
1007 2461 1102 2532 miles
1120 2459 1177 2534 vel
1193 2457 1340 2554 quilibet
1360 2459 1450 2532 alius
1467 2459 1523 2532 vel
1539 2459 1683 2533 clericus

278 2607 333 2659 res
349 2585 634 2681 qualitercunque
653 2585 700 2682 (b)
718 2583 943 2659 servitutibus
958 2583 1004 2682 (c)
1022 2583 1204 2679 obligatas,
1222 2581 1268 2656 de
1285 2583 1414 2678 quibus
1430 2582 1481 2682 (d)
1498 2583 1630 2658 reditus
1648 2593 1684 2657 et

277 2710 415 2784 servitia
440 2709 536 2783 curie
553 2719 670 2784 nosne
686 2707 890 2799 debeantur,
908 2731 1118 2805 quocunque
1133 2707 1348 2783 alienationis
1364 2709 1463 2784 titulo
1477 2709 1566 2782 inter
1581 2709 1684 2782 vivos

278 2835 332 2907 vel
362 2835 398 2906 in
431 2833 560 2907 ultimis
584 2833 821 2908 voluntatibus
845 2835 880 2906 iu
913 2833 1019 2908 alium
1048 2855 1111 2930 pro
1138 2841 1233 2930 parte
1258 2833 1316 2906 vel
1340 2833 1376 2904 in
1402 2841 1473 2907 toto
1501 2833 1683 2906 transferre

276 2969 450 3054 presumat
467 2959 523 3034 val
540 2960 644 3034 eliam
661 2967 893 3050 commutare,
913 2959 1008 3034 unde
1028 2957 1209 3032 servitium
1228 2955 1341 3053 ipsum
1357 2965 1418 3031 aut
1434 2957 1566 3032 reditus
1582 2957 1678 3031 curia

275 3091 388 3157 nostra
404 3081 536 3179 perdm.

728 3321 930 3396 TITULUS
953 3321 1015 3396 vl.
1039 3325 1109 3411 ,ΝΗ
1131 3317 1224 3418 (58).

442 3501 489 3572 Dc
512 3501 703 3574 recocoodt's
724 3501 971 3574 transcuntibus
987 3500 1034 3572 cd
1052 3499 1197 3572 alienum
1217 3497 1477 3591 mutorum(
1497 3498 1521 3592 ).

818 3701 910 3752 tnntt
938 3699 1137 3751 AUGUSTUS·

323 3857 487 3953 Quisquis
507 3855 553 3932 de
570 3855 801 3953 burgensibus
818 3867 878 3931 ant
895 3856 1032 3930 villanis
1053 3854 1099 3929 ad
1117 3864 1271 3928 nostrum
1287 3852 1486 3928 demanium
1505 3852 1679 3954 pertiuen-

275 3979 367 4056 tibus
391 3983 603 4078 temporibus
620 3982 795 4056 retroactis
813 3981 859 4055 ad
884 3979 1106 4055 ecclesiarum
1123 3979 1217 4068 loca,
1234 3979 1397 4052 comitum
1424 4000 1487 4054 seu
1509 3979 1678 4052 baronum

275 4107 331 4180 vel
354 4107 499 4182 aliorum
527 4109 760 4204 quorumlibet
782 4127 990 4204 quacunque
1013 4105 1193 4180 occasione
1218 4103 1409 4196 transierit,
1434 4103 1583 4178 incolatu
1614 4123 1676 4176 seu

318 4309 358 4390 (a)
377 4302 1398 4394 mammaemadoaqaommqwatmcuaatctttqutb.

317 4415 358 4496 (b)
378 4415 1198 4501 Inmanttrcclclatictttqnalbomwtitmffte.

318 4522 354 4600 (t)
375 4525 412 4586 ln
424 4525 492 4588 cod.
507 4533 583 4588 40Ιὸ
598 4529 704 4587 notitia
715 4527 852 4596 tmilt't'tt
866 4527 918 4588 sed
932 4529 962 4588 In
977 4543 1082 4604 graeco
1099 4521 1151 4584 tab
1173 4518 1291 4582 omittet
1304 4518 1375 4585 τινὰ.

318 4627 360 4708 (ὁ)
380 4632 417 4692 1u
429 4631 497 4694 cort.
513 4641 591 4694 tons
604 4629 651 4694 cat
662 4631 698 4694 da
708 4632 822 4716 quom.

318 4739 354 4812 let
378 4738 489 4802 Graece
506 4759 515 4802 ε
529 4739 571 4802 οι
585 4743 707 4803 ormano
718 4744 872 4803 mittito
884 4737 1045 4802 lomtnttas
1058 4737 1186 4800 mae
1200 4743 1235 4801 at
1251 4741 1434 4798 metuatur
1445 4733 1488 4798 cd
1498 4731 1672 4802 amantea.
