4298 5906
527 534 587 598 206
974 535 1111 600 Notas
1137 533 1490 598 consultationes

531 671 597 744 uisi
616 669 833 767 probationes
852 693 899 744 cx
915 671 1105 770 longinquo
1120 681 1294 770 petantur,
1309 681 1522 746 sacramento
1539 671 1732 768 specialiter
1753 693 1859 768 super
1873 673 1938 748 hoc

530 795 671 891 prestito
690 817 753 892 per
769 803 965 891 petentem,
985 799 1040 872 vel
1067 799 1134 873 alia
1163 797 1441 872 manifestissima
1471 816 1576 870 cansa
1592 796 1656 888 sit,
1671 805 1811 894 propter
1834 817 1937 893 quam

532 943 637 994 causa
656 920 745 994 inira
767 920 959 1017 predictum
978 923 1161 998 terminum
1179 921 1271 996 liniri
1289 943 1359 996 uon
1374 921 1494 1018 possit.

897 1179 1039 1256 trouu
1069 1183 1101 1276 1,
1132 1181 1336 1255 rruonos
1363 1177 1567 1252 cxxvrrr.

758 1355 814 1430 Dc
832 1360 1016 1432 summaria
1032 1361 1213 1456 capnitinnc
1232 1369 1348 1433 contra
1364 1357 1542 1458 patettotor
1557 1354 1708 1450 secedo.

576 1532 822 1610 Auctoritatem
839 1537 942 1612 etiam
960 1538 1089 1632 bajulis
1106 1538 1322 1635 impartimur
1338 1545 1378 1610 ut
1393 1535 1440 1611 ad
1455 1536 1614 1632 querelas
1633 1542 1827 1610 nostrorum
1846 1530 1941 1608 toe-

527 1657 632 1748 lium,
652 1660 839 1733 summoria
860 1661 1059 1756 cognitione
1082 1663 1268 1758 premissa,
1288 1660 1591 1757 superexactiouss
1607 1657 1740 1730 restitui
1761 1655 1888 1732 iaciant
1905 1665 1942 1730 et

527 1783 665 1878 rapinas
693 1805 781 1879 quas
807 1785 986 1879 caballos,
1018 1787 1204 1879 forestarii,
1233 1787 1411 1884 platanii,
1437 1781 1635 1882 portionarii
1663 1803 1727 1856 scu
1754 1781 1941 1878 pamagerii

531 1915 648 1979 contra
665 1916 816 1982 veterem
832 1908 976 1983 formam
988 1919 1049 1984 aut
1065 1919 1182 1985 contra
1201 1931 1293 1984 nova
1310 1917 1426 1982 nostre
1440 1907 1536 1981 curis
1553 1914 1679 1982 statuta
1695 1904 1750 2003 (l)
1767 1906 1804 1978 iu
1821 1903 1941 1980 fideles

529 2041 663 2106 nostros
698 2043 877 2124 exeroeut3
904 2037 1199 2132 superexactionis
1224 2045 1259 2111 et
1283 2036 1404 2132 rapine
1431 2056 1522 2132 pana
1550 2033 1723 2132 magistris
1743 2032 1942 2108 camerariis

529 2158 591 2254 qui
607 2157 778 2256 predictos
795 2159 959 2236 officiales
974 2161 1183 2236 instituerint
1199 2170 1385 2236 reservata.

906 2417 1048 2494 LIBER
1075 2417 1108 2508 1,
1142 2415 1350 2490 TITULUS
1379 2413 1562 2488 LXXXV.

1005 2597 1056 2670 De
1071 2597 1195 2669 saletto
1213 2591 1460 2667 advocatorum.

577 2771 650 2844 Hac
666 2769 806 2844 edictali
824 2771 902 2865 lege
914 2771 1079 2865 jubemus
1094 2773 1281 2848 advocatos
1299 2792 1419 2845 omues
1439 2791 1502 2864 pro
1520 2789 1640 2842 eorum
1658 2765 1804 2849 salariis,
1824 2786 1941 2860 quan-

530 2895 727 2992 documque
749 2896 843 2994 ipsos
865 2898 902 2969 iu
926 2899 1139 2995 privatorum
1162 2899 1277 2973 causis
1305 2905 1459 2994 oporteat
1482 2895 1672 2992 postulare,
1697 2913 1766 2964 non
1793 2891 1941 2987 amplius

530 3021 670 3116 exigere
687 3023 744 3095 vel
762 3045 783 3096 a
801 3021 1015 3116 litigantibus
1034 3024 1191 3119 stipulari
1211 3045 1316 3120 quam
1337 3020 1590 3114 sexagesimam
1607 3025 1738 3114 partem
1760 3037 1864 3090 causo
1879 3037 1941 3112 pro

529 3167 600 3240 qua
621 3145 823 3240 suffragium
845 3145 1121 3242 spoponderunt,
1145 3149 1175 3221 si
1199 3168 1254 3221 rcs
1275 3167 1345 3242 que
1364 3145 1492 3242 petitur
1514 3143 1764 3218 estimationem
1784 3140 1938 3237 recipiat.

531 3267 686 3342 Ceterum
716 3269 898 3366 superbis
927 3291 997 3364 que
1023 3292 1092 3344 uon
1119 3279 1278 3368 poterunt
1308 3269 1479 3360 estimari,
1509 3267 1671 3341 volumus
1696 3266 1942 3341 advocatorum

529 3391 653 3465 salaria
667 3389 797 3484 judicis
815 3391 957 3466 arbitrio
974 3392 1125 3482 deliniri,
1147 3393 1439 3489 quemadmodum
1462 3412 1567 3464 cause
1589 3399 1698 3464 sutus
1720 3399 1756 3464 et
1770 3390 1873 3465 ctiam
1891 3389 1942 3466 rei

529 3537 625 3590 sacre
641 3513 692 3613 (o)
715 3536 850 3589 necnon
869 3526 905 3590 et
923 3517 1122 3612 hominum,
1144 3518 1230 3592 dum
1247 3528 1366 3592 contra
1383 3518 1478 3615 ipsos
1497 3515 1671 3590 accusatio
1693 3511 1881 3590 instituitur
1897 3515 1942 3590 de

530 3639 589 3712 tali
615 3638 758 3714 cumina
779 3641 824 3715 de
847 3662 918 3736 quo
935 3642 1085 3716 convicti
1102 3644 1292 3739 capitaliter
1310 3642 1515 3740 puniantur,
1534 3643 1591 3716 rel
1606 3641 1691 3716 alins
1711 3650 1828 3716 contm
1847 3641 1940 3738 ipsos

528 3764 669 3860 procedi
698 3766 806 3863 possit
830 3768 933 3860 juxta
962 3767 1145 3842 criminum
1167 3769 1383 3866 qualitatem
1416 3775 1635 3864 preterquam
1656 3767 1692 3839 in
1723 3765 1856 3840 actione
1878 3766 1940 3838 in-

523 3889 706 3982 juriarum,
718 3891 755 3963 iu
770 3913 840 3986 qua
857 3892 1019 3965 volumus
1033 3915 1055 3966 a
1073 3903 1228 3989 tempore
1244 3893 1349 3966 oblati
1364 3891 1470 3966 libelli
1484 3891 1619 3986 bajulos
1631 3900 1666 3964 et
1676 3889 1815 3985 judices
1826 3891 1940 3967 advo-

527 4023 681 4088 catorum
699 4015 821 4092 salaria
841 4025 1039 4113 pretaxate,
1058 4028 1094 4094 et
1114 4017 1238 4093 ceteris
1257 4017 1335 4092 aliis
1358 4017 1414 4090 his
1437 4016 1610 4090 similibus
1630 4035 1700 4111 que
1717 4017 1799 4110 jma
1823 4025 1941 4092 vetera

529 4139 810 4235 proscripserunt.

568 4314 611 4396 (a)
632 4315 729 4379 Locus
740 4317 861 4380 mutilus
874 4317 922 4380 vel
932 4325 1011 4382 carte
1024 4317 1167 4382 obscurus
1180 4319 1310 4382 vidntur.
1321 4319 1457 4382 Forsitan
1469 4333 1572 4381 mccc
1585 4324 1679 4382 rotor
1692 4317 1750 4382 hoc
1761 4316 1840 4380 idem
1852 4322 1940 4382 soum

526 4423 607 4502 qnod
621 4423 727 4527 gallico
738 4441 873 4488 ammone
884 4425 992 4489 dicitur
1004 4427 1106 4489 nanu
1114 4405 1230 4490 d'lrftat.

1681 4587 1929 4602 -ffl

561 4687 595 4763 (1)
612 4687 719 4749 Scilicet
731 4690 892 4766 conuajurs
903 4695 993 4749 vetera
1011 4695 1039 4750 ot
1052 4705 1122 4750 nova
1135 4707 1204 4768 quas
1219 4707 1302 4768 supra
1312 4691 1537 4765 memoravimus,
1550 4707 1580 4768 p.
1593 4693 1656 4764 199,
1670 4697 1728 4752 not.
1743 4691 1770 4748 2
