4288 5912
806 604 810 614 .
870 619 876 640 ,
965 547 1427 624 ‚Fatoantclssstuttut
1736 551 1817 632 [An.
1836 552 1918 620 1233.

913 877 1025 941 ANNO
1047 877 1204 941 123a-
1224 877 1465 941 lNDlC'l'lollE
1489 877 1522 942 6.

1095 1089 1336 1118 unu—*—

325 1303 465 1410 „ffidffl
565 1285 799 1391 fridericus,
813 1285 1081 1372 'Romanorum
1106 1286 1328 1397 imperator,
1356 1284 1406 1370 ad
1437 1282 1633 1396 querelam
1659 1282 1797 1394 prioris
1828 1309 1918 1369 ωο-

514 1419 668 1504 nestorii
700 1419 829 1504 Sancti
858 1419 1138 1532 Bartholomaei
1173 1421 1222 1504 de
1252 1419 1433 1527 Trisulto,
1467 1417 1719 1504 Cartusiensis
1753 1416 1916 1524 ordinis,

509 1553 749 1664 justiciariis,
768 1554 987 1638 camerariis
1017 1565 1056 1640 et
1079 1554 1266 1640 universis
1286 1553 1513 1640 officialibus
1534 1553 1615 1636 suis
1635 1553 1794 1636 mandat
1815 1552 1919 1636 utin

512 1688 623 1774 terris
640 1687 807 1772 demanii
825 1688 882 1772 sui
902 1697 983 1772 tam
1000 1689 1190 1774 reoenbus
1207 1713 1326 1800 mam
1343 1687 1490 1773 noviter
1507 1687 1691 1772 revocatis
1707 1686 1811 1770 idem
1831 1709 1919 1769 mo-

512 1821 722 1905 nasterium
738 1821 911 1906 libertate
936 1833 974 1906 et
1000 1821 1241 1906 immunitate
1257 1847 1356 1932 quas
1373 1821 1455 1932 ipse
1471 1820 1674 1929 concessit,
1694 1819 1751 1904 uti
1768 1817 1919 1930 pacifice

511 1954 745 2065 permittant.

593 2142 694 2226 (add.
704 2145 846 2221 horror,
860 2143 941 2208 Stor.
955 2141 1004 2206 dcl
1014 2141 1078 2208 ord.
1094 2145 1222 2220 Germ,
1237 2152 1262 2208 t.
1276 2143 1317 2221 V,
1330 2145 1456 2224 append.
1471 2146 1517 2220 11,
1529 2161 1560 2224 p.
1579 2153 1647 2219 rat,
1657 2153 1692 2205 o·
1703 2143 1787 2224 XII.)

560 2305 755 2382 Fridericns
772 2307 835 2382 Dei
857 2307 967 2400 gratia
987 2307 1218 2382 Romanorum
1240 2307 1424 2406 imperator
1449 2327 1585 2404 semper
1600 2315 1788 2400 augustos,
1816 2304 1919 2378 lau-

511 2431 618 2504 salem
634 2441 669 2505 et
684 2430 799 2504 Sicilie
816 2453 896 2524 rex,
919 2433 1135 2526 jusu'ciariis,
1164 2432 1378 2524 camerariis,
1405 2431 1549 2526 baiulis,
1568 2431 1761 2505 castellanis
1778 2440 1814 2504 et
1834 2429 1919 2502 uni-

512 2556 622 2630 versis
638 2555 843 2630 officialibus
863 2579 927 2652 per
948 2579 1095 2654 regnum
1119 2559 1234 2632 Sicilie
1255 2557 1448 2632 constitutis
1471 2556 1599 2652 quibus
1616 2565 1793 2652 presentes
1811 2555 1919 2629 littere

510 2691 647 2756 osmnse
659 2679 804 2770 luerint,
826 2679 989 2755 fidelibus
1001 2683 1094 2776 sois,
1113 2683 1259 2778 gratiam
1280 2704 1380 2756 suam
1396 2692 1431 2756 ct
1443 2679 1569 2756 bonam
1586 2681 1811 2756 volontatem.
1833 2679 1918 2754 Con·

510 2807 649 2880 stitutus
662 2805 699 2878 in
713 2807 884 2901 presentia
898 2817 1013 2882 nostm
1027 2807 1235 2882 venerabilis
1246 2807 1340 2904 prior
1353 2806 1552 2882 monasterii
1567 2806 1683 2880 Sancti
1693 2804 1919 2880 Bartholomei

510 2928 555 3004 de
573 2930 965 3020 Trisolto,Cartusiensis
982 2931 1125 3024 ordinis,
1144 2931 1292 3006 devotos
1310 2941 1437 3024 noster,
1456 2930 1651 3006 celsitudini
1666 2938 1782 3006 nostre
1796 2930 1919 3026 gravi-

510 3067 561 3130 ter
575 3055 817 3150 oooqoercndo
833 3056 1035 3132 monstravit
1052 3057 1148 3153 qood
1164 3080 1244 3132 com
1257 3055 1558 3158 concesslerJimos
1569 3058 1701 3154 prelato
1714 3055 1918 3130 monasterio

509 3180 647 3276 plenam
660 3180 852 3255 libertatem
866 3189 906 3254 ot
917 3203 980 3278 per
996 3190 1104 3256 totum
1118 3181 1310 3256 dominium
1326 3183 1424 3279 regni
1440 3184 1547 3258 nostri
1561 3183 1664 3258 liceat
1673 3183 1804 3278 prelato
1816 3179 1917 3277 priori

510 3314 545 3378 et
562 3306 725 3380 tratribus
739 3327 781 3381 ac
798 3305 998 3382 hominibus
1011 3307 1122 3404 ipsius
1135 3309 1334 3383 monasterii
1349 3308 1498 3382 liberum
1514 3307 1642 3382 habore
1654 3307 1870 3404 plateaticum
1884 3317 1917 3380 et

511 3431 709 3526 passagium
721 3429 767 3506 de
775 3433 931 3529 personis
943 3441 979 3507 et
991 3434 1096 3507 rebus
1108 3445 1283 3520 eorum,et
1293 3444 1333 3508 nt
1340 3435 1486 3510 libcmm
1493 3431 1572 3530 (sic)
1579 3431 1776 3508 rendaotet
1786 3440 1912 3522 emant,

510 3555 736 3630 intromittant
760 3565 796 3631 et
819 3555 1003 3632 extrahant
1029 3559 1365 3654 proneoessitutihus
1392 3563 1465 3633 sois
1486 3558 1698 3654 ducalique
1725 3556 1864 3632 datione
1883 3563 1917 3630 et

509 3679 626 3776 aliquo
637 3681 717 3773 jnre
729 3681 825 3776 quod
839 3681 922 3756 inde
937 3681 984 3756 ad
994 3682 1125 3758 coriam
1140 3692 1290 3758 nostram
1303 3691 1450 3782 spectet,
1476 3705 1543 3756 nec
1563 3703 1632 3756 non
1649 3681 1916 3756 coooessarimos

509 3814 544 3878 et
556 3803 875 3880 confirmaverimus
889 3807 955 3902 ipsi
973 3809 1179 3882 monasterio
1192 3809 1301 3882 libera
1322 3831 1449 3906 pascua
1465 3830 1529 3906 pro
1552 3804 1762 3882 animalibus
1785 3805 1858 3879 sois
1882 3813 1916 3878 et

508 3936 785 4027 necessitatibus,
814 3937 1009 4012 inhibentes
1026 3948 1066 4012 ot
1086 3937 1280 4035 predictum
1303 3939 1565 4031 monasterium,
1593 3937 1723 4034 priores
1744 3945 1780 4010 et
1798 3936 1916 4008 tratres

509 4071 571 4134 ant
582 4083 796 4138 succoesores
809 4085 930 4138 eorum
941 4063 977 4136 in
990 4063 1147 4161 personis
1162 4065 1219 4140 vel
1232 4063 1336 4140 rebus
1350 4085 1469 4139 eornm
1482 4063 1607 4159 aliquis
1620 4072 1748 4136 temore
1759 4081 1828 4134 non
1840 4079 1915 4156 pre·

509 4195 660 4260 sumeret
674 4188 893 4284 pertmbma3
910 4209 974 4263 vos
986 4187 1189 4264 mandatnm
1207 4199 1361 4264 nostrum
1378 4189 1467 4264 ulna
1480 4209 1550 4284 que
1564 4188 1665 4262 liceat
1677 4195 1911 4280 angustantes,

510 4310 547 4382 in
561 4311 738 4406 terrisque
750 4321 827 4408 post
841 4311 1098 4389 mandetumad
1111 4324 1266 4389 nosuom
1280 4321 1361 4388 sunt
1374 4313 1566 4390 dominium
1581 4311 1744 4386 devoluto
1756 4331 1824 4384 non
1838 4329 1913 4406 por·

509 4435 643 4508 mittitis
667 4457 728 4510 eos
751 4437 802 4510 uti
828 4437 887 4512 illa
910 4459 1018 4534 quam
1040 4440 1091 4513 eis
1113 4440 1149 4512 in
1172 4437 1346 4536 premissis
1369 4437 1494 4512 indulti
1511 4435 1812 4510 sumosliberteto.
1830 4434 1912 4506 Cum

510 4561 615 4656 igitur
631 4561 745 4657 ipsum
759 4561 909 4658 priorem
930 4573 965 4636 et
984 4563 1106 4638 dates
1121 4584 1184 4661 per
1199 4585 1263 4638 vos
1280 4563 1443 4637 volomus
1459 4564 1561 4660 plene
1573 4558 1787 4636 celsitudinis
1802 4567 1914 4632 nostre

509 4686 602 4760 dono
620 4684 794 4782 gaudere,
819 4685 974 4763 fidelitati
995 4697 1108 4763 vestre
1127 4685 1269 4764 firmiter
1288 4686 1513 4786 precipiendo
1526 4684 1731 4762 mandamns
1744 4692 1913 4782 quatenus
