4320 5918
267 559 365 620 Iunior.
384 554 427 640 ἃ]
715 557 914 619 HISTORIA
939 548 1233 619 ulauoullulca
1622 556 1680 623 ool

266 693 380 766 lacere
409 691 615 786 decapitari,
644 693 776 786 possint
798 689 999 766 anctoritate
1020 689 1183 761 culminIs
1206 689 1312 760 nostri
1339 689 1456 783 gladio
1482 693 1536 765 vel
1566 697 1678 766 securi

289 815 390 890 lenire
412 869 422 886 .

270 813 284 912 [
316 813 441 1012 Dat11]m
453 937 549 1034 apud
564 939 816 1032 Nuremberch,
833 939 923 1012 XVII
933 937 1038 1032 junii,
1056 937 1131 1009 VIII
1148 933 1358 1008 indictionis.

499 1249 1086 1263 b-—u--m--u-m--un—--ou
1091 1247 1167 1260 auno-n
1174 1249 1207 1258 -o
1213 1249 1221 1257 ι
1229 1249 1306 1258 uun-..-
1312 1249 1346 1256 ..-

320 1510 548 1618 Fridericos,
563 1515 825 1600 Romanorum
841 1515 1063 1626 imperator,
1079 1511 1265 1601 uniuersis
1281 1541 1350 1624 per
1366 1513 1569 1631 imperium
1588 1539 1679 1597 con·

268 1643 408 1729 stitutio
426 1647 585 1732 domum
603 1649 801 1760 hospitalis
819 1651 978 1735 Sounion
993 1649 1132 1736 Mariae
1148 1647 1469 1732 Theutonicorum
1486 1671 1680 1730 commen·

266 1777 352 1883 dat,
373 1803 533 1863 monens
559 1791 602 1863 ut
628 1781 764 1866 iratres
782 1793 819 1866 ct
836 1782 966 1866 omnia
983 1780 1085 1866 bona
1103 1805 1236 1864 eorum
1263 1779 1389 1864 lovere
1418 1789 1457 1864 et
1482 1779 1679 1863 defensare

267 1923 413 1993 curent.

347 2121 498 2292 (Em
522 2123 807 2210 Braadmbnrpr'rclie
833 2125 1190 2210 cumipse-parthiam
1208 2127 1242 2189 ia
1267 2125 1324 2188 dcc
1350 2123 1547 2188 Franiicodett
1572 2125 1679 2187 lireio-

495 2249 549 2311 ,p
565 2235 742 2314 oo,n⁰sr.)

316 2417 528 2511 Fridericus,
551 2421 613 2495 Dei
631 2423 742 2518 gratia
760 2409 989 2498 Romanorum
1011 2425 1195 2520 imperator
1217 2443 1353 2518 semper
1373 2431 1559 2514 augustus,
1582 2421 1678 2492 Jeru-

267 2543 373 2615 salem
392 2554 426 2616 et
443 2545 559 2618 Sicilie
576 2569 659 2638 rex,
680 2545 813 2621 dilectis
833 2547 1052 2644 principibus
1076 2547 1149 2620 suis
1174 2545 1433 2619 venerabilibus
1455 2543 1675 2617 ecelesiarum

266 2668 423 2762 prelatis,
446 2668 612 2761 ducibus,
636 2672 912 2764 marchionibus,
933 2671 1232 2774 ministerialibus,
1253 2668 1419 2760 scultetis,
1441 2665 1619 2740 advocatis
1642 2673 1677 2737 at

266 2790 437 2864 universis
457 2814 519 2888 per
541 2793 724 2890 imperium
745 2795 952 2884 constitutis,
979 2795 1108 2889 quibus
1132 2803 1307 2890 presentes
1325 2793 1435 2865 littere
1449 2801 1585 2865 mense
1599 2792 1674 2864 Iue-

265 2913 350 3005 rint,
372 2913 536 2989 fidelibus
553 2918 645 3008 suis,
667 2917 812 3014 gratiam
833 2941 932 2992 suam
957 2925 992 2991 et
1008 2938 1110 2990 omne
1125 2917 1268 2990 honum.
1286 2916 1370 2989 Cum
1387 2937 1520 2988 sacram
1533 2913 1675 2987 domum

265 3035 444 3135 hospitalis
461 3042 586 3115 Sancte
606 3043 713 3117 illaria
734 3042 1022 3116 Tenthonicorum
1043 3041 1081 3113 in
1100 3041 1308 3132 Ierusalem,
1327 3042 1425 3114 velut
1448 3061 1536 3136 opus
1554 3037 1676 3134 prede·

265 3179 439 3234 cessurum
464 3175 657 3238 nostrornm
690 3171 789 3259 cujus
811 3165 1031 3238 incrementis
1062 3163 1295 3255 intendimus,
1334 3171 1450 3236 nostre
1484 3160 1676 3234 serenitatis

265 3285 375 3374 gratia
393 3289 654 3385 complectatur,
675 3299 711 3364 et
731 3293 867 3365 Irauem
882 3289 1118 3364 Hermannnm
1135 3289 1336 3384 magistrum
1349 3287 1459 3398 ipsius
1485 3285 1609 3360 domus
1637 3283 1676 3357 fi-

265 3407 377 3482 delem
394 3421 547 3484 nostrum
566 3415 602 3485 iu
622 3424 809 3511 conspectu
829 3426 945 3488 nostro
965 3414 1200 3510 gratissimum
1217 3423 1433 3510 reputemus,
1452 3433 1530 3484 eam
1545 3421 1676 3508 protec-

263 3532 366 3606 tionis
390 3546 505 3610 nostrc
526 3539 649 3611 robore
670 3539 882 3632 munientes,
904 3539 1120 3613 universitati
1141 3547 1255 3612 vestre
1274 3537 1415 3612 domum
1433 3535 1591 3613 eamdem
1610 3557 1676 3630 po·

263 3655 392 3732 tissima
411 3661 706 3752 commendamus,
725 3663 928 3738 mandantes
942 3647 1105 3736 attentius
1122 3669 1156 3735 et
1173 3671 1351 3735 monentes
1369 3659 1533 3756 quatinus
1556 3657 1676 3731 domos

262 3800 363 3874 snas,
390 3783 618 3860 Theolonicos
645 3789 784 3880 iratres,
807 3787 954 3860 familias
983 3797 1018 3860 et
1041 3787 1156 3860 omnia
1179 3807 1300 3859 eornm
1324 3783 1416 3858 bona
1440 3783 1486 3856 ob
1512 3783 1676 3855 honorem

263 3905 422 3979 culminis
441 3910 548 3981 nostri
574 3911 691 3986 lovere
715 3921 750 3985 at
774 3908 954 3985 defensare
980 3911 1126 4000 curetis;
1149 3911 1303 3982 favorem
1326 3917 1482 4000 vostrum
1506 3903 1676 3980 addentes

263 4027 395 4104 eisdem
410 4052 481 4126 quc
499 4056 560 4128 per
576 4043 683 4108 terras
697 4045 732 4107 ct
749 4056 850 4132 posse
863 4044 1017 4109 vestrum
1032 4033 1067 4107 in
1079 4033 1241 4107 omnibus
1253 4031 1542 4128 oportunitatibus
1556 4051 1676 4102 earum

263 4151 440 4245 gaudeant
453 4166 488 4228 et
498 4165 652 4250 utantm,
671 4167 707 4231 et
722 4168 837 4232 vesun
850 4159 993 4255 insuper
1006 4157 1205 4232 defensione
1221 4156 1346 4229 muniti
1362 4177 1431 4229 non
1447 4155 1589 4228 timeant
1606 4153 1678 4224 ini·

262 4275 371 4351 mioos
385 4281 442 4353 vel
461 4281 603 4374 injurias
628 4283 871 4379 malignorum.
891 4285 978 4357 Cum
991 4284 1083 4357 enim
1102 4283 1227 4358 domus
1243 4290 1277 4356 et
1291 4282 1408 4355 omnia
1424 4281 1516 4354 bona
1533 4301 1597 4352 sua
1610 4277 1677 4350 sub

262 4409 378 4474 nostra
397 4414 431 4476 et
455 4405 588 4500 imperii
607 4409 745 4504 speciali
768 4409 978 4504 protectione
1002 4409 1201 4496 consistant,
1226 4403 1402 4504 quidquid
1424 4405 1476 4477 eis
1504 4403 1677 4476 conlertor

262 4525 371 4616 gratie
386 4527 442 4601 vel
455 4529 587 4604 favoris
598 4542 801 4628 reputamus
815 4531 1005 4608 admodum
1020 4531 1222 4628 gratiosum,
1240 4539 1275 4604 et
1290 4529 1464 4626 molestias
1481 4536 1514 4600 et
1527 4523 1678 4620 dampna

261 4667 328 4723 sna
343 4671 413 4724 non
431 4674 614 4747 pessume
638 4657 869 4752 equanimiter
888 4657 1071 4733 sustinere.
1088 4657 1256 4730 Volumus
1281 4655 1424 4750 insuper
1443 4650 1615 4724 univorsis
1644 4656 1679 4722 et
