4372 5918
495 553 534 614 rt
1023 551 1378 646 consrrromonns

494 687 729 786 precludatur.
751 688 840 776 Quin
863 689 970 785 igitur
993 697 1064 766 tum
1092 691 1269 766 violentiis
1290 713 1396 788 quum
1415 689 1611 766 homicidiis
1629 691 1714 788 ipsis
1732 715 1906 771 ermomm

495 815 671 890 interdum
704 813 956 912 prohibitorum
980 817 1128 914 portatio
1154 839 1299 892 causum
1322 826 1472 914 prestet,
1497 839 1677 892 occurrere
1701 821 1816 916 potius
1837 827 1909 899 eli-

495 949 616 1038 gentes
634 941 858 1038 intempore,
879 963 985 1038 quam
1002 951 1081 1038 post
1103 943 1238 1017 exitum
1261 943 1459 1036 vindicam,
1482 943 1633 1039 presenti
1651 944 1728 1040 lege
1745 949 1909 1023 omuibus

495 1067 595 1162 regni
615 1065 722 1141 nostri
747 1063 909 1140 fidelibus
933 1066 1131 1141 inhibemus
1164 1075 1204 1140 nt
1239 1069 1358 1141 nullus
1388 1089 1484 1142 ermu
1505 1067 1636 1144 molutu
1658 1079 1692 1142 ot
1713 1071 1906 1166 prohibite,

496 1191 652 1264 cultellos
666 1191 896 1288 compunctis
913 1191 1057 1283 scilicet,
1072 1201 1107 1266 et
1117 1213 1232 1286 enses,
1252 1193 1403 1287 lanceas,
1424 1193 1615 1290 pennense,
1635 1205 1734 1269 scuta
1750 1198 1808 1270 vel
1823 1199 1911 1272 lori·

498 1337 569 1407 ces,
589 1318 707 1390 claves
725 1317 992 1405 somersetiam,
1011 1325 1047 1391 et
1061 1318 1129 1396 elia
1145 1319 1282 1412 omniu,
1302 1339 1373 1414 que
1388 1318 1538 1394 nocendi
1551 1319 1663 1415 megis
1680 1343 1784 1394 cause
1802 1345 1910 1419 quem

499 1439 641 1547 alterius
664 1443 915 1536 cujuscumque
929 1440 1014 1514 liciti
1030 1442 1144 1538 operis
1162 1442 1273 1536 gretia
1296 1452 1379 1516 suut
1396 1452 1515 1538 purete
1539 1441 1612 1540 (a),
1633 1465 1751 1518 secum
1776 1444 1912 1520 deleme

460 1565 463 1572 '
497 1573 685 1662 presumat.
706 1565 901 1640 Cerialibus
917 1574 1033 1640 eutem
1060 1573 1095 1640 et
1112 1566 1345 1641 servientibus
1364 1587 1503 1658 eorum,
1523 1588 1706 1663 quousque
1730 1569 1909 1643 nobiscum

498 1691 535 1763 in
565 1690 662 1764 curie
684 1698 950 1782 commorentur,
971 1691 1028 1763 vel
1056 1690 1200 1764 domum
1223 1699 1285 1766 eut
1306 1689 1411 1765 domo
1432 1691 1592 1781 redeunt,
1612 1693 1670 1766 vel
1695 1714 1757 1792 pro
1785 1693 1912 1767 nostris

499 1815 648 1889 servitiis
675 1813 969 1906 transmittuntur,
998 1837 1093 1888 arma
1120 1813 1277 1912 prodictu
1303 1815 1477 1912 prohibite
1501 1816 1579 1890 uliis
1602 1816 1738 1891 deterre
1763 1817 1908 1914 permit-

499 1940 617 2013 timus.
637 1938 924 2012 Automatam
942 1939 1111 2034 presentis
1128 1940 1316 2014 sanctionis
1340 1940 1527 2014 eximimus
1544 1941 1670 2016 milites
1687 1951 1722 2014 et
1740 1939 1829 2014 filios
1846 1940 1912 2013 mi·

499 2064 599 2136 litum
621 2071 656 2137 et
676 2062 883 2156 burgenses,
903 2062 1031 2158 quibus
1055 2085 1155 2137 enses
1171 2063 1323 2158 deleme,
1344 2085 1425 2137 com
1444 2064 1537 2162 ipsos
1554 2073 1653 2139 extra
1673 2066 1751 2140 loca
1772 2087 1842 2160 que
1859 2064 1913 2136 in·

500 2189 657 2263 habitunt
676 2210 740 2286 pro
763 2189 908 2284 agendis
934 2188 1007 2262 suis
1025 2185 1074 2287 (b)
1092 2191 1248 2286 equitare
1271 2189 1470 2286 contigerit,
1490 2190 1632 2264 minime
1656 2189 1879 2286 prohibemus
1899 2215 1908 2259 :

500 2314 549 2389 itu
576 2325 690 2388 tumen
716 2322 756 2386 ut
780 2335 860 2388 com
879 2314 926 2390 ed
953 2313 1105 2410 predicte
1130 2315 1207 2390 loce
1230 2305 1611 2408 poenitueritque
1638 2315 1766 2388 alicubi
1788 2313 1913 2411 hospi-

499 2447 636 2532 tentur,
666 2459 767 2512 enses
797 2439 890 2535 ipsos
925 2438 1148 2511 incontinenti
1186 2438 1374 2536 deponent.
1404 2439 1571 2534 Quisquis
1602 2449 1718 2512 eutem
1745 2437 1915 2536 posthoc

499 2563 672 2660 prohibitu
699 2585 794 2637 erma
822 2562 1012 2637 detulerit:
1036 2563 1066 2636 si
1087 2561 1230 2658 quidem
1254 2584 1370 2637 comes
1394 2564 1516 2656 luerit,
1542 2564 1697 2659 quinque
1719 2564 1860 2656 uncies;
1883 2562 1914 2634 si

497 2687 598 2782 bero,
616 2697 784 2783 quntu0r;
803 2688 948 2762 similes
965 2685 1128 2785 simplex,
1143 2697 1231 2782 tres;
1247 2689 1277 2763 si
1288 2689 1485 2784 burgensis,
1502 2688 1610 2779 dues;
1627 2689 1657 2762 si
1668 2689 1819 2763 rusticus
1834 2689 1915 2762 lue-

500 2814 562 2905 rit,
593 2835 700 2887 unem
720 2814 860 2887 unciam
884 2812 967 2887 fisco
985 2821 1102 2888 nostro
1125 2823 1319 2910 componet.
1343 2813 1455 2900 Quum
1477 2835 1602 2910 penum
1623 2815 1653 2886 si
1673 2825 1813 2910 egentes
1830 2833 1915 2910 pro-

501 2947 577 3036 pter
603 2932 755 3034 inopium
781 2939 868 3013 forte
887 2938 1075 3032 deludunt,
1095 2939 1243 3034 publicis
1269 2939 1431 3036 operibus
1457 2937 1666 3036 deputentur
1687 2937 1734 3013 ed
1757 2949 1913 3036 tempus3

502 3083 571 3158 quo
594 3064 712 3137 omnio
740 3065 802 3160 per‘
829 3064 1031 3159 magistrum
1054 3063 1280 3159 justitiarium
1306 3064 1555 3158 etjustitiarios
1579 3064 1624 3163 (o)
1649 3065 1766 3140 debite
1786 3087 1916 3139 execu-

503 3188 588 3261 tioni
605 3187 795 3262 tradentur.

966 3395 1168 3470 TITULUS
1192 3396 1257 3468 XI.
1284 3399 1328 3468 lP
1351 3395 1443 3494 (ts).

697 3547 746 3619 Do
758 3548 956 3620 intrantibus
971 3570 1129 3643 regnum,
1145 3559 1184 3619 ut
1197 3571 1295 3621 armo
1310 3549 1346 3620 in
1361 3570 1459 3643 regno
1472 3547 1634 3644 deponant
1651 3545 1716 3646 (d).

1027 3722 1132 3772 11)ss
1164 3722 1383 3774 AUGUSTUS.

551 3853 713 3926 Homines
736 3861 835 3924 extra
852 3871 998 3946 regnum
1016 3859 1199 3947 postquem
1219 3873 1367 3948 regnum
1388 3853 1609 3946 iutraverint,
1628 3873 1725 3926 erma
1746 3851 1917 3948 prohibita

503 3977 701 4050 nullatenus
724 3978 857 4051 deleme
878 3976 1120 4073 permittimus.
1143 3975 1219 4062 Que
1241 3977 1271 4048 si
1294 3977 1441 4050 scienter
1459 3976 1660 4070 detulerint,
1685 3997 1792 4072 pene,
1810 3997 1915 4072 qoem

547 4184 588 4257 (o)
609 4181 719 4244 Graece
740 4181 835 4258 magle
858 4181 987 4259 precelse
1001 4195 1010 4240 ε
1026 4196 1115 4262 purum
1125 4175 1168 4240 od
1178 4175 1390 4241 immundum
1402 4172 1598 4260 mipomlldur
1609 4175 1822 4242 cormettes
1831 4175 1919 4260 sactu

506 4296 590 4478 ⁸⁰²5)
612 4395 671 4457 Pro
683 4391 802 4477 oprndic
814 4393 874 4454 ruit
885 4393 967 4456 deest
980 4395 1011 4455 tn
1024 4410 1138 4473 gruem.

552 4503 589 4584 (c)
616 4504 673 4581 Ap.
690 4503 802 4581 sugm.
814 4507 845 4562 et
858 4501 998 4563 Lindebr.
1014 4503 1203 4579 simpliciter:
1214 4517 1272 4583 pet·
1287 4501 1440 4585 magistros
1445 4500 1635 4585 justiciarius,
1650 4499 1702 4562 sed
1715 4499 1814 4562 minus
1826 4503 1917 4560 recto.

552 4609 595 4690 (d)
617 4611 652 4670 ln
667 4586 773 4688 grdeco
788 4626 797 4670 r
811 4607 854 4670 De
876 4605 1053 4671 carmelius
1065 4609 1098 4669 in
1111 4625 1233 4691 regnum
1245 4616 1275 4672 ct
1286 4607 1549 4692 omncsrrentr'dnr.
1559 4611 1595 4672 lu
1608 4607 1710 4670 codice
1721 4606 1842 4670 ΛΜΗ.
1859 4625 1867 4668 =
1883 4603 1920 4666 Ut

513 4716 640 4782 admone
647 4733 704 4797 per
715 4733 837 4798 reguum
849 4733 933 4779 armo
941 4713 1090 4798 prohibito
1101 4733 1161 4778 non
1172 4715 1313 4798 dejerans
1321 4718 1359 4780 ln
1371 4718 1438 4781 cod.
1453 4725 1529 4780 toto
1544 4717 1627 4779 deest
1638 4715 1687 4780 hio
1699 4714 1816 4778 titulus.
