<?xml version="1.0" encoding="UTF-8"?>
<!DOCTYPE html PUBLIC "-//W3C//DTD XHTML 1.0 Transitional//EN"
    "http://www.w3.org/TR/xhtml1/DTD/xhtml1-transitional.dtd">
<html xmlns="http://www.w3.org/1999/xhtml" xml:lang="en" lang="en">
 <head>
  <title>
</title>
<meta http-equiv="Content-Type" content="text/html;charset=utf-8" />
  <meta name='ocr-system' content='tesseract 3.04.00' />
  <meta name='ocr-capabilities' content='ocr_page ocr_carea ocr_par ocr_line ocrx_word'/>
</head>
<body>
  <div class='ocr_page' id='page_1' title='image "./historiadiploma07fredgoog_0465.png"; bbox 0 0 4288 5912; ppageno 0'>
   <div class='ocr_carea' id='block_1_1' title="bbox 206 565 1165 650">
    <p class='ocr_par' dir='ltr' id='par_1_1' title="bbox 206 565 1165 650">
     <span class='ocr_line' id='line_1_1' title="bbox 206 565 1165 650; baseline -0.007 -15"><span class='ocrx_word' id='word_1_1' title='bbox 206 569 305 635; x_wconf 69' lang='lat' dir='ltr'>lucror.</span> <span class='ocrx_word' id='word_1_2' title='bbox 320 573 363 650; x_wconf 92' lang='lat' dir='ltr'>&#39;l.]</span> <span class='ocrx_word' id='word_1_3' title='bbox 653 567 848 632; x_wconf 78' lang='lat' dir='ltr'>HISTORIA</span> <span class='ocrx_word' id='word_1_4' title='bbox 873 565 1165 631; x_wconf 78' lang='lat' dir='ltr'>olrtoltsrlclt.</span> 
     </span>
    </p>
   </div>
   <div class='ocr_carea' id='block_1_2' title="bbox 209 1140 1811 1386">
    <p class='ocr_par' dir='ltr' id='par_1_2' title="bbox 209 1140 1811 1386">
     <span class='ocr_line' id='line_1_2' title="bbox 261 1140 1811 1264; baseline -0.012 -34"><span class='ocrx_word' id='word_1_5' title='bbox 261 1144 488 1248; x_wconf 75' lang='lat' dir='ltr'>FridericuS‚</span> <span class='ocrx_word' id='word_1_6' title='bbox 510 1144 770 1228; x_wconf 88' lang='lat' dir='ltr'>Romanorum</span> <span class='ocrx_word' id='word_1_7' title='bbox 788 1141 1007 1252; x_wconf 88' lang='lat' dir='ltr'>imperator,</span> <span class='ocrx_word' id='word_1_8' title='bbox 1025 1141 1159 1225; x_wconf 91' lang='lat' dir='ltr'>Ursoni</span> <span class='ocrx_word' id='word_1_9' title='bbox 1174 1140 1425 1252; x_wconf 76' lang='lat' dir='ltr'><strong>Agrigentino</strong></span> <span class='ocrx_word' id='word_1_10' title='bbox 1442 1141 1616 1251; x_wconf 88' lang='lat' dir='ltr'>episcopo</span> <span class='ocrx_word' id='word_1_11' title='bbox 1652 1165 1690 1264; x_wconf 57' lang='lat'>13,</span> <span class='ocrx_word' id='word_1_12' title='bbox 1689 1165 1743 1264; x_wconf 39' lang='grc' dir='ltr'>ξιξ</span> <span class='ocrx_word' id='word_1_13' title='bbox 1745 1165 1811 1264; x_wconf 58' lang='lat' dir='ltr'>gne</span> 
     </span>
     <span class='ocr_line' id='line_1_3' title="bbox 209 1252 1793 1386; baseline -0.008 -26"><span class='ocrx_word' id='word_1_14' title='bbox 209 1278 259 1360; x_wconf 90' lang='lat' dir='ltr'>ad</span> <span class='ocrx_word' id='word_1_15' title='bbox 275 1275 492 1386; x_wconf 87' lang='lat' dir='ltr'>exemplum</span> <span class='ocrx_word' id='word_1_16' title='bbox 514 1273 813 1385; x_wconf 78' lang='lat' dir='ltr'>praedecessoris</span> <span class='ocrx_word' id='word_1_17' title='bbox 835 1274 894 1358; x_wconf 92' lang='lat' dir='ltr'>sui</span> <span class='ocrx_word' id='word_1_18' title='bbox 915 1274 1016 1384; x_wconf 85' lang='lat' dir='ltr'>mgis</span> <span class='ocrx_word' id='word_1_19' title='bbox 1035 1273 1278 1359; x_wconf 89' lang='lat' dir='ltr'>Guillelmill</span> <span class='ocrx_word' id='word_1_20' title='bbox 1300 1273 1470 1356; x_wconf 88' lang='lat' dir='ltr'>concedit</span> <span class='ocrx_word' id='word_1_21' title='bbox 1490 1273 1615 1356; x_wconf 90' lang='lat' dir='ltr'>liber-</span> <span class='ocrx_word' id='word_1_22' title='bbox 1665 1252 1793 1330; x_wconf 54' lang='lat' dir='ltr'>“md</span> 
     </span>
    </p>
   </div>
   <div class='ocr_carea' id='block_1_3' title="bbox 209 1405 1617 1628">
    <p class='ocr_par' dir='ltr' id='par_1_3' title="bbox 209 1405 1617 1628">
     <span class='ocr_line' id='line_1_4' title="bbox 209 1405 1617 1518; baseline -0.004 -24"><span class='ocrx_word' id='word_1_23' title='bbox 209 1421 327 1494; x_wconf 89' lang='lat' dir='ltr'>tatem</span> <span class='ocrx_word' id='word_1_24' title='bbox 357 1409 579 1494; x_wconf 80' lang='lat' dir='ltr'>extrahendi</span> <span class='ocrx_word' id='word_1_25' title='bbox 610 1409 659 1491; x_wconf 93' lang='lat' dir='ltr'>de</span> <span class='ocrx_word' id='word_1_26' title='bbox 683 1417 796 1518; x_wconf 87' lang='lat' dir='ltr'>portu</span> <span class='ocrx_word' id='word_1_27' title='bbox 824 1407 1022 1518; x_wconf 85' lang='lat' dir='ltr'>Agrigenti</span> <span class='ocrx_word' id='word_1_28' title='bbox 1053 1417 1237 1490; x_wconf 88' lang='lat' dir='ltr'>trecentus</span> <span class='ocrx_word' id='word_1_29' title='bbox 1264 1405 1405 1490; x_wconf 90' lang='lat' dir='ltr'>salmes</span> <span class='ocrx_word' id='word_1_30' title='bbox 1435 1405 1617 1490; x_wconf 86' lang='lat' dir='ltr'>frumenti</span> 
     </span>
     <span class='ocr_line' id='line_1_5' title="bbox 209 1545 421 1628; baseline -0.009 -2"><span class='ocrx_word' id='word_1_31' title='bbox 209 1545 421 1628; x_wconf 83' lang='lat' dir='ltr'>annuatim.</span> 
     </span>
    </p>
   </div>
   <div class='ocr_carea' id='block_1_4' title="bbox 292 1751 1143 1840">
    <p class='ocr_par' dir='ltr' id='par_1_4' title="bbox 292 1751 1143 1840">
     <span class='ocr_line' id='line_1_6' title="bbox 292 1751 1143 1840; baseline -0.002 -20"><span class='ocrx_word' id='word_1_32' title='bbox 292 1757 397 1837; x_wconf 80' lang='lat' dir='ltr'>(Edld.</span> <span class='ocrx_word' id='word_1_33' title='bbox 412 1758 522 1837; x_wconf 83' lang='lat' dir='ltr'>partlm</span> <span class='ocrx_word' id='word_1_34' title='bbox 534 1759 571 1822; x_wconf 81' lang='lat' dir='ltr'>lt.</span> <span class='ocrx_word' id='word_1_35' title='bbox 589 1757 717 1834; x_wconf 85' lang='lat' dir='ltr'>Pmrrus,</span> <span class='ocrx_word' id='word_1_36' title='bbox 733 1751 815 1820; x_wconf 74' lang='lat' dir='ltr'>stat</span> <span class='ocrx_word' id='word_1_37' title='bbox 832 1771 920 1840; x_wconf 73' lang='lat' dir='ltr'>cocu,</span> <span class='ocrx_word' id='word_1_38' title='bbox 933 1761 958 1818; x_wconf 91' lang='lat' dir='ltr'>t.</span> <span class='ocrx_word' id='word_1_39' title='bbox 972 1757 999 1836; x_wconf 91' lang='lat'>1,</span> <span class='ocrx_word' id='word_1_40' title='bbox 1012 1772 1044 1834; x_wconf 88' lang='lat' dir='ltr'>p.</span> <span class='ocrx_word' id='word_1_41' title='bbox 1060 1759 1143 1832; x_wconf 81' lang='lat' dir='ltr'>rou.)</span> 
     </span>
    </p>
   </div>
   <div class='ocr_carea' id='block_1_5' title="bbox 210 1943 1725 4270">
    <p class='ocr_par' dir='ltr' id='par_1_5' title="bbox 210 1943 1725 4148">
     <span class='ocr_line' id='line_1_7' title="bbox 258 1943 1615 2034; baseline -0.002 -16"><span class='ocrx_word' id='word_1_42' title='bbox 258 1943 470 2034; x_wconf 86' lang='lat' dir='ltr'>Fu&#39;derious,</span> <span class='ocrx_word' id='word_1_43' title='bbox 492 1954 546 2018; x_wconf 86' lang='lat' dir='ltr'>etc</span> <span class='ocrx_word' id='word_1_44' title='bbox 549 1993 1615 2024; x_wconf 77' lang='grc'><strong>...........................</strong></span> 
     </span>
     <span class='ocr_line' id='line_1_8' title="bbox 210 2061 1619 2162; baseline -0.001 -23"><span class='ocrx_word' id='word_1_45' title='bbox 210 2066 460 2162; x_wconf 88' lang='lat' dir='ltr'>ludeestquod</span> <span class='ocrx_word' id='word_1_46' title='bbox 468 2067 555 2142; x_wconf 91' lang='lat' dir='ltr'>Urso</span> <span class='ocrx_word' id='word_1_47' title='bbox 568 2061 1362 2161; x_wconf 84' lang='lat' dir='ltr'>venerabilisAgrigentinusepisoopus,fidelis</span> <span class='ocrx_word' id='word_1_48' title='bbox 1375 2073 1619 2160; x_wconf 87' lang='lat' dir='ltr'>noster,expo·</span> 
     </span>
     <span class='ocr_line' id='line_1_9' title="bbox 210 2187 1620 2285; baseline -0.001 -23"><span class='ocrx_word' id='word_1_49' title='bbox 210 2191 281 2263; x_wconf 90' lang='lat' dir='ltr'>suit</span> <span class='ocrx_word' id='word_1_50' title='bbox 294 2190 391 2285; x_wconf 88' lang='lat' dir='ltr'>quod</span> <span class='ocrx_word' id='word_1_51' title='bbox 411 2191 557 2265; x_wconf 88' lang='lat' dir='ltr'>ecclesia</span> <span class='ocrx_word' id='word_1_52' title='bbox 575 2189 800 2285; x_wconf 87' lang='lat' dir='ltr'>Agrigentina</span> <span class='ocrx_word' id='word_1_53' title='bbox 816 2188 939 2262; x_wconf 86' lang='lat' dir='ltr'>habuit</span> <span class='ocrx_word' id='word_1_54' title='bbox 965 2209 1013 2261; x_wconf 86' lang='lat' dir='ltr'>ax</span> <span class='ocrx_word' id='word_1_55' title='bbox 1037 2187 1128 2263; x_wconf 91' lang='lat' dir='ltr'>dono</span> <span class='ocrx_word' id='word_1_56' title='bbox 1152 2187 1283 2261; x_wconf 90' lang='lat' dir='ltr'>domiui</span> <span class='ocrx_word' id='word_1_57' title='bbox 1302 2188 1395 2283; x_wconf 85' lang='lat' dir='ltr'>regis</span> <span class='ocrx_word' id='word_1_58' title='bbox 1411 2189 1571 2262; x_wconf 90' lang='lat' dir='ltr'>Willelmi</span> <span class='ocrx_word' id='word_1_59' title='bbox 1590 2189 1620 2261; x_wconf 96' lang='lat' dir='ltr'>ll</span> 
     </span>
     <span class='ocr_line' id='line_1_10' title="bbox 211 2311 1621 2407; baseline 0 -21"><span class='ocrx_word' id='word_1_60' title='bbox 211 2313 328 2387; x_wconf 86' lang='lat' dir='ltr'>inclite</span> <span class='ocrx_word' id='word_1_61' title='bbox 350 2315 597 2389; x_wconf 87' lang='lat' dir='ltr'>recordatiouis</span> <span class='ocrx_word' id='word_1_62' title='bbox 618 2314 790 2388; x_wconf 86' lang='lat' dir='ltr'>licentiam</span> <span class='ocrx_word' id='word_1_63' title='bbox 817 2333 1027 2407; x_wconf 89' lang='lat' dir='ltr'>unoquoque</span> <span class='ocrx_word' id='word_1_64' title='bbox 1051 2334 1143 2386; x_wconf 88' lang='lat' dir='ltr'>anno</span> <span class='ocrx_word' id='word_1_65' title='bbox 1167 2311 1372 2386; x_wconf 82' lang='lat' dir='ltr'>extrahendi</span> <span class='ocrx_word' id='word_1_66' title='bbox 1395 2311 1470 2385; x_wconf 90' lang='lat' dir='ltr'>CCC</span> <span class='ocrx_word' id='word_1_67' title='bbox 1496 2315 1621 2386; x_wconf 88' lang='lat' dir='ltr'>salmas</span> 
     </span>
     <span class='ocr_line' id='line_1_11' title="bbox 212 2437 1620 2536; baseline 0.001 -25"><span class='ocrx_word' id='word_1_68' title='bbox 212 2439 375 2513; x_wconf 77' lang='lat' dir='ltr'>frumenti</span> <span class='ocrx_word' id='word_1_69' title='bbox 391 2439 437 2514; x_wconf 92' lang='lat' dir='ltr'>de</span> <span class='ocrx_word' id='word_1_70' title='bbox 454 2449 557 2536; x_wconf 86' lang='lat' dir='ltr'>portu</span> <span class='ocrx_word' id='word_1_71' title='bbox 570 2439 747 2536; x_wconf 77' lang='lat' dir='ltr'>Agrigenti</span> <span class='ocrx_word' id='word_1_72' title='bbox 764 2461 825 2534; x_wconf 92' lang='lat' dir='ltr'>per</span> <span class='ocrx_word' id='word_1_73' title='bbox 842 2461 943 2512; x_wconf 87' lang='lat' dir='ltr'>suum</span> <span class='ocrx_word' id='word_1_74' title='bbox 960 2437 1179 2534; x_wconf 88' lang='lat' dir='ltr'>privilegium</span> <span class='ocrx_word' id='word_1_75' title='bbox 1194 2459 1299 2534; x_wconf 87' lang='lat' dir='ltr'>super</span> <span class='ocrx_word' id='word_1_76' title='bbox 1313 2437 1380 2512; x_wconf 91' lang='lat' dir='ltr'>hcc</span> <span class='ocrx_word' id='word_1_77' title='bbox 1396 2439 1462 2534; x_wconf 89' lang='lat' dir='ltr'>ipsi</span> <span class='ocrx_word' id='word_1_78' title='bbox 1478 2439 1620 2512; x_wconf 88' lang='lat' dir='ltr'>ecclesie</span> 
     </span>
     <span class='ocr_line' id='line_1_12' title="bbox 212 2562 1620 2660; baseline 0.001 -26"><span class='ocrx_word' id='word_1_79' title='bbox 212 2562 400 2636; x_wconf 89' lang='lat' dir='ltr'>indultum.</span> <span class='ocrx_word' id='word_1_80' title='bbox 413 2563 482 2638; x_wconf 90' lang='lat' dir='ltr'>Sed</span> <span class='ocrx_word' id='word_1_81' title='bbox 494 2563 578 2659; x_wconf 92' lang='lat' dir='ltr'>quia</span> <span class='ocrx_word' id='word_1_82' title='bbox 587 2562 680 2637; x_wconf 89' lang='lat' dir='ltr'>idem</span> <span class='ocrx_word' id='word_1_83' title='bbox 694 2563 876 2660; x_wconf 90' lang='lat' dir='ltr'>episcopus</span> <span class='ocrx_word' id='word_1_84' title='bbox 890 2562 1111 2658; x_wconf 84' lang='lat' dir='ltr'>privilegium</span> <span class='ocrx_word' id='word_1_85' title='bbox 1119 2563 1233 2658; x_wconf 90' lang='lat' dir='ltr'>ipsum</span> <span class='ocrx_word' id='word_1_86' title='bbox 1243 2563 1364 2636; x_wconf 87' lang='lat' dir='ltr'>asserit</span> <span class='ocrx_word' id='word_1_87' title='bbox 1373 2565 1445 2636; x_wconf 87' lang='lat' dir='ltr'>lore</span> <span class='ocrx_word' id='word_1_88' title='bbox 1456 2565 1620 2636; x_wconf 87' lang='lat' dir='ltr'>amissum</span> 
     </span>
     <span class='ocr_line' id='line_1_13' title="bbox 212 2686 1620 2784; baseline 0.002 -25"><span class='ocrx_word' id='word_1_89' title='bbox 212 2697 247 2760; x_wconf 90' lang='lat' dir='ltr'>et</span> <span class='ocrx_word' id='word_1_90' title='bbox 265 2687 362 2760; x_wconf 90' lang='lat' dir='ltr'>curia</span> <span class='ocrx_word' id='word_1_91' title='bbox 380 2697 497 2762; x_wconf 87' lang='lat' dir='ltr'>nostra</span> <span class='ocrx_word' id='word_1_92' title='bbox 510 2687 641 2762; x_wconf 85' lang='lat' dir='ltr'>exinde</span> <span class='ocrx_word' id='word_1_93' title='bbox 659 2695 749 2761; x_wconf 85' lang='lat' dir='ltr'>certa</span> <span class='ocrx_word' id='word_1_94' title='bbox 767 2709 837 2760; x_wconf 92' lang='lat' dir='ltr'>non</span> <span class='ocrx_word' id='word_1_95' title='bbox 857 2695 946 2780; x_wconf 86' lang='lat' dir='ltr'>erat,</span> <span class='ocrx_word' id='word_1_96' title='bbox 976 2686 1143 2784; x_wconf 84' lang='lat' dir='ltr'>produxit</span> <span class='ocrx_word' id='word_1_97' title='bbox 1157 2687 1192 2760; x_wconf 91' lang='lat' dir='ltr'>in</span> <span class='ocrx_word' id='word_1_98' title='bbox 1211 2688 1307 2760; x_wconf 88' lang='lat' dir='ltr'>curia</span> <span class='ocrx_word' id='word_1_99' title='bbox 1324 2688 1493 2783; x_wconf 84' lang='lat' dir='ltr'>legitimos</span> <span class='ocrx_word' id='word_1_100' title='bbox 1518 2698 1620 2762; x_wconf 70' lang='lat' dir='ltr'>tesoes</span> 
     </span>
     <span class='ocr_line' id='line_1_14' title="bbox 212 2811 1617 2909; baseline 0.001 -25"><span class='ocrx_word' id='word_1_101' title='bbox 212 2813 274 2908; x_wconf 90' lang='lat' dir='ltr'>qui</span> <span class='ocrx_word' id='word_1_102' title='bbox 289 2813 388 2886; x_wconf 86' lang='lat' dir='ltr'>lactis</span> <span class='ocrx_word' id='word_1_103' title='bbox 404 2813 628 2887; x_wconf 86' lang='lat' dir='ltr'>sacrosanctis</span> <span class='ocrx_word' id='word_1_104' title='bbox 641 2812 854 2908; x_wconf 81' lang='lat' dir='ltr'>Evangeliis,</span> <span class='ocrx_word' id='word_1_105' title='bbox 862 2814 1066 2906; x_wconf 86' lang='lat' dir='ltr'>juraverunt</span> <span class='ocrx_word' id='word_1_106' title='bbox 1078 2812 1173 2907; x_wconf 89' lang='lat' dir='ltr'>quod</span> <span class='ocrx_word' id='word_1_107' title='bbox 1189 2812 1320 2908; x_wconf 85' lang='lat' dir='ltr'>prelata</span> <span class='ocrx_word' id='word_1_108' title='bbox 1334 2811 1478 2884; x_wconf 88' lang='lat' dir='ltr'>ecclesia</span> <span class='ocrx_word' id='word_1_109' title='bbox 1495 2834 1617 2909; x_wconf 92' lang='lat' dir='ltr'>supra-</span> 
     </span>
     <span class='ocr_line' id='line_1_15' title="bbox 214 2935 1620 3034; baseline 0.001 -25"><span class='ocrx_word' id='word_1_110' title='bbox 214 2935 346 3009; x_wconf 89' lang='lat' dir='ltr'>dictum</span> <span class='ocrx_word' id='word_1_111' title='bbox 359 2936 582 3034; x_wconf 84' lang='lat' dir='ltr'>privilegium</span> <span class='ocrx_word' id='word_1_112' title='bbox 596 2937 769 3011; x_wconf 89' lang='lat' dir='ltr'>habuerit.</span> <span class='ocrx_word' id='word_1_113' title='bbox 785 2937 972 3034; x_wconf 81' lang='lat' dir='ltr'>llapropter</span> <span class='ocrx_word' id='word_1_114' title='bbox 987 2937 1205 3033; x_wconf 88' lang='lat' dir='ltr'>supradictus</span> <span class='ocrx_word' id='word_1_115' title='bbox 1217 2937 1400 3034; x_wconf 88' lang='lat' dir='ltr'>episcopus</span> <span class='ocrx_word' id='word_1_116' title='bbox 1412 2937 1620 3034; x_wconf 84' lang='lat' dir='ltr'>supplicavit</span> 
     </span>
     <span class='ocr_line' id='line_1_16' title="bbox 213 3059 1619 3160; baseline 0.003 -30"><span class='ocrx_word' id='word_1_117' title='bbox 213 3059 386 3152; x_wconf 83' lang='lat' dir='ltr'>majestati</span> <span class='ocrx_word' id='word_1_118' title='bbox 403 3069 520 3160; x_wconf 80' lang='lat' dir='ltr'>nostre</span> <span class='ocrx_word' id='word_1_119' title='bbox 537 3070 576 3134; x_wconf 89' lang='lat' dir='ltr'>ut</span> <span class='ocrx_word' id='word_1_120' title='bbox 596 3082 702 3156; x_wconf 89' lang='lat' dir='ltr'>super</span> <span class='ocrx_word' id='word_1_121' title='bbox 723 3059 790 3134; x_wconf 92' lang='lat' dir='ltr'>boc</span> <span class='ocrx_word' id='word_1_122' title='bbox 813 3060 880 3156; x_wconf 89' lang='lat' dir='ltr'>ipsi</span> <span class='ocrx_word' id='word_1_123' title='bbox 905 3061 1048 3134; x_wconf 89' lang='lat' dir='ltr'>ecclesie</span> <span class='ocrx_word' id='word_1_124' title='bbox 1070 3059 1289 3156; x_wconf 85' lang='lat' dir='ltr'>privilegium</span> <span class='ocrx_word' id='word_1_125' title='bbox 1313 3061 1470 3134; x_wconf 89' lang='lat' dir='ltr'>renovari</span> <span class='ocrx_word' id='word_1_126' title='bbox 1493 3073 1527 3135; x_wconf 91' lang='lat' dir='ltr'>et</span> <span class='ocrx_word' id='word_1_127' title='bbox 1544 3060 1619 3134; x_wconf 85' lang='lat' dir='ltr'>fieri</span> 
     </span>
     <span class='ocr_line' id='line_1_17' title="bbox 213 3182 1725 3279; baseline 0.002 -24"><span class='ocrx_word' id='word_1_128' title='bbox 213 3182 481 3279; x_wconf 86' lang='lat' dir='ltr'>preciperemus.</span> <span class='ocrx_word' id='word_1_129' title='bbox 497 3184 567 3256; x_wconf 84' lang='lat' dir='ltr'>llos</span> <span class='ocrx_word' id='word_1_130' title='bbox 582 3193 698 3257; x_wconf 85' lang='lat' dir='ltr'>autem</span> <span class='ocrx_word' id='word_1_131' title='bbox 713 3182 832 3258; x_wconf 88' lang='lat' dir='ltr'>divine</span> <span class='ocrx_word' id='word_1_132' title='bbox 847 3183 1075 3257; x_wconf 87' lang='lat' dir='ltr'>miserationis</span> <span class='ocrx_word' id='word_1_133' title='bbox 1089 3184 1214 3257; x_wconf 88' lang='lat' dir='ltr'>intuitu</span> <span class='ocrx_word' id='word_1_134' title='bbox 1230 3193 1265 3258; x_wconf 88' lang='lat' dir='ltr'>et</span> <span class='ocrx_word' id='word_1_135' title='bbox 1280 3184 1397 3257; x_wconf 82' lang='lat' dir='ltr'>innata</span> <span class='ocrx_word' id='word_1_136' title='bbox 1409 3185 1510 3259; x_wconf 89' lang='lat' dir='ltr'>nobis</span> <span class='ocrx_word' id='word_1_137' title='bbox 1522 3187 1621 3260; x_wconf 92' lang='lat' dir='ltr'>beni-</span> <span class='ocrx_word' id='word_1_138' title='bbox 1721 3225 1725 3234; x_wconf 94' lang='lat'>·</span> 
     </span>
     <span class='ocr_line' id='line_1_18' title="bbox 214 3305 1622 3404; baseline 0.006 -28"><span class='ocrx_word' id='word_1_139' title='bbox 214 3305 359 3400; x_wconf 79' lang='lat' dir='ltr'>gnitate,</span> <span class='ocrx_word' id='word_1_140' title='bbox 381 3306 605 3380; x_wconf 89' lang='lat' dir='ltr'>concedimus</span> <span class='ocrx_word' id='word_1_141' title='bbox 625 3315 812 3380; x_wconf 87' lang='lat' dir='ltr'>memorate</span> <span class='ocrx_word' id='word_1_142' title='bbox 830 3307 974 3381; x_wconf 82' lang='lat' dir='ltr'>ccclesia</span> <span class='ocrx_word' id='word_1_143' title='bbox 992 3307 1217 3404; x_wconf 79' lang='lat' dir='ltr'>Agrigentino</span> <span class='ocrx_word' id='word_1_144' title='bbox 1238 3317 1277 3380; x_wconf 89' lang='lat' dir='ltr'>ut</span> <span class='ocrx_word' id='word_1_145' title='bbox 1295 3331 1506 3404; x_wconf 89' lang='lat' dir='ltr'>unoquoque</span> <span class='ocrx_word' id='word_1_146' title='bbox 1532 3331 1622 3384; x_wconf 88' lang='lat' dir='ltr'>auno</span> 
     </span>
     <span class='ocr_line' id='line_1_19' title="bbox 214 3427 1622 3529; baseline 0.004 -29"><span class='ocrx_word' id='word_1_147' title='bbox 214 3427 356 3502; x_wconf 90' lang='lat' dir='ltr'>liberam</span> <span class='ocrx_word' id='word_1_148' title='bbox 380 3429 507 3503; x_wconf 86' lang='lat' dir='ltr'>babeat</span> <span class='ocrx_word' id='word_1_149' title='bbox 534 3439 734 3527; x_wconf 86' lang='lat' dir='ltr'>potestatem</span> <span class='ocrx_word' id='word_1_150' title='bbox 765 3429 969 3505; x_wconf 83' lang='lat' dir='ltr'>extrahendi</span> <span class='ocrx_word' id='word_1_151' title='bbox 996 3431 1041 3506; x_wconf 91' lang='lat' dir='ltr'>de</span> <span class='ocrx_word' id='word_1_152' title='bbox 1065 3443 1166 3529; x_wconf 86' lang='lat' dir='ltr'>portu</span> <span class='ocrx_word' id='word_1_153' title='bbox 1184 3433 1360 3528; x_wconf 88' lang='lat' dir='ltr'>Agrigenti</span> <span class='ocrx_word' id='word_1_154' title='bbox 1392 3434 1516 3507; x_wconf 86' lang='lat' dir='ltr'>salmas</span> <span class='ocrx_word' id='word_1_155' title='bbox 1542 3435 1622 3506; x_wconf 82' lang='lat' dir='ltr'>fru-</span> 
     </span>
     <span class='ocr_line' id='line_1_20' title="bbox 214 3553 1623 3653; baseline 0.005 -29"><span class='ocrx_word' id='word_1_156' title='bbox 214 3554 321 3625; x_wconf 89' lang='lat' dir='ltr'>menti</span> <span class='ocrx_word' id='word_1_157' title='bbox 335 3553 410 3627; x_wconf 85' lang='lat' dir='ltr'>CCC</span> <span class='ocrx_word' id='word_1_158' title='bbox 423 3555 542 3646; x_wconf 90' lang='lat' dir='ltr'>libere,</span> <span class='ocrx_word' id='word_1_159' title='bbox 557 3555 632 3628; x_wconf 90' lang='lat' dir='ltr'>sine</span> <span class='ocrx_word' id='word_1_160' title='bbox 646 3556 820 3650; x_wconf 86' lang='lat' dir='ltr'>aliquibus</span> <span class='ocrx_word' id='word_1_161' title='bbox 829 3555 968 3648; x_wconf 91' lang='lat' dir='ltr'>juribus</span> <span class='ocrx_word' id='word_1_162' title='bbox 981 3555 1092 3631; x_wconf 90' lang='lat' dir='ltr'>doane</span> <span class='ocrx_word' id='word_1_163' title='bbox 1105 3567 1140 3630; x_wconf 91' lang='lat' dir='ltr'>et</span> <span class='ocrx_word' id='word_1_164' title='bbox 1154 3567 1273 3653; x_wconf 89' lang='lat' dir='ltr'>portus</span> <span class='ocrx_word' id='word_1_165' title='bbox 1288 3579 1358 3652; x_wconf 91' lang='lat' dir='ltr'>que</span> <span class='ocrx_word' id='word_1_166' title='bbox 1371 3557 1454 3632; x_wconf 91' lang='lat' dir='ltr'>inde</span> <span class='ocrx_word' id='word_1_167' title='bbox 1465 3557 1539 3632; x_wconf 90' lang='lat' dir='ltr'>dari</span> <span class='ocrx_word' id='word_1_168' title='bbox 1553 3559 1623 3633; x_wconf 91' lang='lat' dir='ltr'>de-</span> 
     </span>
     <span class='ocr_line' id='line_1_21' title="bbox 215 3675 1624 3770; baseline 0.005 -22"><span class='ocrx_word' id='word_1_169' title='bbox 215 3675 348 3750; x_wconf 88' lang='lat' dir='ltr'>berent.</span> <span class='ocrx_word' id='word_1_170' title='bbox 367 3677 422 3750; x_wconf 87' lang='lat' dir='ltr'>Ad</span> <span class='ocrx_word' id='word_1_171' title='bbox 438 3677 543 3770; x_wconf 89' lang='lat' dir='ltr'>hujus</span> <span class='ocrx_word' id='word_1_172' title='bbox 561 3689 676 3752; x_wconf 87' lang='lat' dir='ltr'>autem</span> <span class='ocrx_word' id='word_1_173' title='bbox 691 3679 924 3753; x_wconf 87' lang='lat' dir='ltr'>renovationis</span> <span class='ocrx_word' id='word_1_174' title='bbox 935 3690 970 3754; x_wconf 86' lang='lat' dir='ltr'>et</span> <span class='ocrx_word' id='word_1_175' title='bbox 987 3683 1216 3756; x_wconf 82' lang='lat' dir='ltr'>concessionis</span> <span class='ocrx_word' id='word_1_176' title='bbox 1232 3691 1346 3755; x_wconf 89' lang='lat' dir='ltr'>nostre</span> <span class='ocrx_word' id='word_1_177' title='bbox 1368 3684 1566 3756; x_wconf 87' lang='lat' dir='ltr'>memoriam</span> <span class='ocrx_word' id='word_1_178' title='bbox 1589 3693 1624 3756; x_wconf 90' lang='lat' dir='ltr'>et</span> 
     </span>
     <span class='ocr_line' id='line_1_22' title="bbox 215 3799 1622 3901; baseline 0.004 -29"><span class='ocrx_word' id='word_1_179' title='bbox 215 3799 415 3875; x_wconf 85' lang='lat' dir='ltr'>inviolabile</span> <span class='ocrx_word' id='word_1_180' title='bbox 438 3799 710 3894; x_wconf 75' lang='lat' dir='ltr'>firmdmentum,</span> <span class='ocrx_word' id='word_1_181' title='bbox 729 3823 870 3900; x_wconf 91' lang='lat' dir='ltr'>presens</span> <span class='ocrx_word' id='word_1_182' title='bbox 895 3804 1117 3899; x_wconf 88' lang='lat' dir='ltr'>privilegium</span> <span class='ocrx_word' id='word_1_183' title='bbox 1135 3827 1196 3901; x_wconf 90' lang='lat' dir='ltr'>per</span> <span class='ocrx_word' id='word_1_184' title='bbox 1218 3827 1341 3879; x_wconf 90' lang='lat' dir='ltr'>manus</span> <span class='ocrx_word' id='word_1_185' title='bbox 1362 3807 1484 3879; x_wconf 86' lang='lat' dir='ltr'>notarii</span> <span class='ocrx_word' id='word_1_186' title='bbox 1505 3807 1622 3880; x_wconf 87' lang='lat' dir='ltr'>Jacobi</span> 
     </span>
     <span class='ocr_line' id='line_1_23' title="bbox 216 3921 1619 4024; baseline 0.005 -28"><span class='ocrx_word' id='word_1_187' title='bbox 216 3921 330 3998; x_wconf 83' lang='lat' dir='ltr'>fidelis</span> <span class='ocrx_word' id='word_1_188' title='bbox 347 3927 452 4000; x_wconf 87' lang='lat' dir='ltr'>nostri</span> <span class='ocrx_word' id='word_1_189' title='bbox 471 3927 630 4000; x_wconf 77' lang='lat' dir='ltr'>scribier</span> <span class='ocrx_word' id='word_1_190' title='bbox 649 3937 765 4002; x_wconf 87' lang='lat' dir='ltr'>nostre</span> <span class='ocrx_word' id='word_1_191' title='bbox 781 3927 969 4021; x_wconf 72' lang='lat' dir='ltr'>maiestads</span> <span class='ocrx_word' id='word_1_192' title='bbox 992 3929 1105 4024; x_wconf 88' lang='lat' dir='ltr'>sigillo</span> <span class='ocrx_word' id='word_1_193' title='bbox 1121 3931 1290 4022; x_wconf 86' lang='lat' dir='ltr'>jussimus</span> <span class='ocrx_word' id='word_1_194' title='bbox 1311 3930 1483 4022; x_wconf 89' lang='lat' dir='ltr'>roborari,</span> <span class='ocrx_word' id='word_1_195' title='bbox 1509 3951 1619 4020; x_wconf 85' lang='lat' dir='ltr'>anuo,</span> 
     </span>
     <span class='ocr_line' id='line_1_24' title="bbox 216 4050 820 4148; baseline 0.01 -30"><span class='ocrx_word' id='word_1_196' title='bbox 216 4069 334 4121; x_wconf 88' lang='lat' dir='ltr'>mense</span> <span class='ocrx_word' id='word_1_197' title='bbox 347 4060 382 4122; x_wconf 87' lang='lat' dir='ltr'>et</span> <span class='ocrx_word' id='word_1_198' title='bbox 400 4050 588 4124; x_wconf 88' lang='lat' dir='ltr'>indictione</span> <span class='ocrx_word' id='word_1_199' title='bbox 604 4051 820 4148; x_wconf 86' lang='lat' dir='ltr'>subscriptis.</span> 
     </span>
    </p>

    <p class='ocr_par' dir='ltr' id='par_1_6' title="bbox 266 4174 1621 4270">
     <span class='ocr_line' id='line_1_25' title="bbox 266 4174 1621 4270; baseline 0.007 -27"><span class='ocrx_word' id='word_1_200' title='bbox 266 4174 390 4245; x_wconf 87' lang='lat' dir='ltr'>Datum</span> <span class='ocrx_word' id='word_1_201' title='bbox 407 4175 443 4246; x_wconf 92' lang='lat' dir='ltr'>in</span> <span class='ocrx_word' id='word_1_202' title='bbox 460 4175 547 4248; x_wconf 88' lang='lat' dir='ltr'>urbe</span> <span class='ocrx_word' id='word_1_203' title='bbox 562 4176 652 4248; x_wconf 85' lang='lat' dir='ltr'>felici</span> <span class='ocrx_word' id='word_1_204' title='bbox 663 4177 839 4268; x_wconf 89' lang='lat' dir='ltr'>Panormi,</span> <span class='ocrx_word' id='word_1_205' title='bbox 855 4198 945 4250; x_wconf 90' lang='lat' dir='ltr'>anno</span> <span class='ocrx_word' id='word_1_206' title='bbox 958 4176 1130 4250; x_wconf 88' lang='lat' dir='ltr'>dominice</span> <span class='ocrx_word' id='word_1_207' title='bbox 1146 4177 1389 4251; x_wconf 88' lang='lat' dir='ltr'>incarnationis</span> <span class='ocrx_word' id='word_1_208' title='bbox 1399 4179 1621 4270; x_wconf 84' lang='lat' dir='ltr'>MCCXXXll,</span> 
     </span>
    </p>
   </div>
   <div class='ocr_carea' id='block_1_6' title="bbox 217 4297 1620 4520">
    <p class='ocr_par' dir='ltr' id='par_1_7' title="bbox 217 4297 1620 4520">
     <span class='ocr_line' id='line_1_26' title="bbox 217 4297 1620 4400; baseline 0.009 -35"><span class='ocrx_word' id='word_1_209' title='bbox 217 4315 335 4368; x_wconf 89' lang='lat' dir='ltr'>mensa</span> <span class='ocrx_word' id='word_1_210' title='bbox 356 4297 577 4392; x_wconf 89' lang='lat' dir='ltr'>septembris,</span> <span class='ocrx_word' id='word_1_211' title='bbox 606 4299 794 4374; x_wconf 83' lang='lat' dir='ltr'>indictione</span> <span class='ocrx_word' id='word_1_212' title='bbox 819 4300 867 4392; x_wconf 84' lang='lat' dir='ltr'>l&#39;,</span> <span class='ocrx_word' id='word_1_213' title='bbox 900 4311 1065 4396; x_wconf 88' lang='lat' dir='ltr'>regnante</span> <span class='ocrx_word' id='word_1_214' title='bbox 1086 4301 1227 4377; x_wconf 92' lang='lat' dir='ltr'>domino</span> <span class='ocrx_word' id='word_1_215' title='bbox 1253 4309 1368 4376; x_wconf 90' lang='lat' dir='ltr'>nostro</span> <span class='ocrx_word' id='word_1_216' title='bbox 1396 4303 1620 4400; x_wconf 88' lang='lat' dir='ltr'>imperatore,</span> 
     </span>
     <span class='ocr_line' id='line_1_27' title="bbox 217 4420 621 4520; baseline 0.01 -30"><span class='ocrx_word' id='word_1_217' title='bbox 217 4438 308 4491; x_wconf 91' lang='lat' dir='ltr'>auno</span> <span class='ocrx_word' id='word_1_218' title='bbox 324 4420 413 4492; x_wconf 91' lang='lat' dir='ltr'>Xlll.</span> <span class='ocrx_word' id='word_1_219' title='bbox 433 4420 571 4516; x_wconf 84' lang='lat' dir='ltr'>Amen(</span> <span class='ocrx_word' id='word_1_220' title='bbox 594 4421 621 4520; x_wconf 92' lang='lat'>).</span> 
     </span>
    </p>
   </div>
   <div class='ocr_carea' id='block_1_7' title="bbox 1551 4609 1618 4622">
    <p class='ocr_par' dir='ltr' id='par_1_8' title="bbox 1551 4609 1618 4622">
     <span class='ocr_line' id='line_1_28' title="bbox 1551 4609 1618 4622; baseline 0 0"><span class='ocrx_word' id='word_1_221' title='bbox 1551 4609 1618 4622; x_wconf 53' lang='lat' dir='ltr'>c*</span> 
     </span>
    </p>
   </div>
   <div class='ocr_carea' id='block_1_8' title="bbox 254 4699 1618 4784">
    <p class='ocr_par' dir='ltr' id='par_1_9' title="bbox 254 4699 1618 4784">
     <span class='ocr_line' id='line_1_29' title="bbox 254 4699 1618 4784; baseline 0.008 -29"><span class='ocrx_word' id='word_1_222' title='bbox 254 4699 291 4773; x_wconf 78' lang='lat' dir='ltr'>(t)</span> <span class='ocrx_word' id='word_1_223' title='bbox 308 4699 395 4758; x_wconf 86' lang='lat' dir='ltr'>Notas</span> <span class='ocrx_word' id='word_1_224' title='bbox 411 4702 611 4779; x_wconf 81' lang='lat' dir='ltr'>chronologicus</span> <span class='ocrx_word' id='word_1_225' title='bbox 632 4722 702 4781; x_wconf 87' lang='lat' dir='ltr'>quaa</span> <span class='ocrx_word' id='word_1_226' title='bbox 715 4705 825 4765; x_wconf 86' lang='lat' dir='ltr'>minime</span> <span class='ocrx_word' id='word_1_227' title='bbox 844 4706 914 4766; x_wconf 88' lang='lat' dir='ltr'>iuter</span> <span class='ocrx_word' id='word_1_228' title='bbox 931 4723 962 4766; x_wconf 89' lang='lat' dir='ltr'>ss</span> <span class='ocrx_word' id='word_1_229' title='bbox 982 4707 1152 4776; x_wconf 85' lang='lat' dir='ltr'>conveniunt,</span> <span class='ocrx_word' id='word_1_230' title='bbox 1167 4723 1221 4765; x_wconf 91' lang='lat' dir='ltr'>non</span> <span class='ocrx_word' id='word_1_231' title='bbox 1234 4713 1306 4766; x_wconf 87' lang='lat' dir='ltr'>recle</span> <span class='ocrx_word' id='word_1_232' title='bbox 1324 4709 1395 4784; x_wconf 89' lang='lat' dir='ltr'>apud</span> <span class='ocrx_word' id='word_1_233' title='bbox 1413 4709 1515 4766; x_wconf 83' lang='lat' dir='ltr'>Pirrunr</span> <span class='ocrx_word' id='word_1_234' title='bbox 1535 4717 1618 4766; x_wconf 71' lang='lat' dir='ltr'>uene</span> 
     </span>
    </p>
   </div>
   <div class='ocr_carea' id='block_1_9' title="bbox 0 0 2161 5908">
    <p class='ocr_par' dir='ltr' id='par_1_10' title="bbox 0 0 2161 5908">
     <span class='ocr_line' id='line_1_30' title="bbox 0 0 2161 5908; baseline 0 0"><span class='ocrx_word' id='word_1_235' title='bbox 0 0 2161 5908; x_wconf 95' lang='lat' dir='ltr'> </span> 
     </span>
    </p>
   </div>
  </div>
 </body>
</html>
