<?xml version="1.0" encoding="UTF-8"?>
<!DOCTYPE html PUBLIC "-//W3C//DTD XHTML 1.0 Transitional//EN"
    "http://www.w3.org/TR/xhtml1/DTD/xhtml1-transitional.dtd">
<html xmlns="http://www.w3.org/1999/xhtml" xml:lang="en" lang="en">
 <head>
  <title>
</title>
<meta http-equiv="Content-Type" content="text/html;charset=utf-8" />
  <meta name='ocr-system' content='tesseract 3.04.00' />
  <meta name='ocr-capabilities' content='ocr_page ocr_carea ocr_par ocr_line ocrx_word'/>
</head>
<body>
  <div class='ocr_page' id='page_1' title='image "./historiadiploma07fredgoog_0170.png"; bbox 0 0 4308 5910; ppageno 0'>
   <div class='ocr_carea' id='block_1_1' title="bbox 508 594 1392 664">
    <p class='ocr_par' dir='ltr' id='par_1_1' title="bbox 508 594 1392 664">
     <span class='ocr_line' id='line_1_1' title="bbox 508 594 1392 664; baseline 0.006 -7"><span class='ocrx_word' id='word_1_1' title='bbox 508 594 566 658; x_wconf 82' lang='lat'>156</span> <span class='ocrx_word' id='word_1_2' title='bbox 1038 599 1392 664; x_wconf 70' lang='lat' dir='ltr'>constitutiones</span> 
     </span>
    </p>
   </div>
   <div class='ocr_carea' id='block_1_2' title="bbox 506 732 1920 1942">
    <p class='ocr_par' dir='ltr' id='par_1_2' title="bbox 506 732 1920 1942">
     <span class='ocr_line' id='line_1_2' title="bbox 513 732 1919 830; baseline 0.003 -24"><span class='ocrx_word' id='word_1_3' title='bbox 513 732 665 824; x_wconf 79' lang='lat' dir='ltr'><strong>dederit,</strong></span> <span class='ocrx_word' id='word_1_4' title='bbox 686 733 838 810; x_wconf 89' lang='lat' dir='ltr'>vendere</span> <span class='ocrx_word' id='word_1_5' title='bbox 856 735 1017 808; x_wconf 85' lang='lat' dir='ltr'>volumus</span> <span class='ocrx_word' id='word_1_6' title='bbox 1036 757 1167 812; x_wconf 89' lang='lat' dir='ltr'>meroes</span> <span class='ocrx_word' id='word_1_7' title='bbox 1184 759 1283 828; x_wconf 86' lang='lat' dir='ltr'>suas;</span> <span class='ocrx_word' id='word_1_8' title='bbox 1304 737 1352 812; x_wconf 89' lang='lat' dir='ltr'>itu</span> <span class='ocrx_word' id='word_1_9' title='bbox 1365 743 1480 808; x_wconf 68' lang='lat' dir='ltr'>umen</span> <span class='ocrx_word' id='word_1_10' title='bbox 1502 741 1541 806; x_wconf 94' lang='lat' dir='ltr'>ut</span> <span class='ocrx_word' id='word_1_11' title='bbox 1557 754 1605 807; x_wconf 84' lang='lat' dir='ltr'>ex</span> <span class='ocrx_word' id='word_1_12' title='bbox 1625 735 1795 808; x_wconf 79' lang='lat' dir='ltr'>mensuris</span> <span class='ocrx_word' id='word_1_13' title='bbox 1813 741 1919 830; x_wconf 87' lang='lat' dir='ltr'>majo·</span> 
     </span>
     <span class='ocr_line' id='line_1_3' title="bbox 514 856 1920 957; baseline 0.006 -31"><span class='ocrx_word' id='word_1_14' title='bbox 514 856 612 930; x_wconf 90' lang='lat' dir='ltr'>ribus</span> <span class='ocrx_word' id='word_1_15' title='bbox 630 858 757 951; x_wconf 87' lang='lat' dir='ltr'>injure</span> <span class='ocrx_word' id='word_1_16' title='bbox 776 859 873 954; x_wconf 88' lang='lat' dir='ltr'>qnod</span> <span class='ocrx_word' id='word_1_17' title='bbox 888 882 935 933; x_wconf 87' lang='lat' dir='ltr'>ex</span> <span class='ocrx_word' id='word_1_18' title='bbox 949 861 1120 934; x_wconf 81' lang='lat' dir='ltr'>mensuris</span> <span class='ocrx_word' id='word_1_19' title='bbox 1137 861 1223 957; x_wconf 87' lang='lat' dir='ltr'>ipsis</span> <span class='ocrx_word' id='word_1_20' title='bbox 1242 861 1335 934; x_wconf 89' lang='lat' dir='ltr'>enrie</span> <span class='ocrx_word' id='word_1_21' title='bbox 1359 867 1474 932; x_wconf 90' lang='lat' dir='ltr'>nostre</span> <span class='ocrx_word' id='word_1_22' title='bbox 1493 859 1550 932; x_wconf 92' lang='lat' dir='ltr'>vel</span> <span class='ocrx_word' id='word_1_23' title='bbox 1574 858 1759 952; x_wconf 87' lang='lat' dir='ltr'>cujuslibet</span> <span class='ocrx_word' id='word_1_24' title='bbox 1774 861 1839 934; x_wconf 86' lang='lat' dir='ltr'>loci</span> <span class='ocrx_word' id='word_1_25' title='bbox 1858 861 1920 935; x_wconf 92' lang='lat' dir='ltr'>do·</span> 
     </span>
     <span class='ocr_line' id='line_1_4' title="bbox 516 981 1915 1080; baseline 0.004 -28"><span class='ocrx_word' id='word_1_26' title='bbox 516 981 609 1054; x_wconf 91' lang='lat' dir='ltr'>mino</span> <span class='ocrx_word' id='word_1_27' title='bbox 624 981 828 1076; x_wconf 90' lang='lat' dir='ltr'>debebatur,</span> <span class='ocrx_word' id='word_1_28' title='bbox 837 985 970 1056; x_wconf 88' lang='lat' dir='ltr'>nnllum</span> <span class='ocrx_word' id='word_1_29' title='bbox 987 985 1233 1079; x_wconf 76' lang='lat' dir='ltr'>[collatoribus]</span> <span class='ocrx_word' id='word_1_30' title='bbox 1247 985 1413 1058; x_wconf 89' lang='lat' dir='ltr'>damnum</span> <span class='ocrx_word' id='word_1_31' title='bbox 1427 982 1483 1056; x_wconf 89' lang='lat' dir='ltr'>vel</span> <span class='ocrx_word' id='word_1_32' title='bbox 1500 983 1730 1080; x_wconf 74' lang='lat' dir='ltr'>prejudicium</span> <span class='ocrx_word' id='word_1_33' title='bbox 1740 985 1915 1076; x_wconf 63' lang='lat' dir='ltr'>adsuetum</span> 
     </span>
     <span class='ocr_line' id='line_1_5' title="bbox 512 1103 1918 1207; baseline 0.004 -31"><span class='ocrx_word' id='word_1_34' title='bbox 512 1104 574 1177; x_wconf 92' lang='lat' dir='ltr'>sed</span> <span class='ocrx_word' id='word_1_35' title='bbox 598 1107 816 1200; x_wconf 89' lang='lat' dir='ltr'>proportione</span> <span class='ocrx_word' id='word_1_36' title='bbox 838 1106 961 1202; x_wconf 90' lang='lat' dir='ltr'>prioris</span> <span class='ocrx_word' id='word_1_37' title='bbox 986 1108 1127 1182; x_wconf 89' lang='lat' dir='ltr'>minoris</span> <span class='ocrx_word' id='word_1_38' title='bbox 1153 1129 1314 1182; x_wconf 88' lang='lat' dir='ltr'>mensure</span> <span class='ocrx_word' id='word_1_39' title='bbox 1339 1105 1537 1207; x_wconf 77' lang='lat' dir='ltr'>[diligenter</span> <span class='ocrx_word' id='word_1_40' title='bbox 1559 1103 1723 1202; x_wconf 80' lang='lat' dir='ltr'>attenta],</span> <span class='ocrx_word' id='word_1_41' title='bbox 1743 1129 1810 1181; x_wconf 95' lang='lat' dir='ltr'>non</span> <span class='ocrx_word' id='word_1_42' title='bbox 1841 1111 1918 1206; x_wconf 91' lang='lat' dir='ltr'>plus</span> 
     </span>
     <span class='ocr_line' id='line_1_6' title="bbox 512 1229 1915 1328; baseline 0.003 -28"><span class='ocrx_word' id='word_1_43' title='bbox 512 1229 658 1324; x_wconf 91' lang='lat' dir='ltr'>proinde</span> <span class='ocrx_word' id='word_1_44' title='bbox 677 1230 831 1302; x_wconf 87' lang='lat' dir='ltr'>solvatur</span> <span class='ocrx_word' id='word_1_45' title='bbox 848 1231 915 1304; x_wconf 91' lang='lat' dir='ltr'>nisi</span> <span class='ocrx_word' id='word_1_46' title='bbox 935 1241 1104 1326; x_wconf 90' lang='lat' dir='ltr'>qnantum</span> <span class='ocrx_word' id='word_1_47' title='bbox 1124 1233 1283 1328; x_wconf 89' lang='lat' dir='ltr'>primitus</span> <span class='ocrx_word' id='word_1_48' title='bbox 1304 1230 1517 1305; x_wconf 74' lang='lat' dir='ltr'>solvebatur.</span> <span class='ocrx_word' id='word_1_49' title='bbox 1535 1229 1626 1304; x_wconf 89' lang='lat' dir='ltr'>Illud</span> <span class='ocrx_word' id='word_1_50' title='bbox 1643 1230 1747 1302; x_wconf 88' lang='lat' dir='ltr'>etiam</span> <span class='ocrx_word' id='word_1_51' title='bbox 1769 1235 1915 1327; x_wconf 86' lang='lat' dir='ltr'>presenti</span> 
     </span>
     <span class='ocr_line' id='line_1_7' title="bbox 510 1353 1914 1452; baseline 0.001 -26"><span class='ocrx_word' id='word_1_52' title='bbox 510 1353 745 1426; x_wconf 85' lang='lat' dir='ltr'>constitutioni</span> <span class='ocrx_word' id='word_1_53' title='bbox 763 1365 878 1428; x_wconf 87' lang='lat' dir='ltr'>nostre</span> <span class='ocrx_word' id='word_1_54' title='bbox 893 1357 1137 1450; x_wconf 79' lang='lat' dir='ltr'>conjungimus</span> <span class='ocrx_word' id='word_1_55' title='bbox 1155 1369 1194 1430; x_wconf 90' lang='lat' dir='ltr'>ut</span> <span class='ocrx_word' id='word_1_56' title='bbox 1209 1355 1399 1430; x_wconf 86' lang='lat' dir='ltr'>vendentes</span> <span class='ocrx_word' id='word_1_57' title='bbox 1419 1374 1553 1450; x_wconf 86' lang='lat' dir='ltr'>pannos</span> <span class='ocrx_word' id='word_1_58' title='bbox 1572 1353 1609 1426; x_wconf 93' lang='lat' dir='ltr'>in</span> <span class='ocrx_word' id='word_1_59' title='bbox 1629 1363 1802 1450; x_wconf 89' lang='lat' dir='ltr'>posterum</span> <span class='ocrx_word' id='word_1_60' title='bbox 1822 1355 1914 1452; x_wconf 87' lang='lat' dir='ltr'>ipsos</span> 
     </span>
     <span class='ocr_line' id='line_1_8' title="bbox 511 1475 1913 1574; baseline 0.003 -24"><span class='ocrx_word' id='word_1_61' title='bbox 511 1477 598 1550; x_wconf 90' lang='lat' dir='ltr'>ultra</span> <span class='ocrx_word' id='word_1_62' title='bbox 616 1497 684 1550; x_wconf 94' lang='lat' dir='ltr'>non</span> <span class='ocrx_word' id='word_1_63' title='bbox 702 1476 906 1565; x_wconf 88' lang='lat' dir='ltr'>distrahant,</span> <span class='ocrx_word' id='word_1_64' title='bbox 926 1479 992 1550; x_wconf 92' lang='lat' dir='ltr'>nisi</span> <span class='ocrx_word' id='word_1_65' title='bbox 1009 1489 1176 1572; x_wconf 82' lang='lat' dir='ltr'>quantum</span> <span class='ocrx_word' id='word_1_66' title='bbox 1188 1489 1224 1554; x_wconf 89' lang='lat' dir='ltr'>et</span> <span class='ocrx_word' id='word_1_67' title='bbox 1235 1487 1408 1574; x_wconf 86' lang='lat' dir='ltr'>quatenus</span> <span class='ocrx_word' id='word_1_68' title='bbox 1421 1499 1532 1550; x_wconf 88' lang='lat' dir='ltr'>canna</span> <span class='ocrx_word' id='word_1_69' title='bbox 1545 1475 1761 1572; x_wconf 84' lang='lat' dir='ltr'>pretenditur</span> <span class='ocrx_word' id='word_1_70' title='bbox 1772 1475 1837 1574; x_wconf 86' lang='lat' dir='ltr'>(a),</span> <span class='ocrx_word' id='word_1_71' title='bbox 1851 1481 1913 1554; x_wconf 90' lang='lat' dir='ltr'>sed</span> 
     </span>
     <span class='ocr_line' id='line_1_9' title="bbox 509 1598 1914 1696; baseline 0.001 -24"><span class='ocrx_word' id='word_1_72' title='bbox 509 1599 584 1672; x_wconf 90' lang='lat' dir='ltr'>sine</span> <span class='ocrx_word' id='word_1_73' title='bbox 598 1598 835 1672; x_wconf 80' lang='lat' dir='ltr'>abstractionis</span> <span class='ocrx_word' id='word_1_74' title='bbox 853 1601 999 1693; x_wconf 87' lang='lat' dir='ltr'>alicujus</span> <span class='ocrx_word' id='word_1_75' title='bbox 1016 1601 1192 1690; x_wconf 91' lang='lat' dir='ltr'>violentia,</span> <span class='ocrx_word' id='word_1_76' title='bbox 1205 1599 1311 1691; x_wconf 90' lang='lat' dir='ltr'>[sieut</span> <span class='ocrx_word' id='word_1_77' title='bbox 1325 1600 1450 1674; x_wconf 90' lang='lat' dir='ltr'>melius</span> <span class='ocrx_word' id='word_1_78' title='bbox 1467 1621 1547 1673; x_wconf 91' lang='lat' dir='ltr'>oum</span> <span class='ocrx_word' id='word_1_79' title='bbox 1561 1609 1716 1696; x_wconf 85' lang='lat' dir='ltr'>emptore</span> <span class='ocrx_word' id='word_1_80' title='bbox 1731 1601 1914 1674; x_wconf 89' lang='lat' dir='ltr'>convenire</span> 
     </span>
     <span class='ocr_line' id='line_1_10' title="bbox 509 1723 1914 1823; baseline 0.001 -26"><span class='ocrx_word' id='word_1_81' title='bbox 509 1727 709 1821; x_wconf 87' lang='lat' dir='ltr'>poteruntl,</span> <span class='ocrx_word' id='word_1_82' title='bbox 735 1725 828 1798; x_wconf 91' lang='lat' dir='ltr'>nulla</span> <span class='ocrx_word' id='word_1_83' title='bbox 859 1726 927 1800; x_wconf 87' lang='lat' dir='ltr'>alie</span> <span class='ocrx_word' id='word_1_84' title='bbox 956 1725 1078 1799; x_wconf 82' lang='lat' dir='ltr'>fraude</span> <span class='ocrx_word' id='word_1_85' title='bbox 1103 1727 1160 1800; x_wconf 91' lang='lat' dir='ltr'>vel</span> <span class='ocrx_word' id='word_1_86' title='bbox 1185 1725 1438 1802; x_wconf 81' lang='lat' dir='ltr'>machinatione</span> <span class='ocrx_word' id='word_1_87' title='bbox 1460 1723 1636 1817; x_wconf 90' lang='lat' dir='ltr'>adhibita,</span> <span class='ocrx_word' id='word_1_88' title='bbox 1661 1746 1796 1822; x_wconf 88' lang='lat' dir='ltr'>pannos</span> <span class='ocrx_word' id='word_1_89' title='bbox 1822 1727 1914 1823; x_wconf 85' lang='lat' dir='ltr'>ipsos</span> 
     </span>
     <span class='ocr_line' id='line_1_11' title="bbox 506 1848 919 1942; baseline -0.005 -20"><span class='ocrx_word' id='word_1_90' title='bbox 506 1848 658 1922; x_wconf 90' lang='lat' dir='ltr'>vendere</span> <span class='ocrx_word' id='word_1_91' title='bbox 675 1849 919 1942; x_wconf 86' lang='lat' dir='ltr'>procurabunt.</span> 
     </span>
    </p>
   </div>
   <div class='ocr_carea' id='block_1_3' title="bbox 919 2079 1496 2455">
    <p class='ocr_par' dir='ltr' id='par_1_3' title="bbox 919 2079 1496 2455">
     <span class='ocr_line' id='line_1_12' title="bbox 979 2079 1437 2174; baseline 0 -22"><span class='ocrx_word' id='word_1_92' title='bbox 979 2079 1181 2153; x_wconf 85' lang='lat' dir='ltr'>nrvunus</span> <span class='ocrx_word' id='word_1_93' title='bbox 1205 2081 1263 2154; x_wconf 87' lang='lat' dir='ltr'>nr.</span> <span class='ocrx_word' id='word_1_94' title='bbox 1289 2082 1323 2152; x_wconf 80' lang='lat' dir='ltr'>n</span> <span class='ocrx_word' id='word_1_95' title='bbox 1349 2079 1437 2174; x_wconf 69' lang='lat' dir='ltr'>(sot</span> 
     </span>
     <span class='ocr_line' id='line_1_13' title="bbox 919 2229 1496 2326; baseline 0.002 -26"><span class='ocrx_word' id='word_1_96' title='bbox 919 2233 966 2301; x_wconf 73' lang='lat' dir='ltr'>ne</span> <span class='ocrx_word' id='word_1_97' title='bbox 981 2231 1181 2326; x_wconf 64' lang='lat' dir='ltr'>pessus</span> <span class='ocrx_word' id='word_1_98' title='bbox 1199 2241 1230 2302; x_wconf 80' lang='lat' dir='ltr'>a</span> <span class='ocrx_word' id='word_1_99' title='bbox 1248 2232 1413 2304; x_wconf 64' lang='lat' dir='ltr'>meeum</span> <span class='ocrx_word' id='word_1_100' title='bbox 1434 2229 1496 2326; x_wconf 78' lang='lat' dir='ltr'>(a).</span> 
     </span>
     <span class='ocr_line' id='line_1_14' title="bbox 1050 2403 1365 2455; baseline 0.003 -2"><span class='ocrx_word' id='word_1_101' title='bbox 1050 2405 1139 2454; x_wconf 70' lang='lat' dir='ltr'>tul!</span> <span class='ocrx_word' id='word_1_102' title='bbox 1164 2403 1365 2455; x_wconf 70' lang='lat' dir='ltr'><strong>AUGUSTUS.</strong></span> 
     </span>
    </p>
   </div>
   <div class='ocr_carea' id='block_1_4' title="bbox 501 2530 1911 3623">
    <p class='ocr_par' dir='ltr' id='par_1_4' title="bbox 501 2530 1911 3623">
     <span class='ocr_line' id='line_1_15' title="bbox 554 2530 1911 2629; baseline -0.003 -23"><span class='ocrx_word' id='word_1_103' title='bbox 554 2533 610 2606; x_wconf 85' lang='lat' dir='ltr'>Ad</span> <span class='ocrx_word' id='word_1_104' title='bbox 636 2534 789 2628; x_wconf 78' lang='lat' dir='ltr'>legitima</span> <span class='ocrx_word' id='word_1_105' title='bbox 809 2533 963 2629; x_wconf 89' lang='lat' dir='ltr'>pondera</span> <span class='ocrx_word' id='word_1_106' title='bbox 986 2545 1021 2608; x_wconf 88' lang='lat' dir='ltr'>et</span> <span class='ocrx_word' id='word_1_107' title='bbox 1045 2555 1224 2607; x_wconf 86' lang='lat' dir='ltr'>mensuras</span> <span class='ocrx_word' id='word_1_108' title='bbox 1249 2553 1380 2606; x_wconf 88' lang='lat' dir='ltr'>merces</span> <span class='ocrx_word' id='word_1_109' title='bbox 1398 2532 1568 2627; x_wconf 87' lang='lat' dir='ltr'>quaslibet</span> <span class='ocrx_word' id='word_1_110' title='bbox 1585 2530 1737 2605; x_wconf 88' lang='lat' dir='ltr'>vendere</span> <span class='ocrx_word' id='word_1_111' title='bbox 1753 2532 1911 2604; x_wconf 85' lang='lat' dir='ltr'>volumus</span> 
     </span>
     <span class='ocr_line' id='line_1_16' title="bbox 506 2655 1910 2753; baseline 0 -23"><span class='ocrx_word' id='word_1_112' title='bbox 506 2659 714 2732; x_wconf 85' lang='lat' dir='ltr'>venditores.</span> <span class='ocrx_word' id='word_1_113' title='bbox 734 2658 953 2753; x_wconf 86' lang='lat' dir='ltr'>Quicumque</span> <span class='ocrx_word' id='word_1_114' title='bbox 972 2669 1087 2731; x_wconf 90' lang='lat' dir='ltr'>autem</span> <span class='ocrx_word' id='word_1_115' title='bbox 1106 2659 1287 2732; x_wconf 81' lang='lat' dir='ltr'>falsitatem</span> <span class='ocrx_word' id='word_1_116' title='bbox 1307 2667 1369 2730; x_wconf 89' lang='lat' dir='ltr'>aut</span> <span class='ocrx_word' id='word_1_117' title='bbox 1388 2656 1545 2730; x_wconf 79' lang='lat' dir='ltr'>fraudem</span> <span class='ocrx_word' id='word_1_118' title='bbox 1564 2655 1667 2730; x_wconf 89' lang='lat' dir='ltr'>aliam</span> <span class='ocrx_word' id='word_1_119' title='bbox 1682 2656 1719 2728; x_wconf 93' lang='lat' dir='ltr'>in</span> <span class='ocrx_word' id='word_1_120' title='bbox 1744 2658 1910 2730; x_wconf 86' lang='lat' dir='ltr'>mensuris</span> 
     </span>
     <span class='ocr_line' id='line_1_17' title="bbox 505 2779 1911 2879; baseline -0.003 -23"><span class='ocrx_word' id='word_1_121' title='bbox 505 2795 610 2878; x_wconf 89' lang='lat' dir='ltr'>atque</span> <span class='ocrx_word' id='word_1_122' title='bbox 622 2781 832 2879; x_wconf 90' lang='lat' dir='ltr'>ponderibus</span> <span class='ocrx_word' id='word_1_123' title='bbox 851 2784 921 2872; x_wconf 92' lang='lat' dir='ltr'>[vel</span> <span class='ocrx_word' id='word_1_124' title='bbox 940 2783 1075 2874; x_wconf 81' lang='lat' dir='ltr'>cannis]</span> <span class='ocrx_word' id='word_1_125' title='bbox 1095 2783 1256 2855; x_wconf 89' lang='lat' dir='ltr'>inventus</span> <span class='ocrx_word' id='word_1_126' title='bbox 1270 2779 1692 2873; x_wconf 85' lang='lat' dir='ltr'>lueritoommisisse,[aut</span> <span class='ocrx_word' id='word_1_127' title='bbox 1704 2781 1766 2874; x_wconf 91' lang='lat' dir='ltr'>qui</span> <span class='ocrx_word' id='word_1_128' title='bbox 1781 2801 1911 2876; x_wconf 85' lang='lat' dir='ltr'>pannos</span> 
     </span>
     <span class='ocr_line' id='line_1_18' title="bbox 505 2903 1909 3003; baseline -0.004 -22"><span class='ocrx_word' id='word_1_129' title='bbox 505 2903 733 3003; x_wconf 82' lang='lat' dir='ltr'>extraxerit,]</span> <span class='ocrx_word' id='word_1_130' title='bbox 756 2929 860 2979; x_wconf 92' lang='lat' dir='ltr'>unam</span> <span class='ocrx_word' id='word_1_131' title='bbox 878 2906 999 2979; x_wconf 93' lang='lat' dir='ltr'>libram</span> <span class='ocrx_word' id='word_1_132' title='bbox 1017 2907 1093 2979; x_wconf 91' lang='lat' dir='ltr'>auri</span> <span class='ocrx_word' id='word_1_133' title='bbox 1113 2905 1287 3002; x_wconf 89' lang='lat' dir='ltr'>purissimi</span> <span class='ocrx_word' id='word_1_134' title='bbox 1306 2903 1389 2980; x_wconf 82' lang='lat' dir='ltr'>fisco</span> <span class='ocrx_word' id='word_1_135' title='bbox 1406 2915 1523 2979; x_wconf 87' lang='lat' dir='ltr'>nostro</span> <span class='ocrx_word' id='word_1_136' title='bbox 1539 2914 1735 3000; x_wconf 90' lang='lat' dir='ltr'>componat;</span> <span class='ocrx_word' id='word_1_137' title='bbox 1758 2925 1862 2998; x_wconf 90' lang='lat' dir='ltr'>quam</span> <span class='ocrx_word' id='word_1_138' title='bbox 1881 2907 1909 2977; x_wconf 91' lang='lat' dir='ltr'>si</span> 
     </span>
     <span class='ocr_line' id='line_1_19' title="bbox 504 3025 1910 3127; baseline -0.004 -22"><span class='ocrx_word' id='word_1_139' title='bbox 504 3032 590 3105; x_wconf 86' lang='lat' dir='ltr'>dare</span> <span class='ocrx_word' id='word_1_140' title='bbox 616 3052 685 3103; x_wconf 91' lang='lat' dir='ltr'>non</span> <span class='ocrx_word' id='word_1_141' title='bbox 711 3030 835 3126; x_wconf 86' lang='lat' dir='ltr'>poterit</span> <span class='ocrx_word' id='word_1_142' title='bbox 862 3029 1131 3122; x_wconf 90' lang='lat' dir='ltr'>condemnatus,</span> <span class='ocrx_word' id='word_1_143' title='bbox 1159 3051 1239 3103; x_wconf 92' lang='lat' dir='ltr'>cum</span> <span class='ocrx_word' id='word_1_144' title='bbox 1262 3029 1418 3127; x_wconf 85' lang='lat' dir='ltr'>pondere</span> <span class='ocrx_word' id='word_1_145' title='bbox 1437 3051 1500 3102; x_wconf 91' lang='lat' dir='ltr'>seu</span> <span class='ocrx_word' id='word_1_146' title='bbox 1525 3049 1687 3101; x_wconf 89' lang='lat' dir='ltr'>mensura</span> <span class='ocrx_word' id='word_1_147' title='bbox 1712 3025 1759 3100; x_wconf 92' lang='lat' dir='ltr'>ad</span> <span class='ocrx_word' id='word_1_148' title='bbox 1785 3029 1910 3100; x_wconf 90' lang='lat' dir='ltr'>collum</span> 
     </span>
     <span class='ocr_line' id='line_1_20' title="bbox 506 3152 1910 3250; baseline -0.001 -23"><span class='ocrx_word' id='word_1_149' title='bbox 506 3157 583 3248; x_wconf 87' lang='lat' dir='ltr'>ejus</span> <span class='ocrx_word' id='word_1_150' title='bbox 599 3155 775 3249; x_wconf 85' lang='lat' dir='ltr'>appensis,</span> <span class='ocrx_word' id='word_1_151' title='bbox 794 3155 830 3224; x_wconf 94' lang='lat' dir='ltr'>in</span> <span class='ocrx_word' id='word_1_152' title='bbox 846 3154 900 3225; x_wconf 94' lang='lat' dir='ltr'>sui</span> <span class='ocrx_word' id='word_1_153' title='bbox 924 3175 1050 3250; x_wconf 90' lang='lat' dir='ltr'>penam</span> <span class='ocrx_word' id='word_1_154' title='bbox 1076 3155 1291 3249; x_wconf 88' lang='lat' dir='ltr'>aliorumque</span> <span class='ocrx_word' id='word_1_155' title='bbox 1315 3155 1535 3250; x_wconf 88' lang='lat' dir='ltr'>exemplum,</span> <span class='ocrx_word' id='word_1_156' title='bbox 1550 3174 1613 3249; x_wconf 89' lang='lat' dir='ltr'>per</span> <span class='ocrx_word' id='word_1_157' title='bbox 1636 3162 1758 3225; x_wconf 89' lang='lat' dir='ltr'>terram</span> <span class='ocrx_word' id='word_1_158' title='bbox 1783 3152 1910 3248; x_wconf 88' lang='lat' dir='ltr'>inque</span> 
     </span>
     <span class='ocr_line' id='line_1_21' title="bbox 505 3263 1909 3373; baseline -0.001 -23"><span class='ocrx_word' id='word_1_159' title='bbox 505 3278 660 3351; x_wconf 76' lang='lat' dir='ltr'>fraudem</span> <span class='ocrx_word' id='word_1_160' title='bbox 678 3277 901 3370; x_wconf 86' lang='lat' dir='ltr'>commiserit,</span> <span class='ocrx_word' id='word_1_161' title='bbox 925 3277 1063 3373; x_wconf 91' lang='lat' dir='ltr'>pnblice</span> <span class='ocrx_word' id='word_1_162' title='bbox 1083 3277 1282 3372; x_wconf 75' lang='lat' dir='ltr'>instigetnr3</span> <span class='ocrx_word' id='word_1_163' title='bbox 1305 3299 1412 3351; x_wconf 92' lang='lat' dir='ltr'>manu</span> <span class='ocrx_word' id='word_1_164' title='bbox 1434 3263 1469 3352; x_wconf 86' lang='lat' dir='ltr'>ei</span> <span class='ocrx_word' id='word_1_165' title='bbox 1487 3275 1615 3352; x_wconf 89' lang='lat' dir='ltr'>deinde</span> <span class='ocrx_word' id='word_1_166' title='bbox 1630 3275 1660 3349; x_wconf 89' lang='lat' dir='ltr'>si</span> <span class='ocrx_word' id='word_1_167' title='bbox 1678 3275 1832 3350; x_wconf 89' lang='lat' dir='ltr'>seeundo</span> <span class='ocrx_word' id='word_1_168' title='bbox 1848 3265 1909 3349; x_wconf 89' lang='lat' dir='ltr'>de·</span> 
     </span>
     <span class='ocr_line' id='line_1_22' title="bbox 503 3399 1906 3500; baseline 0 -26"><span class='ocrx_word' id='word_1_169' title='bbox 503 3401 693 3500; x_wconf 89' lang='lat' dir='ltr'>prehensus</span> <span class='ocrx_word' id='word_1_170' title='bbox 712 3401 865 3474; x_wconf 78' lang='lat' dir='ltr'>fueritin</span> <span class='ocrx_word' id='word_1_171' title='bbox 885 3401 1006 3492; x_wconf 88' lang='lat' dir='ltr'>simili,</span> <span class='ocrx_word' id='word_1_172' title='bbox 1027 3399 1260 3497; x_wconf 72' lang='lat' dir='ltr'>amputanda,</span> <span class='ocrx_word' id='word_1_173' title='bbox 1280 3403 1360 3474; x_wconf 91' lang='lat' dir='ltr'>etsi</span> <span class='ocrx_word' id='word_1_174' title='bbox 1381 3403 1480 3476; x_wconf 89' lang='lat' dir='ltr'>tertio</span> <span class='ocrx_word' id='word_1_175' title='bbox 1504 3399 1678 3475; x_wconf 86' lang='lat' dir='ltr'>iteraverit</span> <span class='ocrx_word' id='word_1_176' title='bbox 1702 3411 1906 3497; x_wconf 84' lang='lat' dir='ltr'>perpetrata,</span> 
     </span>
     <span class='ocr_line' id='line_1_23' title="bbox 501 3523 985 3623; baseline -0.017 -19"><span class='ocrx_word' id='word_1_177' title='bbox 501 3534 615 3623; x_wconf 90' lang='lat' dir='ltr'>ipsum</span> <span class='ocrx_word' id='word_1_178' title='bbox 632 3523 797 3621; x_wconf 91' lang='lat' dir='ltr'>suspendi</span> <span class='ocrx_word' id='word_1_179' title='bbox 811 3525 985 3617; x_wconf 87' lang='lat' dir='ltr'>jubemus.</span> 
     </span>
    </p>
   </div>
   <div class='ocr_carea' id='block_1_5' title="bbox 913 3781 1492 4030">
    <p class='ocr_par' dir='ltr' id='par_1_5' title="bbox 913 3781 1492 4030">
     <span class='ocr_line' id='line_1_24' title="bbox 942 3781 1463 3881; baseline 0 -27"><span class='ocrx_word' id='word_1_180' title='bbox 942 3781 1145 3857; x_wconf 84' lang='lat' dir='ltr'>TITULUS</span> <span class='ocrx_word' id='word_1_181' title='bbox 1174 3784 1252 3857; x_wconf 91' lang='lat' dir='ltr'>Lll.</span> <span class='ocrx_word' id='word_1_182' title='bbox 1280 3785 1348 3856; x_wconf 79' lang='lat' dir='ltr'>Al</span> <span class='ocrx_word' id='word_1_183' title='bbox 1372 3783 1463 3881; x_wconf 74' lang='lat' dir='ltr'>(dl).</span> 
     </span>
     <span class='ocr_line' id='line_1_25' title="bbox 913 3933 1492 4030; baseline 0 -24"><span class='ocrx_word' id='word_1_184' title='bbox 913 3933 962 4006; x_wconf 84' lang='lat' dir='ltr'>De</span> <span class='ocrx_word' id='word_1_185' title='bbox 975 3957 1064 4028; x_wconf 82' lang='lat' dir='ltr'>perra</span> <span class='ocrx_word' id='word_1_186' title='bbox 1087 3947 1198 4008; x_wconf 68' lang='lat' dir='ltr'>cosdra</span> <span class='ocrx_word' id='word_1_187' title='bbox 1214 3948 1410 4008; x_wconf 86' lang='lat' dir='ltr'>mercatores</span> <span class='ocrx_word' id='word_1_188' title='bbox 1434 3935 1492 4030; x_wconf 90' lang='lat' dir='ltr'>(c).</span> 
     </span>
    </p>
   </div>
   <div class='ocr_carea' id='block_1_6' title="bbox 1042 4107 1363 4158">
    <p class='ocr_par' dir='ltr' id='par_1_6' title="bbox 1042 4107 1363 4158">
     <span class='ocr_line' id='line_1_26' title="bbox 1042 4107 1363 4158; baseline 0.006 -2"><span class='ocrx_word' id='word_1_189' title='bbox 1042 4107 1132 4156; x_wconf 70' lang='lat' dir='ltr'>lbss!</span> <span class='ocrx_word' id='word_1_190' title='bbox 1162 4107 1363 4158; x_wconf 63' lang='lat' dir='ltr'>AUGUSTU&amp;</span> 
     </span>
    </p>
   </div>
   <div class='ocr_carea' id='block_1_7' title="bbox 551 4227 1907 4332">
    <p class='ocr_par' dir='ltr' id='par_1_7' title="bbox 551 4227 1907 4332">
     <span class='ocr_line' id='line_1_27' title="bbox 551 4227 1907 4332; baseline -0.002 -29"><span class='ocrx_word' id='word_1_191' title='bbox 551 4232 661 4304; x_wconf 85' lang='lat' dir='ltr'>Penas</span> <span class='ocrx_word' id='word_1_192' title='bbox 678 4242 793 4305; x_wconf 91' lang='lat' dir='ltr'>contra</span> <span class='ocrx_word' id='word_1_193' title='bbox 810 4245 1016 4308; x_wconf 87' lang='lat' dir='ltr'>mercatores</span> <span class='ocrx_word' id='word_1_194' title='bbox 1028 4245 1207 4332; x_wconf 82' lang='lat' dir='ltr'>corruptas</span> <span class='ocrx_word' id='word_1_195' title='bbox 1220 4257 1351 4320; x_wconf 88' lang='lat' dir='ltr'>merces</span> <span class='ocrx_word' id='word_1_196' title='bbox 1366 4234 1555 4310; x_wconf 89' lang='lat' dir='ltr'>vendentes</span> <span class='ocrx_word' id='word_1_197' title='bbox 1571 4241 1607 4306; x_wconf 93' lang='lat' dir='ltr'>et</span> <span class='ocrx_word' id='word_1_198' title='bbox 1630 4229 1767 4318; x_wconf 84' lang='lat' dir='ltr'>vetitus,</span> <span class='ocrx_word' id='word_1_199' title='bbox 1783 4247 1846 4300; x_wconf 90' lang='lat' dir='ltr'>seu</span> <span class='ocrx_word' id='word_1_200' title='bbox 1862 4227 1907 4300; x_wconf 90' lang='lat' dir='ltr'>ad</span> 
     </span>
    </p>
   </div>
   <div class='ocr_carea' id='block_1_8' title="bbox 499 4403 1909 4813">
    <p class='ocr_par' dir='ltr' id='par_1_8' title="bbox 499 4403 1909 4594">
     <span class='ocr_line' id='line_1_28' title="bbox 544 4403 1909 4492; baseline 0.006 -26"><span class='ocrx_word' id='word_1_201' title='bbox 544 4405 586 4487; x_wconf 85' lang='lat' dir='ltr'>(a)</span> <span class='ocrx_word' id='word_1_202' title='bbox 608 4405 717 4469; x_wconf 79' lang='lat' dir='ltr'>Graece</span> <span class='ocrx_word' id='word_1_203' title='bbox 736 4409 830 4470; x_wconf 86' lang='lat' dir='ltr'>multo</span> <span class='ocrx_word' id='word_1_204' title='bbox 851 4411 957 4471; x_wconf 84' lang='lat' dir='ltr'>mellus</span> <span class='ocrx_word' id='word_1_205' title='bbox 973 4429 981 4470; x_wconf 73' lang='grc' dir='ltr'><strong><em>ε</em></strong></span> <span class='ocrx_word' id='word_1_206' title='bbox 997 4411 1020 4467; x_wconf 80' lang='lat' dir='ltr'>rt</span> <span class='ocrx_word' id='word_1_207' title='bbox 1034 4407 1072 4488; x_wconf 74' lang='grc' dir='ltr'>μὴ</span> <span class='ocrx_word' id='word_1_208' title='bbox 1088 4407 1148 4470; x_wconf 76' lang='grc' dir='ltr'>ὅσον</span> <span class='ocrx_word' id='word_1_209' title='bbox 1163 4409 1209 4492; x_wconf 77' lang='grc' dir='ltr'>ἀφ’</span> <span class='ocrx_word' id='word_1_210' title='bbox 1224 4412 1325 4470; x_wconf 61' lang='grc' dir='ltr'>δαπῶν</span> <span class='ocrx_word' id='word_1_211' title='bbox 1339 4411 1513 4489; x_wconf 59' lang='lat' dir='ltr'>estensi,</span> <span class='ocrx_word' id='word_1_212' title='bbox 1529 4409 1588 4472; x_wconf 66' lang='grc' dir='ltr'>πᾶσι·</span> <span class='ocrx_word' id='word_1_213' title='bbox 1598 4411 1741 4490; x_wconf 66' lang='lat' dir='ltr'>queem</span> <span class='ocrx_word' id='word_1_214' title='bbox 1748 4403 1845 4484; x_wconf 66' lang='lat' dir='ltr'>panni</span> <span class='ocrx_word' id='word_1_215' title='bbox 1853 4419 1909 4484; x_wconf 68' lang='lat' dir='ltr'>tm</span> 
     </span>
     <span class='ocr_line' id='line_1_29' title="bbox 499 4511 834 4594; baseline -0.003 -19"><span class='ocrx_word' id='word_1_216' title='bbox 499 4533 529 4575; x_wconf 80' lang='lat' dir='ltr'>rr</span> <span class='ocrx_word' id='word_1_217' title='bbox 541 4515 598 4594; x_wconf 78' lang='lat' dir='ltr'>ipat¹</span> <span class='ocrx_word' id='word_1_218' title='bbox 605 4511 834 4594; x_wconf 79' lang='lat' dir='ltr'>proteasduntur.</span> 
     </span>
    </p>

    <p class='ocr_par' dir='ltr' id='par_1_9' title="bbox 543 4619 1238 4700">
     <span class='ocr_line' id='line_1_30' title="bbox 543 4619 1238 4700; baseline 0.004 -20"><span class='ocrx_word' id='word_1_219' title='bbox 543 4620 585 4700; x_wconf 83' lang='lat' dir='ltr'>(b)</span> <span class='ocrx_word' id='word_1_220' title='bbox 607 4621 718 4682; x_wconf 82' lang='lat' dir='ltr'>Grsece</span> <span class='ocrx_word' id='word_1_221' title='bbox 734 4636 742 4678; x_wconf 83' lang='lat' dir='ltr'>r</span> <span class='ocrx_word' id='word_1_222' title='bbox 757 4620 799 4680; x_wconf 77' lang='lat' dir='ltr'>lle</span> <span class='ocrx_word' id='word_1_223' title='bbox 809 4619 1028 4700; x_wconf 77' lang='lat' dir='ltr'>porcufmdir</span> <span class='ocrx_word' id='word_1_224' title='bbox 1040 4631 1238 4686; x_wconf 70' lang='lat' dir='ltr'>mmmm.</span> 
     </span>
    </p>

    <p class='ocr_par' dir='ltr' id='par_1_10' title="bbox 544 4727 1518 4813">
     <span class='ocr_line' id='line_1_31' title="bbox 544 4727 1518 4813; baseline 0.006 -27"><span class='ocrx_word' id='word_1_225' title='bbox 544 4727 582 4806; x_wconf 79' lang='lat' dir='ltr'>(r)</span> <span class='ocrx_word' id='word_1_226' title='bbox 604 4727 714 4788; x_wconf 77' lang='lat' dir='ltr'>Graece</span> <span class='ocrx_word' id='word_1_227' title='bbox 730 4745 738 4786; x_wconf 74' lang='grc' dir='ltr'><strong>ε</strong></span> <span class='ocrx_word' id='word_1_228' title='bbox 754 4727 788 4785; x_wconf 82' lang='lat' dir='ltr'>lu</span> <span class='ocrx_word' id='word_1_229' title='bbox 802 4743 858 4807; x_wconf 83' lang='lat' dir='ltr'>pue</span> <span class='ocrx_word' id='word_1_230' title='bbox 868 4743 936 4787; x_wconf 73' lang='lat' dir='ltr'>cam</span> <span class='ocrx_word' id='word_1_231' title='bbox 946 4733 1046 4790; x_wconf 80' lang='lat' dir='ltr'>coatru</span> <span class='ocrx_word' id='word_1_232' title='bbox 1060 4737 1229 4794; x_wconf 74' lang='lat' dir='ltr'>menatem</span> <span class='ocrx_word' id='word_1_233' title='bbox 1235 4749 1332 4813; x_wconf 79' lang='lat' dir='ltr'>poem</span> <span class='ocrx_word' id='word_1_234' title='bbox 1344 4728 1518 4812; x_wconf 80' lang='lat' dir='ltr'>duplicatur.</span> 
     </span>
    </p>
   </div>
   <div class='ocr_carea' id='block_1_9' title="bbox 0 0 2158 5910">
    <p class='ocr_par' dir='ltr' id='par_1_11' title="bbox 0 0 2158 5910">
     <span class='ocr_line' id='line_1_32' title="bbox 0 0 2158 5910; baseline 0 3"><span class='ocrx_word' id='word_1_235' title='bbox 0 0 2158 5910; x_wconf 95' lang='lat' dir='ltr'> </span> 
     </span>
    </p>
   </div>
  </div>
 </body>
</html>
