4372 5918
783 583 911 646 secut
937 581 1130 644 SICILIAE.
1624 583 1664 645 65

251 743 347 810 rum,
369 719 427 792 vel
444 719 474 792 si
496 739 601 792 cuma
618 717 663 790 sit
674 737 822 812 urgens,
838 727 976 814 propter
992 738 1099 813 quam
1117 725 1189 790 tarn
1209 717 1351 811 longum
1368 727 1505 814 tempus
1518 717 1662 794 concedi

253 867 320 920 non
341 843 461 940 possit.
486 843 522 916 Si
539 863 623 916 vero
646 853 745 916 exoa
764 863 911 934 regnum
934 843 965 914 Is
990 841 1052 937 qui
1082 842 1243 916 citandus
1266 851 1319 916 est
1346 843 1462 937 degat,
1482 845 1663 938 sexaginta

252 970 386 1044 dierum
402 967 554 1064 spatium
568 967 685 1040 citatio
702 967 877 1041 continere
900 964 1052 1040 debebit.
1076 963 1114 1036 In
1136 966 1282 1039 termino
1301 977 1416 1040 autern
1436 968 1664 1063 peremptorio

251 1093 377 1165 citatus
391 1111 591 1186 comparere
603 1089 776 1164 tenebitur
791 1111 853 1187 per
870 1111 909 1164 se
926 1090 1051 1186 velper
1070 1089 1191 1178 alium,
1207 1089 1238 1162 si
1256 1089 1370 1162 civilis
1383 1099 1436 1162 eet
1452 1091 1609 1186 questi03
1629 1102 1663 1164 et

249 1215 403 1308 legitime
421 1215 459 1286 in
475 1213 659 1310 principali
678 1235 783 1288 causa
807 1213 948 1288 defendi
966 1211 1017 1309 (a)
1041 1225 1102 1285 ant
1121 1235 1184 1308 pro
1208 1213 1284 1310 ipso
1310 1213 1489 1286 excusatio
1512 1213 1664 1308 legitime

249 1340 398 1432 allegata
415 1337 552 1434 probari
571 1336 692 1426 debet,
708 1347 965 1434 propterquam
993 1337 1030 1408 in
1053 1337 1199 1410 termino
1223 1335 1380 1434 predicto
1406 1336 1474 1412 sibi
1492 1338 1575 1412 dato
1593 1358 1661 1411 non

250 1463 400 1560 potnerit
416 1463 473 1537 rel
490 1483 561 1536 non
577 1461 735 1538 debuerit
748 1462 785 1534 in
803 1461 900 1536 curia
915 1459 1120 1558 presentari.

662 1705 862 1780 TITULUS
885 1703 1054 1780 XCVIII.
1082 1707 1142 1774 OB
1166 1699 1254 1802 (72).

543 1859 591 1928 Ile
607 1858 829 1952 orriputione
846 1857 1035 1928 litterarum
1051 1855 1285 1927 omniorum
1307 1852 1366 1952 (b).

801 2031 892 2080 rnnrr
917 2029 1118 2081 incussus.

300 2156 476 2230 (litationis
492 2157 604 2230 littere
618 2154 700 2256 [tam
715 2181 777 2254 per
790 2159 1012 2252 justitiarium
1027 2179 1132 2252 quam
1149 2179 1210 2252 per
1222 2155 1389 2257 bajulum]
1403 2157 1663 2232 transmittenda

252 2282 318 2378 ipsi
326 2269 446 2356 'eidem
465 2282 526 2377 qni
543 2281 703 2355 citandus
721 2283 846 2372 luerat,
864 2283 909 2376 [si
924 2283 1000 2374 ejus
1018 2282 1117 2378 copia
1131 2281 1252 2356 haberi
1264 2283 1420 2378 poterit]‚
1440 2283 1506 2356 snb
1526 2283 1665 2378 publice

252 2427 396 2502 persone
414 2407 609 2480 testimonio
625 2409 681 2480 vel
702 2409 874 2502 presentia
889 2407 1039 2481 duorum
1056 2407 1112 2479 rel
1135 2405 1237 2478 trium
1266 2407 1403 2480 testium
1431 2405 1661 2500 assignentur.

253 2531 400 2616 Quodsi
423 2531 485 2603 ubi
512 2532 557 2604 sit
574 2531 634 2626 qui
656 2531 817 2605 citandus
835 2531 938 2605 luerit
959 2531 1135 2626 ignoretur
1150 2531 1208 2602 vel
1231 2530 1392 2602 inventus
1410 2529 1530 2605 baberi
1555 2531 1602 2605 ad
1627 2553 1666 2606 se

254 2656 384 2729 aditum
402 2679 474 2729 non
494 2655 678 2751 permittat,
698 2657 855 2729 sufficere
876 2655 1041 2728 volumus
1054 2653 1151 2750 quod
1177 2653 1399 2729 denunciatio
1423 2655 1517 2729 dorni
1544 2655 1603 2730 liat
1627 2658 1664 2729 in

254 2803 322 2875 qua
334 2801 423 2853 uxor
431 2783 509 2875 ejus
523 2781 577 2853 vel
588 2778 649 2852 lilii
665 2780 723 2854 ret
738 2781 806 2852 alia
819 2779 977 2875 specialis
987 2779 1097 2874 ipsius
1108 2779 1236 2852 familia
1254 2787 1494 2868 commoretur,
1512 2787 1664 2878 [recepto

254 2905 510 2977 alamiliaribus
526 2915 740 2977 sacramento
758 2901 853 2998 quod
872 2903 1066 2976 citationem
1082 2903 1205 2974 lactem
1222 2923 1326 2998 quarn
1341 2901 1489 2997 primurn
1503 2915 1666 3000 poterunt

254 3027 299 3101 ad
323 3029 477 3102 notitiam
505 3031 598 3102 citati
624 3028 845 3124 perducaut1.
867 3030 902 3100 Si
927 3049 1011 3102 vero
1038 3027 1163 3102 domus
1184 3049 1253 3100 non
1276 3027 1450 3122 aperiatur
1471 3029 1576 3102 citare
1600 3051 1663 3105 vo·

254 3153 353 3244 lenti,
374 3155 499 3226 litteras
517 3155 686 3226 citatorias
714 3155 751 3225 in
774 3153 892 3224 limina
916 3151 1041 3224 domus
1067 3152 1148 3248 puni
1178 3151 1344 3244 jubemus
1376 3151 1442 3223 snb
1468 3153 1662 3229 testimonio

255 3277 470 3374 supradicto,
490 3288 526 3352 et
542 3301 589 3352 ex
607 3289 690 3352 tunc
710 3279 850 3371 triginta
870 3277 926 3350 vel
941 3275 1122 3372 sexaginta
1139 3275 1274 3350 dierum
1300 3286 1437 3372 tempus
1454 3276 1549 3372 quod
1574 3277 1610 3350 in
1624 3301 1662 3352 sa

254 3404 363 3478 littere
390 3405 584 3495 continent,
607 3405 808 3477 continuum
834 3414 1046 3476 numeretur.
1068 3403 1143 3488 Qua
1164 3404 1281 3477 omnia
1296 3425 1356 3500 per
1383 3425 1464 3476 eunt
1484 3403 1539 3474 cni
1562 3405 1664 3478 luerit

256 3529 435 3600 commissa
458 3527 591 3618 citatio,
620 3529 783 3601 volumus
809 3527 969 3624 expediri
995 3538 1030 3600 et
1049 3526 1199 3600 seriatim
1225 3527 1342 3600 citanti
1371 3527 1531 3616 rescribi,
1550 3529 1609 3602 illa
1626 3530 1662 3602 in

256 3661 426 3744 posterum
455 3649 633 3724 dubietate
657 3649 816 3724 submota
837 3651 933 3746 quod
960 3651 990 3724 is
1012 3651 1070 3724 cui
1097 3649 1255 3723 iacienda
1281 3651 1396 3722 citatio
1421 3651 1573 3724 extiterit
1595 3651 1661 3727 da-

256 3774 426 3862 nunciata,
448 3773 649 3848 mandatum
667 3773 783 3870 ipsum
795 3783 864 3846 tam
882 3797 946 3870 per
962 3796 1000 3848 se
1012 3797 1117 3870 qnam
1130 3796 1193 3870 per
1211 3775 1316 3847 alium
1335 3772 1405 3847 lide
1421 3773 1567 3868 dignum
1588 3778 1661 3872 [cni

256 3899 443 3992 specialiter
455 3899 521 3971 boc
535 3898 783 3991 commiserit]‚
799 3910 1011 3995 exequatnr3
1031 3923 1111 3972 oum
1125 3901 1182 3972 hic
1200 3921 1269 3971 uon
1289 3909 1326 3969 nt
1340 3897 1453 3988 judex
1469 3921 1584 3990 cause,
1600 3903 1662 3977 sed

257 4029 295 4092 ut
309 4023 453 4115 quilibet
469 4024 625 4096 minister
642 4023 731 4096 alius
747 4023 794 4098 ad
816 4024 1013 4098 laciendum
1030 4024 1164 4120 aliquid
1183 4033 1389 4112 assumatur,
1414 4043 1479 4096 nec
1495 4045 1599 4098 cause
1617 4025 1662 4122 (c)

297 4171 338 4251 (a)
360 4173 443 4234 Alias
455 4170 626 4256 defendendi
639 4189 692 4236 seu
705 4171 864 4256 deserendi,
877 4177 967 4238 male.

296 4277 338 4360 (b)
357 4281 468 4344 Graece
481 4300 491 4343 t
508 4281 571 4358 Qun
583 4278 641 4342 lucc
654 4279 768 4342 minu
779 4283 974 4365 inquisitionis
987 4280 1092 4362 deponi
1104 4279 1242 4357 debunt,
1256 4281 1282 4342 ri
1301 4283 1326 4342 ir
1347 4283 1399 4363 qui
1421 4281 1583 4362 inquiritur
1604 4297 1664 4342 nen

257 4393 428 4464 comparent.

298 4490 336 4571 (r)
354 4494 412 4556 illc
426 4494 689 4560 nunnulenesnnt
701 4497 733 4558 ln
746 4513 851 4576 gruem
864 4498 903 4559 ab
909 4495 1006 4578 judan
1017 4511 1120 4558 murrae
1134 4511 1230 4573 nsque
1252 4495 1291 4556 ed
1304 4495 1502 4576 wpnitbncn.
1516 4496 1665 4558 emenus

257 4595 348 4658 credit
358 4599 488 4675 prlnnunr
505 4595 652 4668 ὑποθέσεως
665 4615 734 4664 cum
747 4605 906 4680 posteriore
919 4600 1067 4669 suntuna
1078 4617 1183 4681 graeco
1197 4603 1332 4680 scriptori
1345 4603 1529 4679 lupeculus,
1545 4603 1597 4679 qul
1615 4603 1665 4662 ln·

258 4703 397 4765 termedlu
409 4703 501 4768 rerba
514 4708 630 4784 penitus
642 4709 782 4770 omiserit.

1491 4824 1508 4876 9
