4298 5906
506 595 567 658 226
954 598 1092 662 NOVAE
1118 597 1472 661 constitutiones

501 734 580 827 jure
600 732 779 808 locationis
796 757 818 810 a
837 744 952 810 nostra
978 736 1158 808 clementia
1181 745 1440 829 recognoscant.
1464 735 1579 820 Quare
1604 734 1811 809 mandamus
1830 759 1918 832 qua-

507 865 608 930 tenus
624 880 686 954 per
704 867 810 934 totam
824 860 1098 954 jurisdictionem
1121 871 1218 934 tuam
1241 859 1278 933 in
1298 859 1510 956 quibuslibet
1534 857 1751 952 civitatibus,
1771 861 1860 934 villis
1885 873 1919 936 et

506 982 627 1055 castris
649 1005 755 1080 super
771 985 1047 1081 possessionibus
1065 1007 1135 1080 que
1151 994 1293 1080 paterno
1309 986 1367 1059 vel
1384 993 1539 1059 materno
1551 985 1632 1078 jure
1652 983 1823 1058 debentur
1839 983 1918 1059 liliis

507 1106 720 1200 clerieomm,
741 1108 933 1203 objectione
951 1111 1055 1206 prolis
1075 1109 1192 1182 illicite
1209 1108 1468 1196 nonobstante,
1485 1117 1617 1182 cenum
1639 1117 1674 1180 et
1689 1128 1846 1180 annuum
1863 1127 1918 1180 re·

507 1229 617 1304 ditum
635 1254 698 1330 pro
715 1234 906 1328 quantitate
924 1256 1040 1308 rerum
1061 1233 1166 1328 adjici
1182 1233 1305 1325 iacias,
1321 1233 1412 1306 sicut
1427 1229 1642 1307 commodius
1661 1231 1793 1306 videris
1811 1253 1918 1328 expe·

507 1354 594 1429 dira.
613 1357 746 1432 Deinde
761 1357 806 1432 de
821 1359 1022 1432 auctoritate
1039 1369 1154 1432 nostre
1168 1359 1261 1432 curie
1277 1357 1366 1432 lilios
1382 1357 1584 1431 clericorum
1605 1357 1643 1428 in
1667 1355 1838 1429 sarcinam
1855 1377 1917 1452 pa·

506 1490 678 1554 ternarum
697 1493 732 1555 et
748 1492 980 1558 maternarum
999 1506 1115 1557 rerum
1133 1493 1168 1556 et
1181 1483 1437 1580 possessionum
1456 1483 1637 1574 immittas,
1659 1482 1757 1554 salvo
1775 1467 1872 1554 certo
1884 1490 1919 1555 ct

506 1627 622 1680 annuo
650 1607 764 1682 reditu
790 1609 931 1705 dequo
960 1617 1141 1683 teneantur
1164 1609 1264 1682 annis
1289 1609 1435 1704 singulis
1460 1608 1496 1680 in
1526 1609 1612 1680 lesto
1634 1605 1759 1680 nuans
1782 1605 1918 1678 Domini

505 1741 620 1806 nostre
644 1734 740 1806 curie
760 1735 981 1830 respondere.
1003 1735 1122 1828 ltaque
1139 1733 1168 1804 si
1187 1734 1222 1804 in
1245 1733 1430 1807 constituto
1452 1754 1560 1806 censu
1584 1731 1793 1822 defecerint,
1815 1753 1836 1802 a
1857 1751 1918 1825 pa·

506 1857 612 1929 ternis
627 1867 660 1931 et
678 1859 840 1932 maternis
860 1859 961 1932 bonis
980 1859 1117 1956 penitus
1132 1857 1376 1931 excludantur.
1393 1856 1584 1952 adjicimus
1597 1857 1741 1951 insuper
1754 1863 1793 1925 ut
1807 1852 1918 1926 donec

506 1991 664 2078 parentes
685 1983 838 2080 ipsorum
858 1984 1024 2076 vixerint,
1044 1985 1111 2057 nisi
1133 1983 1178 2056 ds
1197 1983 1298 2057 bonis
1316 1991 1351 2056 et
1365 1982 1645 2080 possessionibus
1662 1979 1735 2053 suis
1755 1979 1920 2053 cesserint

506 2115 694 2204 spontanea
711 2109 906 2202 voluntate,
926 2109 1018 2182 bona
1043 2119 1078 2182 et
1100 2109 1333 2205 possessiones
1352 2130 1435 2182 suas
1454 2107 1561 2182 libare
1580 2115 1720 2180 teneant
1738 2125 1852 2200 usqne
1870 2101 1918 2177 ad

506 2230 638 2304 obitum
657 2233 870 2324 eorumdem,
888 2255 994 2308 censu
1017 2235 1053 2306 in
1070 2233 1355 2330 quaternionibus
1378 2233 1474 2308 curie
1497 2231 1721 2305 nibilominus
1737 2235 1915 2312 annotato,

505 2377 610 2450 quem
629 2355 690 2430 filii
709 2367 891 2454 postquam
906 2359 952 2432 ad
971 2379 1032 2432 eos
1049 2367 1191 2454 paterna
1207 2367 1241 2431 et
1258 2370 1414 2432 materna
1433 2358 1524 2432 bona
1543 2355 1783 2455 pervenerint,
1802 2363 1918 2426 nosue

507 2525 715 2537 ...μ-...ηο-
903 2527 1047 2536 .-.---.·
1226 2527 1302 2536 0...-

506 2629 519 2663 s
536 2609 664 2685 precipue
677 2625 730 2684 que
741 2609 882 2685 legitimari
894 2611 1001 2686 spurios
1016 2611 1068 2669 nisi
1088 2627 1122 2669 sx
1144 2617 1217 2669 certa
1231 2611 1342 2670 scientia
1357 2627 1412 2670 non
1431 2611 1562 2686 permittit
1576 2627 1584 2666 r
1597 2609 1636 2667 ita
1646 2615 1747 2678 tamem
1759 2605 1831 2680 quod
1842 2606 1919 2664 aioa-

505 2709 631 2767 »simam
655 2715 760 2783 partem
780 2715 960 2785 proventuum
987 2708 1107 2768 omnium
1128 2711 1275 2782 bcnomm,
1294 2725 1348 2784 que
1365 2709 1502 2786 praedicte
1520 2707 1716 2782 leptimatlonis
1732 2703 1862 2764 beneflcio
1881 2704 1918 2761 ad

505 2805 694 2880 »legidmatos
718 2806 826 2865 eosdem
851 2807 1039 2882 provenerint,
1064 2807 1177 2882 singulis
1202 2807 1280 2865 annis
1301 2807 1416 2864 reddant
1434 2805 1509 2864 curie
1532 2809 1640 2876 nosne,
1658 2801 1686 2859 in
1709 2801 1918 2874 recognitionem

505 2903 632 2976 regnatis,
647 2919 728 2977 quam
747 2905 787 2962 eis
801 2921 883 2979 super
903 2904 955 2963 boc
974 2905 1100 2963 duximus
1114 2905 1311 2979 indulgendam.
1330 2903 1371 2961 ad
1382 2903 1463 2978 bujus
1483 2905 1574 2960 autem
1591 2900 1630 2957 rai
1647 2898 1820 2969 memoriam,
1834 2903 1916 2954 ete.»

504 3000 625 3058 Alterum
639 3001 768 3060 ineditum
781 3009 856 3060 extat
868 3003 897 3060 in
909 3003 969 3061 cod.
980 3003 1124 3062 Britannici
1136 3005 1238 3063 llusaei
1253 3005 1357 3079 tmpus.
1367 3003 1450 3071 dett,
1459 2999 1505 3058 lol.
1515 3001 1568 3056 tot
1577 3011 1734 3068 rerso,eum
1747 2995 1801 3052 bac
1810 2993 1918 3052 mbrica

505 3099 544 3157 lle
561 3099 756 3173 legitimatione
778 3101 883 3176 spurii,
899 3108 927 3160 et
942 3103 994 3160 sub
1016 3101 1111 3160 eadem
1132 3103 1217 3160 lorma
1239 3101 1297 3160 lene
1317 3093 1713 3176 concipitur:«[llredorims.]
1726 3093 1843 3166 Dignum
1857 3091 1923 3150 lore

505 3215 519 3250 a
534 3196 669 3254 credimus
680 3203 710 3254 et
718 3205 928 3258 consentaneum
941 3199 1037 3257 rationi
1048 3205 1079 3256 ut
1087 3199 1126 3256 bii
1137 3213 1205 3273 quos
1215 3199 1350 3258 interdum
1363 3199 1391 3256 in
1403 3195 1527 3272 legitimis
1539 3193 1646 3254 actibm
1656 3189 1775 3249 desem
1788 3187 1918 3247 natalimn

496 3299 520 3345 ‘a
536 3292 662 3366 impedit,
677 3293 876 3367 legitimationis
889 3295 989 3354 bonore
1002 3311 1052 3370 per
1067 3295 1217 3371 principem
1230 3299 1400 3371 reparentur,
1412 3299 1441 3352 et
1456 3294 1480 3352 sl
1494 3291 1602 3367 quando
1614 3305 1696 3365 super
1707 3287 1761 3346 hoc
1773 3285 1918 3362 imperialis

504 3409 518 3442 a
535 3388 611 3448 lavor
624 3391 779 3464 requiritur,
794 3393 828 3449 ad
842 3393 1063 3467 supplicationem
1084 3392 1201 3451 bdelium
1219 3393 1365 3451 liberaliter
1380 3391 1515 3466 largiatur.
1529 3389 1596 3447 lnde
1607 3395 1649 3446 est
1658 3385 1731 3462 qnod
1742 3399 1805 3441 cum
1815 3383 1916 3440 llomo·

505 3507 519 3541 a
534 3487 602 3546 deus
613 3487 659 3562 qui
670 3487 769 3547 dicitur
780 3489 911 3548 Guercius
923 3490 957 3548 de
970 3489 1089 3562 Verona,
1100 3489 1184 3549 fidelis
1196 3495 1297 3564 noste,
1306 3491 1352 3566 qni
1363 3489 1497 3564 legitimos
1511 3487 1579 3546 illics
1592 3501 1622 3545 se
1635 3483 1733 3543 asserit
1744 3497 1798 3540 non
1806 3479 1917 3552 babere,

506 3607 519 3642 a
535 3603 584 3664 pro
596 3587 786 3663 legitimatione
800 3589 833 3647 Α.
848 3588 895 3646 lilii
907 3589 959 3661 sui,
971 3606 1053 3664 quem
1065 3591 1124 3666 ipse
1135 3589 1266 3650 lumenta
1277 3605 1360 3650 uxore
1373 3605 1423 3648 sua
1435 3588 1544 3648 virente
1555 3603 1590 3646 ex
1602 3583 1724 3644 anema
1735 3581 1849 3642 muliere
1864 3595 1918 3638 so·

505 3687 591 3746 »luta
610 3689 764 3763 suscepisse
787 3705 818 3748 se
840 3687 918 3762 dicit,
937 3691 1071 3765 majestati
1089 3697 1180 3750 nostre
1195 3691 1330 3749 humiliter
1347 3688 1587 3765 supplicarit3noe
1600 3681 1839 3760 supplicationibus
1857 3677 1918 3752 ejus

506 3805 519 3840 a
534 3785 679 3860 benignum
693 3793 845 3862 prestantes
859 3803 1014 3860 assensum,
1030 3790 1180 3864 predictum
1192 3791 1225 3848 Α.
1239 3789 1360 3864 spurium
1380 3803 1441 3846 esse
1453 3787 1583 3857 scientes,
1596 3784 1632 3842 de
1648 3780 1813 3857 plenitudine
1823 3782 1918 3852 potes-

505 3902 519 3938 »
535 3885 598 3942 tatis
610 3891 741 3944 nostrast
753 3902 787 3944 ex
801 3889 874 3944 certa
888 3885 1001 3944 scientia
1011 3886 1189 3962 legitimamus
1202 3889 1326 3945 eumdem
1344 3893 1373 3945 et
1390 3885 1527 3944 adomnia
1542 3884 1604 3957 jura
1623 3879 1740 3954 legitima
1753 3875 1919 3934 mouimus

506 4001 519 4034 r
536 3999 608 4053 anm,
617 3988 647 4039 ut
659 3989 787 4057 tanquam
802 3983 936 4057 legitimus
948 3989 975 4041 et
986 3983 1020 4042 de
1031 3983 1149 4058 legitimo
1164 3985 1241 4044 thoro
1252 3992 1333 4043 natue
1346 3985 1375 4041 in
1387 3983 1506 4059 paternis
1517 3981 1598 4040 bonie
1609 3985 1639 4037 et
1650 3974 1779 4035 maternis
1789 3973 1841 4030 rite
1852 3985 1918 4030 sue·

506 4077 626 4150 comat,
642 4079 693 4137 nisi
708 4079 824 4140 leudulis
838 4081 882 4140 vsl
903 4081 1002 4156 regalia
1025 4082 1085 4158 ipss
1105 4083 1176 4142 bona
1196 4083 1326 4154 existant,
1340 4081 1419 4140 nullis
1437 4079 1563 4156 lemtimis
1582 4077 1644 4135 liliis
1665 4069 1867 4132 remanentibus
1882 4085 1917 4126 0¹

507 4197 520 4230 a
535 4177 643 4248 ecdsm;
660 4177 695 4236 ad
709 4193 803 4238 omnes
813 4188 890 4239 actus
902 4181 1026 4256 publicos
1039 4189 1067 4240 at
1078 4181 1169 4240 civiles
1180 4181 1309 4254 bonores,
1321 4181 1345 4238 sl
1358 4195 1388 4238 ss
1401 4195 1481 4238 ossus
1498 4175 1652 4251 ingesserit,
1666 4171 1832 4238 admittatur,
1846 4173 1876 4225 θῑ
1887 4165 1917 4223 ῑῦ

508 4295 520 4328 a
536 4273 661 4332 omnibus
679 4273 739 4334 aliis
750 4293 826 4335 suam
839 4279 925 4353 possit
938 4279 1023 4337 libere
1043 4282 1169 4354 prosequi
1188 4280 1333 4352 actionem,
1346 4278 1494 4352 objectione
1507 4275 1592 4350 prolis
1604 4271 1694 4330 illicite
1704 4269 1860 4344 quiescente
1872 4263 1917 4322 vel

507 4392 520 4427 a
538 4371 700 4447 aliquatinus
717 4391 772 4433 non
786 4375 924 4448 obstante,
938 4377 1090 4452 specialiter
1104 4381 1193 4435 autem
1206 4377 1251 4434 illa
1262 4393 1316 4452 que
1333 4375 1473 4451 legitimari
1487 4371 1593 4448 spurios
1604 4369 1655 4428 nisi
1671 4383 1704 4425 ex
1718 4371 1790 4424 certa
1806 4359 1918 4422 mentia

507 4492 519 4525 a
537 4485 591 4529 non
604 4469 745 4546 permittit.
754 4473 785 4528 ln
798 4475 875 4547 cujus
886 4475 925 4532 rei
939 4475 1096 4534 memoriam
1105 4481 1133 4533 st
1141 4475 1265 4533 stabilem
1277 4473 1439 4546 firmitatem,
1448 4485 1562 4547 presens
1573 4469 1701 4542 scriptum
1713 4463 1772 4522 ΕΘΗ
1785 4459 1918 4535 Ιΰῦὓῑωῑῑθ

507 4587 520 4621 a
534 4567 682 4642 majestatis
695 4575 785 4626 nostre
799 4571 884 4644 sigillo
899 4571 1065 4629 munitum.»
1080 4573 1111 4630 ln
1125 4575 1176 4632 isto
1190 4581 1278 4631 mmen
1293 4573 1430 4649 privilegio
1446 4571 1480 4629 de
1492 4583 1581 4628 annuo
1593 4563 1699 4624 redditu
1710 4561 1802 4620 curiae
1813 4554 1918 4632 persol-

505 4668 592 4725 vendo
606 4665 680 4724 nulla
695 4667 794 4724 mentio
808 4665 850 4740 lit;
866 4669 937 4727 unde
952 4669 1131 4746 comperimus
1143 4671 1214 4729 banc
1227 4669 1320 4729 tributi
1340 4669 1517 4732 conditionem
1531 4665 1593 4725 iliis
1611 4663 1829 4740 prosbyterorum
1852 4659 1916 4712 ῒθῦ·

505 4765 652 4836 tummodo,
665 4779 719 4823 non
732 4767 846 4825 caeteris
855 4783 921 4827 vero
937 4769 1036 4843 spuriis
1048 4769 1131 4828 inisse
1142 4769 1304 4846 impositam.
