4320 5918
517 588 578 652 468
1019 584 1233 646 lalbnulcl
1257 583 1432 645 secutio!
1739 582 1822 668 [bn.
1840 583 1928 646 tztt.

519 725 596 798 aliis
614 721 777 798 fidelibus
791 721 919 796 nostris
932 719 1164 816 predictorum
1186 721 1341 794 locorum
1361 719 1514 792 oonieme
1534 719 1738 816 compellitis
1754 721 1790 792 in
1806 723 1931 794 nostris

520 845 809 920 subventionibus
834 855 870 918 et
891 844 1061 936 collectis,
1084 866 1165 916 cum
1184 842 1300 917 dictus
1320 842 1429 916 abbas
1451 842 1577 915 nostris
1598 843 1749 916 servitiis
1771 845 1931 938 quotiens

521 969 680 1066 expedit,
698 969 921 1064 inrequisitus
941 969 1044 1042 otiam
1069 969 1208 1042 acuria
1234 978 1367 1060 nosba,
1390 969 1437 1040 sit
1461 967 1641 1064 expositus
1661 975 1697 1040 et
1715 978 1876 1063 paratus,
1897 978 1933 1042 et

521 1095 766 1170 nichilominus
769 1145 1236 1166 ...............
1267 1089 1498 1192 [man]datnm
1523 1100 1678 1165 nostrum
1700 1100 1737 1164 et
1762 1091 1933 1188 benepla-

521 1222 628 1294 citum
651 1219 746 1293 curie
773 1229 889 1292 nostre
912 1218 1098 1292 servicium
1121 1217 1253 1292 exinde
1276 1239 1512 1314 compensare.
1538 1217 1667 1290 Verum
1689 1217 1774 1312 quia
1800 1215 1934 1288 dictum

522 1345 766 1420 monasterium
786 1353 821 1418 et
832 1344 981 1439 prelatos
994 1342 1150 1436 ejusdem
1166 1341 1212 1416 ad
1228 1343 1369 1416 servitia
1387 1353 1503 1416 nostra
1515 1363 1651 1438 semper
1663 1341 1798 1439 experti
1812 1361 1934 1413 sumus

522 1491 592 1541 non
620 1468 802 1557 remissos,
832 1475 868 1541 ct
891 1467 937 1541 dc
961 1467 1107 1564 predicti
1132 1467 1268 1541 abbatis
1289 1465 1479 1540 devocione
1507 1466 1682 1562 potissime
1705 1463 1931 1556 confidimus,

522 1591 731 1666 mandamus
752 1591 816 1664 tibi
845 1592 1010 1686 quatinus
1036 1592 1066 1664 si
1094 1599 1147 1665 est
1171 1593 1219 1665 ita
1223 1643 1701 1665 ...............
1725 1595 1866 1662 teneant
1889 1586 1935 1661 de

522 1717 619 1791 curia
632 1731 748 1790 nostra
769 1737 830 1790 seu
847 1715 893 1790 do
910 1727 1027 1790 nostm
1043 1716 1204 1790 demanio
1222 1725 1440 1813 preterquam
1461 1715 1507 1790 de
1529 1715 1631 1788 bonis
1645 1711 1885 1787 ecclesiasticis
1901 1722 1937 1784 et

521 1841 797 1936 possessionibus
819 1862 889 1936 que
910 1849 991 1914 sunt
1011 1841 1255 1938 patrimonium
1273 1841 1456 1929 crncifixi,
1481 1861 1552 1914 nou
1571 1839 1749 1936 permittas
1769 1837 1936 1910 vassallos

523 1963 605 2037 dicti
623 1963 758 2036 abbatis
775 1964 813 2036 in
830 1964 1070 2038 exactionibus
1087 1961 1148 2062 [et]
1167 1964 1456 2038 subventionibus
1473 1963 1592 2061 impeti
1610 1963 1666 2036 vel
1684 1961 1847 2036 collectis.
1865 1961 1936 2034 Imo

524 2088 737 2184 quicumque
755 2087 800 2161 de
819 2089 976 2162 vassallis
992 2089 1099 2162 nostri
1118 2088 1271 2162 demanii
1291 2110 1352 2161 seo
1358 2139 1838 2160 ...............
1858 2107 1937 2158 mo-

524 2213 663 2284 nasterii
682 2234 744 2308 per
761 2211 903 2286 modum
922 2213 1129 2287 affiliationis
1145 2213 1286 2288 duxerit
1307 2213 1343 2284 in
1365 2234 1529 2303 uxorem,
1553 2221 1588 2286 et
1604 2213 1681 2308 ipse
1701 2209 1860 2284 funditus
1878 2209 1937 2282 liat

523 2335 631 2409 libere
651 2337 820 2410 vassallus
837 2337 992 2430 ejusdem
1011 2338 1207 2412 monasterii
1223 2359 1264 2411 ac
1287 2337 1443 2410 libertate
1468 2346 1503 2410 et
1526 2337 1636 2432 gratia
1659 2336 1767 2410 nostri
1784 2334 1936 2409 demanii

522 2458 700 2532 bominum
714 2461 845 2556 prefate
857 2463 968 2536 llocoe
980 2463 1132 2557 gaudeat
1146 2471 1181 2535 ct
1197 2463 1342 2554 truatur,
1358 2463 1449 2534 sicut
1464 2463 1501 2533 iu
1520 2470 1636 2534 nostru
1651 2459 1835 2556 privilegio
1856 2459 1936 2532 olim

522 2583 638 2658 eidem
665 2585 871 2660 monastario
894 2607 1056 2660 concesso
1080 2587 1216 2684 plenius
1242 2583 1465 2684 ooutiu[etur]
1469 2638 1852 2659 ............
1879 2603 1938 2656 eos

525 2709 582 2780 vel
597 2707 732 2803 aliquos
746 2729 867 2783 eorum
888 2709 1043 2784 decuria
1058 2721 1304 2786 nostrateuere
1325 2711 1495 2802 constitit,
1523 2709 1717 2784 secundum
1740 2709 1937 2806 porcionem

526 2851 640 2904 rerum
661 2833 759 2928 quod
784 2835 919 2927 justum
943 2835 1048 2908 inerit
1072 2835 1168 2931 exigi
1191 2837 1295 2910 iacias
1321 2837 1367 2910 ab
1390 2835 1537 2910 eisdem.
1556 2834 1807 2908 Nicbilominns
1823 2843 1937 2906 tamen

524 2955 707 3052 provideas
728 2967 767 3030 ut
782 2959 958 3055 quantitas
974 2961 1020 3034 ab
1044 2959 1243 3034 hominibus
1258 2961 1369 3057 ipsius
1384 2971 1509 3036 exacta
1524 2961 1560 3032 in
1575 2960 1798 3054 juridictione
1812 2967 1874 3030 tua
1888 2967 1938 3029 ta·

426 3101 428 3106 ’
525 3079 601 3152 liter
618 3079 795 3155 dividatur
811 3083 908 3178 quod
926 3093 1084 3156 taxatum
1098 3085 1239 3158 collecte
1256 3107 1441 3160 numerum
1461 3085 1578 3158 minus
1594 3107 1665 3158 non
1681 3083 1871 3178 contingat.
1891 3135 1901 3154 .
1924 3135 1933 3152 .

530 3257 903 3280 ............
916 3207 969 3301 (l)
987 3207 1059 3280 llll⁰
1076 3207 1197 3298 madii,
1215 3209 1363 3306 septime
1377 3208 1587 3283 indictionis.

576 3327 653 3413 Quo
667 3327 830 3402 mandato
844 3329 969 3404 devote
984 3341 1137 3426 recepto,
1158 3333 1310 3427 legitime
1328 3355 1391 3430 per
1412 3354 1477 3408 nos
1494 3334 1598 3408 citata
1613 3332 1841 3406 universitate
1858 3351 1938 3428 prc-

527 3452 620 3525 dicte
637 3453 746 3526 llocee
762 3453 859 3548 quod
876 3455 1011 3528 mittent
1024 3455 1179 3530 sindicos
1196 3459 1252 3532 vel
1267 3467 1400 3534 actores
1417 3455 1618 3552 instructos,
1641 3466 1778 3555 paratos
1799 3465 1939 3530 conton-

529 3575 612 3650 dere
634 3597 714 3650 cum
733 3579 942 3674 supradictis
962 3580 1162 3655 bominibus
1184 3583 1347 3656 Cavensis
1372 3585 1570 3658 monasterii
1588 3605 1694 3678 snper
1717 3579 1880 3678 predictis
1903 3579 1939 3650 in

529 3701 699 3797 imperiali
715 3703 811 3775 curia
829 3725 871 3778 co
875 3756 1349 3780 ...............
1367 3707 1493 3782 sindici
1509 3729 1573 3804 pro
1594 3716 1692 3804 parte
1707 3705 1940 3778 universitatis

528 3823 684 3920 predicte
696 3827 890 3922 expressim
903 3830 1196 3904 renunciaverunt
1209 3854 1289 3904 cnm
1302 3832 1404 3906 dictis
1415 3831 1615 3906 bominibus
1624 3829 1788 3904 Cavcnsis
1802 3849 1940 3903 monas·
2051 3906 2058 3932 ,ὅ

530 3949 606 4020 terii
635 3949 864 4040 contendere,
893 3949 1048 4028 dicentes
1074 3953 1157 4050 quia
1185 3977 1256 4029 non
1278 3957 1439 4031 intererat
1465 3979 1605 4048 eorum;
1630 3975 1713 4028 uam
1738 3975 1793 4027 res
1817 3951 1940 4026 amuis

529 4071 708 4164 agebatur.
730 4073 961 4148 Prudentibus
979 4077 1065 4150 viris
1087 4088 1122 4151 et
1147 4077 1278 4152 domini
1301 4081 1517 4178 imperatoris
1536 4078 1711 4170 fidelibus,
1731 4076 1862 4150 scilicet
1878 4073 1940 4148 do·

531 4195 626 4267 mino
653 4195 819 4272 Riocardo
845 4199 1042 4295 Caputsslni
1066 4213 1102 4274 st
1125 4203 1235 4296 Jodici
1239 4255 1715 4278 ...............
1744 4201 1791 4276 do
1816 4201 1941 4274 Sancto

532 4321 660 4393 Severo
672 4342 777 4417 snper
791 4322 859 4396 biis
876 4323 1077 4420 diligentem
1093 4329 1350 4426 inquisitionem
1363 4331 1600 4405 commisimus
1612 4327 1825 4418 faciendam
1846 4343 1940 4421 quo-

568 4637 604 4711 (t)
623 4637 704 4695 Deest
724 4637 808 4712 locus,
830 4641 1007 4703 verisimiliter
1026 4651 1117 4705 amen
1135 4648 1208 4724 opud
1226 4649 1356 4709 &netum
1375 4651 1554 4722 damnum,
1576 4649 1647 4709 unde
1665 4649 1811 4723 imperator
1826 4659 1890 4703 mox
1906 4640 1939 4700 ad

531 4749 631 4808 papam
644 4735 786 4796 transitum
796 4735 898 4798 iaciens
910 4741 993 4800 Reate
1005 4757 1037 4802 so
1050 4747 1193 4805 tramtulit.
1208 4748 1249 4807 ef.
1262 4751 1338 4810 Rrec.
1353 4767 1391 4810 os
1403 4751 1433 4809 S.
1444 4751 1549 4823 Gau„
1564 4749 1689 4811 chronic.
1703 4745 1737 4805 ad
1750 4759 1816 4802 ann.
