4320 5918
275 584 373 646 lsnrcr.
389 581 434 660 8.]
727 580 925 644 HISTORIA
948 577 1240 642 ntnhomarlch
1628 581 1691 644 loo

275 719 364 794 scire
382 719 542 811 rebmus,
563 728 678 794 tamm
689 718 772 814 qnia
786 717 832 794 ad
844 727 1031 814 utrumque
1045 725 1194 812 tempus,
1209 715 1378 790 bellorum
1391 724 1427 790 et
1439 714 1536 812 pacis
1553 727 1686 792 rectum

275 854 311 918 et
334 845 546 920 conueniens
563 843 807 936 moderamen,
832 865 903 916 non
920 844 1031 918 solum
1050 841 1154 916 armis
1170 839 1385 934 decoratam,
1405 840 1469 916 ssd
1491 852 1527 916 st
1549 841 1686 938 legibus

276 977 444 1044 armatam
474 991 550 1044 esso
579 968 680 1044 docet
705 967 960 1066 imperatoriam
990 968 1221 1062 majestatem,
1252 963 1467 1040 subditorum
1492 977 1686 1042 nostrorum

275 1093 481 1167 utilitatibus
503 1093 746 1190 providentes,
766 1093 867 1166 nobis
892 1089 1056 1188 prolicere
1080 1089 1254 1164 credimus
1276 1099 1310 1163 et
1334 1089 1496 1186 prodesse
1518 1090 1602 1166 dnm
1621 1094 1688 1168 illis

277 1216 482 1292 cruditionis
509 1219 686 1292 materiam
716 1217 940 1308 exhibemus,
972 1237 1034 1313 per
1059 1237 1165 1311 quam
1189 1235 1351 1311 processu
1382 1216 1545 1312 temporis
1573 1218 1686 1293 edocti

277 1339 423 1414 militent
439 1344 572 1438 patroni
591 1363 787 1434 causarum,
798 1342 860 1438 qui
880 1339 1095 1438 precellentis
1113 1339 1254 1413 scientie
1273 1339 1462 1414 monimine
1473 1340 1688 1417 confidentes

276 1487 331 1558 so,
351 1488 434 1541 snos
447 1477 481 1541 et
497 1468 641 1564 patriam
657 1477 830 1541 tueantur.
848 1464 1165 1562 Supplicationibus
1178 1463 1283 1558 igitur
1296 1484 1359 1560 pro
1375 1473 1471 1560 parte
1488 1475 1602 1540 vestra
1618 1468 1688 1540 cul·

277 1592 495 1691 mininostro
522 1593 685 1691 porrectis
707 1592 752 1667 do
774 1589 995 1690 providentia
1016 1601 1206 1664 vostrorum
1230 1589 1434 1663 scholarium
1457 1591 1509 1688 (t)
1532 1590 1687 1666 doctrine

277 1738 339 1812 pro
355 1717 559 1793 sufficieutia
583 1718 658 1791 utili
680 1731 715 1792 et
731 1727 873 1814 accepta
889 1715 1076 1790 liberaliter
1096 1723 1307 1805 annuentes,
1329 1715 1531 1810 magistrum
1548 1717 1591 1791 V.
1613 1716 1684 1814 (2),

273 1841 364 1934 juris
385 1842 500 1916 civilis
526 1843 770 1938 professorem,
794 1839 934 1916 fidolum
957 1852 1132 1936 nostrum,
1157 1840 1203 1916 dc
1220 1841 1321 1934 cujus
1344 1838 1431 1933 fide,
1453 1840 1636 1937 prudentia
1653 1851 1688 1939 et

276 1966 419 2040 scientia
431 1975 559 2042 certam
574 1966 738 2042 fiduciam
753 1967 965 2056 obtinemus,
978 1964 1025 2040 ad
1038 1967 1212 2041 civitatem
1227 1974 1377 2040 vestram
1392 1964 1560 2042 duximus
1576 1975 1686 2042 trans·

276 2091 502 2186 mittendum
529 2101 601 2166 tam
627 2113 688 2190 pro
715 2091 838 2168 nostris
863 2091 1012 2166 servitiis
1036 2091 1140 2186 juxta
1163 2088 1246 2165 fidei
1268 2113 1332 2166 suc
1361 2089 1518 2166 debitum
1543 2115 1687 2190 promo-

275 2215 400 2293 vendis
416 2217 546 2294 ibidem
560 2240 666 2315 quam
683 2240 746 2318 pro
763 2217 950 2294 edocendis
965 2218 1088 2293 vestris
1102 2217 1292 2292 scolaribus
1310 2225 1345 2291 et
1357 2219 1436 2292 aliis
1453 2217 1687 2318 undecunque

274 2343 431 2418 venturis
447 2343 536 2439 juris
557 2343 671 2420 civilis
688 2343 867 2418 scientiam
886 2365 958 2440 qua
978 2342 1154 2440 prepollet.
1178 2342 1229 2414 Slt
1251 2363 1334 2438 ergo
1355 2341 1552 2418 devotionis
1573 2353 1608 2420 ct
1625 2345 1686 2418 in-

276 2467 409 2544 dustrie
427 2478 538 2542 vestre
556 2467 602 2542 ob
618 2468 781 2542 mittentis
798 2467 1025 2542 reverentiam
1037 2467 1165 2542 honore
1178 2465 1295 2542 debito
1309 2469 1460 2565 recipere
1474 2469 1684 2565 venientem,

277 2603 317 2667 ut
332 2595 421 2668 sicut
436 2594 661 2692 petitionibus
677 2593 802 2668 uestris
818 2592 1048 2666 satisfacimus
1066 2592 1103 2664 in
1119 2591 1257 2684 ecdem,
1279 2593 1331 2666 sic
1346 2602 1482 2684 gratum
1500 2593 1614 2668 velitis
1629 2615 1687 2668 os·

278 2716 418 2794 tendere
441 2718 538 2816 quod
565 2719 611 2794 de
636 2718 715 2794 talis
738 2717 806 2792 uiri
831 2717 977 2792 scientia
1001 2717 1147 2814 publicis
1172 2719 1297 2791 vestris
1326 2719 1538 2816 profectibus
1561 2741 1687 2794 consu-

276 2843 383 2939 latnr3
406 2853 446 2919 ut
462 2865 532 2920 non
548 2844 664 2920 minus
688 2865 752 2918 suo
772 2843 914 2918 scientie
938 2843 1093 2936 regimen
1115 2851 1311 2940 acceptetur
1338 2845 1375 2918 in
1397 2843 1561 2918 cathedra
1581 2865 1687 2940 quam

276 2969 446 3066 presentie
462 2991 525 3044 sue
539 2969 720 3044 consilinm
738 2969 773 3042 in
792 2968 916 3044 nostris
931 2969 1078 3044 servitiis
1090 2968 1318 3066 requiratora
1336 2966 1450 3044 vobis.

515 3235 1456 3250 “n—u———n——ae--n—-a-uae---a---

328 3489 560 3599 Fridericus,
583 3491 844 3576 Romanorum
871 3491 1091 3603 imperator,
1120 3493 1339 3580 Hermanno
1365 3495 1577 3580 marchioni
1603 3495 1688 3579 Ba-

358 3675 585 3686 -uuo—-u--u

312 3761 350 3834 (4)
368 3760 408 3818 Ex
421 3761 599 3820 instrumento
611 3759 646 3818 de
659 3775 730 3819 anno
745 3763 825 3833 tiit,
838 3763 854 3818 4
868 3755 971 3836 aprilis,
983 3762 1075 3821 indict
1084 3765 1107 3832 1,
1121 3765 1321 3836 apzmsrma,
1335 3768 1391 3824 fur
1404 3767 1491 3827 litter.
1502 3785 1552 3844 per
1564 3769 1684 3840 flottam,

276 3876 305 3932 p.
319 3859 381 3927 444,
394 3858 574 3933 comperimus
587 3859 670 3918 fnisse
682 3864 811 3918 stannum
826 3880 839 3914 ι
855 3860 926 3934 quod
940 3861 1095 3920 uniuersum
1107 3862 1224 3920 sardium
1239 3863 1330 3922 Padus
1343 3865 1430 3924 reniet
1440 3867 1569 3928 Vercellis
1581 3873 1610 3926 et
1623 3885 1688 3928 ιιιο-

276 3962 350 4012 retur
358 3954 396 4012 ibi
406 3971 493 4029 usque
503 3957 536 4014 ad
545 3963 606 4015 octo
615 3973 732 4016 annos».
743 3959 810 4016 Com
821 3959 939 4033 insuper,
953 3959 1127 4019 Tiraboschio
1136 3965 1250 4019 testante
1262 3963 1347 4034 (Stor.
1358 3963 1420 4020 dell.
1434 3966 1591 4039 Lctt.1tut.,
1606 3969 1683 4040 r.1v,

277 4072 305 4129 p.
317 4058 346 4112 st
364 4060 393 4114 et
404 4055 493 4129 seqq.)
503 4099 511 4126 ,
522 4055 657 4115 meamus
669 4057 788 4116 studium
801 4058 971 4118 vercellense
983 4059 1053 4118 circa
1068 4076 1168 4118 annum
1183 4064 1253 4120 raet
1267 4063 1382 4121 maxime
1395 4063 1530 4138 floruisse,
1544 4067 1690 4146 hancepi-

276 4153 371 4212 stolam
385 4159 441 4213 tam
456 4153 526 4229 stylo
538 4170 621 4229 qnam
633 4163 754 4232 tempore
768 4173 822 4216 non
835 4157 949 4216 multum
967 4159 1104 4218 discedam
1115 4161 1304 4221 arbitramura
1315 4163 1492 4238 praecedente
1502 4181 1556 4240 qua
1569 4169 1687 4228 sudium

275 4249 479 4326 Neapolitanum
493 4251 646 4311 reformavit
659 4253 814 4329 imperator.
827 4255 905 4314 llaud
919 4255 1003 4315 multo
1015 4264 1092 4333 post,
1106 4275 1176 4318 anno
1188 4261 1289 4319 scilicet
1309 4263 1388 4331 ⁴2³6,
1398 4261 1492 4322 civitas
1505 4263 1642 4326 Vercellae
1653 4270 1688 4327 ad

276 4349 437 4408 Societam
450 4347 661 4410 bombardorum
678 4351 802 4424 divertit,
816 4369 903 4428 nequo
916 4359 979 4413 ante
996 4371 1116 4415 mensem
1128 4357 1283 4430 januarium
1303 4359 1372 4415 4238
1390 4357 1418 4416 in
1434 4360 1548 4433 gratim
1562 4363 1686 4423 Friderici

276 4448 397 4506 restituta
410 4455 462 4508 est.

313 4544 348 4618 (2)
367 4545 422 4602 Sub
438 4546 490 4603 hac
510 4546 603 4605 initiali
617 4547 705 4606 littera
724 4549 875 4608 Durandins
894 4550 1010 4626 conjecit
1029 4551 1137 4610 forsitan
1151 4553 1256 4613 lah'tare
1270 4552 1399 4616 chrtm
1418 4555 1450 4614 dc
1462 4555 1569 4630 Bobbio,
1584 4557 1686 4617 clanim

277 4643 356 4716 hujus
368 4645 496 4719 tomporis
506 4644 736 4720 jurisconsulmm,
748 4646 794 4721 qui
807 4648 1036 4708 mseravercellis
1046 4650 1217 4711 docuit-lton
1231 4659 1321 4712 amen
1333 4653 1434 4728 jndicio
1443 4654 1588 4729 peritorum
1601 4655 1687 4712 relin-

276 4756 359 4813 quere
373 4741 457 4801 satius
470 4743 529 4800 erit.
