4360 5908
213 643 310 700 lucrer.
327 639 372 716 5.]
666 629 863 692 HISTORIA
890 624 1183 688 btrtoltattctt.
1567 627 1627 690 349

214 773 423 846 cardinalem
439 767 486 842 ad
505 779 620 864 partes
635 770 719 841 istus
733 789 814 839 enm
831 765 932 861 plene
945 762 1128 856 legationis
1143 760 1256 834 cilicio
1271 759 1468 854 destinarit,
1488 763 1576 836 sicut
1588 767 1624 836 in

211 917 275 970 sne
293 895 474 990 legationis
485 893 607 966 litteris
622 893 758 989 plenius
774 891 986 979 continetur;
1007 888 1186 982 requirunt
1204 887 1325 982 prelati
1345 886 1535 962 cardinales
1553 902 1627 963 tan-

213 1043 318 1116 qnam
332 1019 436 1114 legati
451 1017 550 1092 Sedis
563 1017 758 1114 Apostolice
775 1025 811 1089 et
825 1024 964 1111 propter
980 1016 1107 1086 lactum
1128 1013 1223 1108 pacis
1240 1013 1435 1108 specialiter
1448 1013 1621 1108 destinati,

213 1155 252 1218 ut
265 1167 371 1242 super
388 1141 562 1218 discordia
577 1141 776 1238 supradicta
794 1139 878 1235 ipsis
896 1139 1018 1233 legatis
1035 1139 1175 1210 nomine
1188 1158 1252 1208 suo
1269 1146 1305 1210 et
1322 1139 1461 1210 nomine
1475 1141 1626 1213 Romane

212 1269 364 1344 Ecclesia
378 1268 540 1341 dominus
551 1267 737 1364 imperator
753 1276 788 1338 et
802 1266 931 1360 prelata
949 1263 1096 1337 societas
1113 1273 1148 1336 et
1161 1263 1318 1336 civitates
1334 1263 1491 1354 ejusdem
1506 1265 1623 1338 socie-

215 1395 292 1469 tatis
308 1394 420 1466 taliter
435 1414 473 1466 se
486 1391 716 1466 committant:
728 1389 858 1462 scilicet
869 1387 966 1483 qnod
980 1387 1025 1462 de
1040 1387 1271 1460 satisfactione
1288 1385 1414 1460 idonea
1428 1387 1624 1483 imperatori

216 1517 419 1616 prmtanda,
443 1516 489 1591 de
517 1516 699 1590 securitate
726 1513 842 1588 eidem
872 1512 1025 1586 societati
1047 1511 1207 1585 facienda
1224 1522 1259 1584 et
1277 1511 1445 1584 firmanda
1468 1521 1504 1584 et
1519 1512 1624 1586 modo

215 1641 414 1716 adhibendo
441 1640 585 1731 idoneo,
614 1641 643 1712 si
663 1639 848 1735 imperator
871 1638 955 1711 velit
971 1636 1042 1709 iilic
1058 1658 1122 1710 suo
1143 1645 1178 1708 ct
1193 1635 1406 1731 principibus
1422 1635 1626 1710 Alamannis

215 1767 435 1840 venientibus
451 1765 625 1862 adipsum
642 1787 663 1838 a
680 1765 772 1838 dicta
789 1764 951 1837 societate
962 1763 1107 1834 liberum
1120 1762 1299 1834 transitum
1315 1761 1491 1852 exhiberi,
1513 1764 1624 1858 primu

215 1899 378 1963 tractatur
391 1911 453 1986 per
468 1891 561 1986 ipsos
577 1890 706 1983 legatos
723 1889 812 1960 inter
829 1889 1067 1984 imperatorem
1085 1896 1120 1959 et
1134 1887 1331 1959 societatem
1347 1887 1524 1980 prefatam,
1544 1897 1579 1958 et
1594 1888 1625 1960 si

214 2012 258 2088 de
279 2014 454 2088 commoni
475 2035 643 2088 consensu
662 2013 785 2110 poterit
799 2012 976 2108 negotium
991 2011 1168 2108 expediri,
1196 2013 1269 2084 Deo
1286 2011 1396 2104 gratie
1417 2011 1620 2086 referantur.

214 2139 274 2209 Sin
300 2149 436 2228 autem,
459 2138 565 2212 iidem
591 2137 694 2233 legati
725 2137 874 2210 habeant
896 2145 1097 2232 potestatem
1121 2149 1160 2207 ut
1185 2135 1353 2230 expositis
1376 2136 1628 2231 omnibusque

214 2261 448 2336 difficultatem
462 2263 762 2336 babeantdomino
773 2283 861 2358 papa
875 2261 1078 2336 etlratribns
1090 2259 1175 2351 suis,
1183 2261 1287 2352 Juxta
1301 2259 1412 2356 ipsius
1424 2260 1625 2334 mandatum

214 2396 249 2460 et
276 2387 457 2460 consilium
482 2387 688 2483 precipiant,
711 2386 872 2460 ordinent
895 2394 930 2460 et
956 2385 1143 2481 disponant
1171 2383 1345 2480 quidquid
1367 2384 1414 2458 ad
1434 2385 1624 2458 sedandam

214 2510 423 2585 discordiam
453 2519 488 2584 et
512 2533 633 2608 pacem
659 2510 865 2584 firmandam
887 2509 1039 2584 viderint
1061 2509 1231 2606 pertinere
1252 2531 1357 2605 snper
1385 2510 1537 2582 articulis
1563 2533 1623 2584 su·

214 2637 391 2732 predictis.
420 2636 464 2708 Et
488 2636 518 2708 si
538 2636 627 2709 inter
649 2637 888 2732 imperatorem
909 2643 944 2708 et
964 2643 1188 2707 memoratam
1215 2633 1411 2706 societatem
1433 2635 1540 2729 aliqui
1567 2635 1625 2707 alii

213 2761 315 2833 etiam
334 2761 467 2834 articuli
490 2769 696 2856 apparerent
708 2781 756 2832 ex
776 2761 904 2854 quibos
921 2767 1038 2855 posset
1056 2757 1230 2832 discordia
1252 2757 1408 2850 generari
1434 2759 1489 2830 vel
1516 2758 1625 2831 loveri

214 2895 394 2980 concepta,
415 2885 548 2981 placeat
573 2893 613 2956 nt
631 2882 755 2957 eodem
771 2883 875 2956 modo
893 2893 928 2956 et
945 2884 1068 2956 ordine
1085 2883 1274 2978 sopiantur.
1298 2881 1450 2975 Ideoque
1471 2905 1624 2957 venera-

214 3008 291 3081 bilis
313 3009 475 3104 magister
488 3011 704 3082 Hermannns
719 3008 897 3103 hospitalis
915 3009 1038 3080 Sancte
1053 3007 1158 3080 llarie
1171 3006 1459 3079 Tbeutonicorum
1474 3008 1509 3078 in
1528 3009 1625 3080 lern-

213 3135 335 3224 salem,
355 3134 497 3206 nuntius
511 3143 546 3206 et
560 3142 762 3230 procurator
785 3134 992 3208 serenissimi
1008 3133 1138 3206 domini
1155 3133 1367 3227 imperatoris
1383 3132 1519 3226 prelati,
1537 3133 1627 3206 sicut

213 3257 250 3328 in
264 3257 386 3330 litteris
404 3257 642 3354 imperialibus
660 3257 756 3330 bnlla
769 3279 874 3330 aurea
889 3257 1028 3330 bullatis
1042 3257 1096 3329 sui
1113 3256 1266 3329 mandati
1283 3255 1474 3330 dinoscitur
1489 3257 1626 3352 plenius

214 3382 380 3455 contineri
395 3381 525 3455 ibidem
539 3381 625 3454 visis
644 3381 811 3473 allectis,
829 3381 1061 3476 procuratorio
1079 3381 1219 3453 nomine
1234 3380 1448 3476 imperatoris
1466 3381 1624 3473 ejusdem

214 3517 249 3579 et
260 3527 323 3602 pro
335 3508 412 3603 ipso
424 3507 627 3603 imperatore
638 3528 685 3580 ex
696 3529 767 3579 ana
780 3517 877 3603 parte
889 3516 924 3580 ct
934 3507 1154 3603 suprascripti
1171 3517 1318 3579 rectores
1332 3515 1368 3578 et
1384 3506 1624 3578 ambaxatores

215 3632 353 3704 nomine
369 3631 539 3704 dictarum
556 3632 781 3705 civitatumet
795 3653 858 3727 pro
876 3631 949 3704 suis
963 3631 1160 3704 civitatibus
1171 3653 1213 3703 ac
1230 3652 1293 3726 pro
1312 3629 1386 3725 ipsa
1401 3631 1562 3702 socictate
1577 3652 1624 3703 ex

214 3755 333 3844 altera,
352 3756 442 3828 sicut
455 3768 550 3829 erant
565 3757 711 3852 quilibet
723 3779 744 3830 a
757 3779 822 3830 sua
836 3757 977 3829 civitate
990 3779 1093 3850 snper
1107 3757 1173 3828 buc
1188 3755 1379 3850 specialiter
1394 3754 1569 3849 deputati,
1587 3765 1625 3826 ut

214 3879 442 3953 ostendebant
453 3882 637 3974 cujuslibet
644 3881 793 3954 civitatis
808 3891 954 3954 rectores
964 3892 998 3953 ct
1015 3881 1253 3954 amburatores
1270 3902 1329 3976 per
1344 3880 1484 3974 publica
1499 3880 1625 3952 instru-

214 4014 331 4077 menta
354 4007 494 4079 nomine
507 4027 569 4078 sue
588 4005 752 4096 civitatis,
774 4006 959 4098 cujuslibet
980 4005 1128 4077 civitatis
1149 4013 1298 4077 rectores
1323 4015 1357 4075 et
1382 4003 1624 4077 ambaxatores

215 4139 250 4202 et
267 4131 406 4203 nomine
431 4131 602 4204 societatis
620 4131 773 4226 predicte
790 4131 929 4202 insimul
951 4130 1123 4216 universi,
1143 4131 1189 4202 ita
1207 4141 1320 4201 tamen
1347 4128 1444 4222 quod
1468 4151 1530 4223 pro
1556 4129 1623 4201 illis

215 4251 413 4325 civitatibus
427 4273 497 4348 que
511 4253 590 4325 licet
603 4255 672 4327 sint
684 4253 740 4328 vel
756 4253 883 4326 luerint
895 4252 940 4326 de
951 4255 1201 4347 societate,que
1216 4253 1298 4324 buic
1314 4263 1428 4324 tamen
1443 4253 1625 4326 commisso

214 4386 249 4447 et
261 4378 504 4472 compromisso
522 4400 590 4451 non
609 4377 820 4451 conveniunt
833 4399 913 4449 cum
929 4377 997 4465 cis,
1019 4377 1214 4450 nullatenus
1227 4385 1422 4462 teneantur,
1442 4397 1625 4450 consense-

215 4510 296 4572 runt
312 4511 346 4574 et
363 4503 670 4599 compromiserunt
683 4503 718 4574 in
733 4504 882 4599 prelatos
901 4503 1058 4576 dominos
1070 4503 1200 4596 legatos
1213 4529 1222 4573 :
1235 4502 1364 4574 scilicet
1375 4503 1449 4598 ipse
1464 4501 1626 4596 magister

214 4625 432 4700 Hermannns
445 4647 508 4724 pro
524 4639 618 4724 parte
635 4629 851 4724 imperatoris
865 4649 910 4700 ex
927 4651 997 4701 una
1012 4637 1108 4724 parte
1121 4641 1156 4701 et
1170 4628 1236 4724 ipsi
1250 4637 1396 4700 rectores
1410 4635 1445 4699 et
1458 4627 1626 4699 amberra-

214 4759 305 4823 tores
319 4771 366 4824 ex
382 4753 500 4840 altera,
513 4755 602 4826 siout
616 4764 713 4828 erant
728 4751 883 4850 deputati
901 4754 1010 4827 esuis
1023 4753 1222 4826 civitatibus
1239 4775 1302 4849 per
1317 4751 1471 4849 predicta
1485 4750 1626 4848 publica
