4360 5908
557 538 617 602 286
1063 539 1280 602 ihibhitici
1305 539 1479 601 SECUNDI
1785 536 1865 621 [Aac.
1884 535 1967 600 titii.

674 667 779 752 aprili,
794 687 848 748 pro
860 670 1031 752 Mogontia,
1043 673 1166 736 Treveri
1179 679 1209 736 at
1221 673 1383 752 ltnbsponn
1398 692 1406 734 ε
1422 675 1662 749 Konremorrr,
1675 671 1745 734 Her.
1768 687 1823 732 ooa
1836 668 1970 746 Seium,

674 785 742 840 tiit.
757 810 798 824 —
811 777 933 854 Lumo,
948 776 1157 860 Rdchroocdiu,
1171 785 1246 842 tom.
1256 779 1330 857 Vll,
1347 789 1420 856 iot,
1433 795 1523 859 mem
1535 781 1645 860 purtim
1658 781 1782 841 maeoti
1796 785 1867 840 sunt
1879 779 1970 842 Subn-

674 891 725 946 ton
747 891 778 946 et
798 885 928 948 Brower.
945 918 985 933 -
998 887 1090 967 limo,
1112 885 1180 951 God
1204 884 1356 970 diplomat.
1378 885 1507 968 liolirp„
1522 887 1553 961 1,
1570 895 1637 950 tut.
1649 919 1690 933 -
1701 885 1878 963 nomm,
1893 886 1968 949 Hitt.

678 975 1765 1072 rma„1,r11.-umm.eac,r.xxx1·,p.sso.-nmn‹e,
1787 989 1967 1054 mium

660 1095 721 1178 sto
733 1097 846 1183 epea,
860 1104 888 1171 tq
900 1098 928 1174 1,
937 1116 969 1178 p,
986 1109 1055 1164 tto.
1067 1101 1161 1181 cuins
1174 1119 1293 1182 quoquo
1304 1102 1457 1180 amplat
1467 1101 1599 1166 mudum
1609 1101 1760 1168 hemitur
1772 1102 1804 1160 in
1818 1101 1883 1162 eod,
1899 1099 1968 1162 Bul-

669 1206 754 1290 duinl
767 1206 910 1287 archiep„
923 1205 1038 1270 Acie.
1052 1205 1163 1283 Batoi„
1177 1210 1205 1284 1,
1219 1226 1247 1294 c.
1264 1218 1294 1285 ³.-
1312 1239 1351 1256 -
1365 1205 1499 1290 ttllpud
1505 1215 1624 1289 portitat
1637 1208 1755 1273 cccc.
1770 1225 1866 1268 roem
1880 1207 1965 1284 aab,

668 1329 722 1392 pro
735 1315 845 1389 Mettis,
860 1330 898 1376 ex
912 1317 1047 1394 originali
1070 1333 1131 1396 quo
1144 1333 1215 1378 usus
1227 1323 1273 1378 eat
1285 1317 1432 1382 Peririns.
1447 1316 1546 1396 HnJ'us
1558 1316 1658 1377 ultimi
1670 1314 1870 1394 fragmentum
1883 1331 1966 1376 men·

668 1419 774 1482 docum
795 1421 932 1483 exhibuit
951 1422 1127 1502 Smnnnr,
1149 1421 1280 1487 illudere.
1303 1421 1408 1502 litim,
1428 1423 1460 1504 1,
1486 1431 1556 1505 itte,
1576 1437 1647 1486 eum
1667 1423 1746 1483 nobs
1771 1429 1859 1498 titt,
1873 1437 1967 1482 mente

670 1525 773 1602 modii,
782 1525 884 1589 dutum
896 1527 1109 1612 insorojoiii.)

597 1783 636 1854 ln
654 1783 794 1856 nomine
812 1794 932 1858 sancte
953 1793 988 1858 et
1015 1785 1198 1862 individuo
1217 1787 1404 1860 Trinitatis.
1423 1783 1620 1858 Fridericus
1641 1781 1819 1858 secundus
1843 1782 1964 1856 diviua

549 1909 687 1982 favente
704 1910 886 1984 elementia
903 1911 1134 1986 Romanorum
1156 1913 1342 2009 imperator
1360 1933 1498 2008 semper
1516 1919 1705 2004 augustae,
1724 1907 1912 1982 Jerusalem
1929 1915 1964 1980 ot

550 2034 664 2106 Sicilie
681 2055 757 2106 rex.
783 2034 868 2106 Cum
892 2036 1043 2111 Romane
1061 2037 1295 2111 monarchiam
1315 2035 1494 2130 dignitatis
1517 2035 1592 2130 ipso
1610 2043 1751 2108 anctore
1776 2053 1836 2128 per
1858 2051 1963 2127 quem

548 2179 647 2252 reges
665 2167 854 2252 regnuntet
865 2161 1038 2256 principes
1053 2162 1210 2236 obtinent
1224 2161 1453 2259 principatus,
1473 2161 1536 2257 qui
1553 2181 1659 2256 super
1672 2167 1792 2254 gentes
1806 2166 1842 2232 et
1853 2177 1963 2252 regna

548 2283 724 2354 constituit
749 2282 866 2357 sedem
895 2295 1045 2359 nostram
1072 2286 1316 2383 principalem,
1337 2295 1517 2360 teneamus
1541 2294 1576 2358 et
1600 2285 1710 2357 simus
1730 2283 1766 2355 in
1784 2281 1963 2378 potestatis

551 2407 761 2501 plenitudine
793 2409 981 2501 constituti,
1011 2411 1264 2506 imperatoriam
1282 2411 1449 2486 condecet
1469 2409 1682 2504 maJ'estalem
1705 2430 1765 2482 eos
1791 2429 1853 2504 per
1871 2427 1962 2503 quos

549 2532 640 2627 cepit
655 2541 691 2604 et
709 2532 745 2603 in
764 2533 894 2628 quibus
907 2534 1061 2606 consistit
1077 2547 1192 2610 nostre
1210 2533 1320 2632 glorie
1337 2535 1520 2626 celsitudo,
1541 2536 1653 2632 quiet
1668 2533 1781 2608 vocati
1799 2543 1880 2607 sunt
1895 2553 1962 2605 no·

545 2656 681 2728 hiscum
699 2657 735 2728 in
756 2667 887 2753 partem
905 2659 1149 2734 sollicitudinis
1172 2684 1251 2734 cnm
1274 2673 1427 2740 anostra
1443 2661 1651 2737 celsitudine
1668 2659 1779 2734 deens
1795 2659 1961 2755 recipiant

404 2843 407 2848 .
546 2789 581 2854 et
597 2779 776 2874 decorem,
800 2805 869 2858 non
889 2786 1001 2857 solum
1025 2787 1153 2860 insuia
1173 2787 1325 2882 antiquis
1347 2787 1487 2882 jnribos
1504 2787 1597 2860 tueri·
1619 2785 1746 2884 pariter
1764 2793 1798 2858 et
1821 2785 1957 2877 fovere,

546 2907 652 2980 immo
669 2917 838 3002 quantum
854 2909 989 3004 equitas
1003 2909 1085 2982 sinit
1101 2921 1136 2984 et
1153 2911 1318 3008 permittit
1335 2912 1436 3003 ratio,
1449 2913 1551 2986 novis
1567 2921 1604 2986 et
1616 2909 1773 2986 honestis
1787 2919 1856 2983 tam
1868 2909 1961 3002 juris

544 3053 649 3127 qnam
680 3035 789 3128 gratie
813 3035 1018 3110 muneribus
1043 3035 1205 3112 decenter
1233 3046 1269 3110 et
1296 3035 1549 3113 honorabiliter
1563 3035 1738 3112 decorare.
1764 3037 1855 3110 Saue
1875 3055 1959 3108 eum

544 3177 591 3229 ex
610 3156 747 3230 deiectu
762 3157 851 3250 juris
867 3159 994 3254 pariter
1012 3169 1048 3234 et
1065 3161 1223 3254 neglectu
1244 3161 1281 3234 in
1302 3162 1460 3258 partibus
1472 3162 1675 3239 Alamannia
1691 3160 1780 3239 adeo
1797 3160 1833 3232 in
1852 3181 1958 3234 usum

543 3283 611 3354 sint
638 3281 776 3356 redacte
799 3281 950 3378 quedam
972 3284 1242 3359 consuetudines
1261 3286 1463 3362 detestande
1486 3297 1526 3359 ut
1550 3287 1632 3360 boni
1660 3286 1811 3384 speeiem
1835 3287 1958 3383 preio-

490 3435 492 3443 ’
540 3417 666 3497 rentes,
681 3407 898 3502 iniquitatem
914 3409 1066 3503 quodam
1080 3409 1166 3484 falso
1182 3411 1325 3507 pallient
1337 3411 1544 3506 velamento,
1565 3411 1695 3506 quibus
1708 3419 1743 3484 ct
1756 3409 1957 3507 principum

541 3531 674 3630 imperii
689 3533 760 3624 juri
780 3531 970 3606 detrahitur
985 3547 1020 3607 et
1037 3535 1158 3634 honori
1175 3545 1210 3610 et
1227 3537 1412 3634 imperialis
1429 3536 1672 3612 nichilominus
1689 3535 1876 3610 auotoritas
1892 3555 1958 3630 por

539 3678 753 3752 consequens
768 3667 968 3752 enervatnr;
987 3671 1102 3734 nostre
1115 3661 1283 3736 incumbit
1300 3663 1523 3737 sollicitudini
1540 3661 1798 3760 precavendum
1817 3683 1863 3734 ne
1878 3661 1956 3734 hu-

535 3781 688 3874 jusmodi
711 3783 978 3858 consuetudines
996 3807 1084 3880 quas
1102 3808 1283 3860 censemus
1301 3789 1415 3884 potius
1432 3789 1659 3884 comuplelas‚
1679 3788 1714 3860 iu
1730 3787 1951 3860 diuturniora

538 3917 691 4002 tempora
717 3908 968 4002 protrahantur.
991 3911 1151 3986 Veientes
1171 3912 1277 4006 igitur
1305 3923 1344 3986 ut
1370 3914 1543 3988 libertates
1563 3923 1599 3986 et
1621 3913 1713 3988 done
1736 3935 1807 4008 que
1831 3911 1951 3985 dilecti

535 4032 642 4103 nostri
665 4041 699 4104 et
722 4033 856 4128 imperii
878 4035 1052 4132 principes
1079 4057 1125 4109 ex
1151 4036 1243 4110 douo
1269 4039 1374 4111 nostri
1404 4039 1564 4112 culminis
1590 4061 1683 4112 nunc
1707 4037 1888 4134 possident
1913 4047 1949 4110 et

533 4163 615 4226 sunt
633 4177 695 4252 pro
713 4167 863 4252 tempore
880 4161 1087 4255 possessuri,
1109 4161 1272 4236 latissima
1295 4163 1572 4259 interpretatione
1590 4161 1765 4257 gaudeant
1778 4171 1813 4235 et
1827 4162 1947 4257 quieta

532 4279 822 4376 omnimodisipsi
840 4285 1011 4382 principos
1027 4307 1069 4358 ea
1084 4285 1284 4382 possideant
1296 4287 1546 4380 libertate‚·bao
1560 4286 1830 4372 nostraedictali
1845 4307 1949 4360 aano-

533 4407 623 4478 lione
641 4427 844 4480 revocamus
862 4408 897 4479 in
915 4410 1050 4482 irritum
1069 4421 1104 4484 et
1122 4433 1298 4485 cassamus
1316 4413 1350 4484 in
1368 4412 1462 4486 omni
1482 4413 1622 4484 civitate
1639 4413 1695 4484 vel
1713 4411 1843 4507 oppido
1858 4411 1947 4483 Ale-

530 4530 668 4603 mannie
685 4533 894 4624 communia,
912 4536 1066 4628 consilia,
1086 4537 1267 4633 magistros
1282 4538 1411 4613 civium
1430 4559 1492 4611 seu
1509 4549 1656 4611 rectores
1672 4537 1825 4609 velalios
1838 4557 1947 4632 quos-

529 4655 612 4728 libet
639 4656 800 4731 officiales
826 4658 886 4754 qui
916 4659 1212 4736 abuniversitate
1246 4663 1376 4738 civium
1412 4663 1488 4736 sine
1519 4663 1858 4759 archiepiscoporum
1887 4660 1945 4734 vel
