<?xml version="1.0" encoding="UTF-8"?>
<!DOCTYPE html PUBLIC "-//W3C//DTD XHTML 1.0 Transitional//EN"
    "http://www.w3.org/TR/xhtml1/DTD/xhtml1-transitional.dtd">
<html xmlns="http://www.w3.org/1999/xhtml" xml:lang="en" lang="en">
 <head>
  <title>
</title>
<meta http-equiv="Content-Type" content="text/html;charset=utf-8" />
  <meta name='ocr-system' content='tesseract 3.04.00' />
  <meta name='ocr-capabilities' content='ocr_page ocr_carea ocr_par ocr_line ocrx_word'/>
</head>
<body>
  <div class='ocr_page' id='page_1' title='image "./historiadiploma07fredgoog_0509.png"; bbox 0 0 4320 5918; ppageno 0'>
   <div class='ocr_carea' id='block_1_1' title="bbox 258 593 1670 674">
    <p class='ocr_par' dir='ltr' id='par_1_1' title="bbox 258 593 1670 674">
     <span class='ocr_line' id='line_1_1' title="bbox 258 593 1670 674; baseline 0.001 -20"><span class='ocrx_word' id='word_1_1' title='bbox 258 597 355 656; x_wconf 79' lang='lat' dir='ltr'>lucter.</span> <span class='ocrx_word' id='word_1_2' title='bbox 372 597 416 674; x_wconf 89' lang='grc'>8.]</span> <span class='ocrx_word' id='word_1_3' title='bbox 710 595 905 658; x_wconf 75' lang='lat' dir='ltr'>fltsrobttt</span> <span class='ocrx_word' id='word_1_4' title='bbox 932 593 1224 658; x_wconf 78' lang='lat' dir='ltr'>nrrtouarfct.</span> <span class='ocrx_word' id='word_1_5' title='bbox 1609 595 1670 657; x_wconf 74' lang='grc'>497</span> 
     </span>
    </p>
   </div>
   <div class='ocr_carea' id='block_1_2' title="bbox 256 727 1669 974">
    <p class='ocr_par' dir='ltr' id='par_1_2' title="bbox 256 727 1669 974">
     <span class='ocr_line' id='line_1_2' title="bbox 258 727 1669 840; baseline 0.003 -32"><span class='ocrx_word' id='word_1_6' title='bbox 258 751 384 837; x_wconf 87' lang='lat' dir='ltr'>mare,</span> <span class='ocrx_word' id='word_1_7' title='bbox 404 753 546 839; x_wconf 93' lang='lat' dir='ltr'>eosque</span> <span class='ocrx_word' id='word_1_8' title='bbox 563 727 699 812; x_wconf 87' lang='lat' dir='ltr'>inritat</span> <span class='ocrx_word' id='word_1_9' title='bbox 724 743 767 812; x_wconf 91' lang='lat' dir='ltr'>ut</span> <span class='ocrx_word' id='word_1_10' title='bbox 788 731 838 812; x_wconf 88' lang='lat' dir='ltr'>ad</span> <span class='ocrx_word' id='word_1_11' title='bbox 860 729 1092 840; x_wconf 87' lang='lat' dir='ltr'>praedictam</span> <span class='ocrx_word' id='word_1_12' title='bbox 1114 729 1302 812; x_wconf 84' lang='lat' dir='ltr'>ciuitatem</span> <span class='ocrx_word' id='word_1_13' title='bbox 1325 728 1399 814; x_wconf 89' lang='lat' dir='ltr'>sub</span> <span class='ocrx_word' id='word_1_14' title='bbox 1417 729 1615 814; x_wconf 79' lang='lat' dir='ltr'>securitate</span> <span class='ocrx_word' id='word_1_15' title='bbox 1631 741 1669 813; x_wconf 89' lang='lat' dir='ltr'>et</span> 
     </span>
     <span class='ocr_line' id='line_1_3' title="bbox 256 862 1499 974; baseline -0.002 -28"><span class='ocrx_word' id='word_1_16' title='bbox 256 863 487 971; x_wconf 88' lang='lat' dir='ltr'>protectione</span> <span class='ocrx_word' id='word_1_17' title='bbox 505 889 575 946; x_wconf 88' lang='lat' dir='ltr'>sua</span> <span class='ocrx_word' id='word_1_18' title='bbox 591 863 631 946; x_wconf 93' lang='lat' dir='ltr'>in</span> <span class='ocrx_word' id='word_1_19' title='bbox 648 863 822 947; x_wconf 80' lang='lat' dir='ltr'>kalendis</span> <span class='ocrx_word' id='word_1_20' title='bbox 839 864 1002 974; x_wconf 84' lang='lat' dir='ltr'><strong>proximi</strong></span> <span class='ocrx_word' id='word_1_21' title='bbox 1021 862 1245 974; x_wconf 78' lang='lat' dir='ltr'>septembris</span> <span class='ocrx_word' id='word_1_22' title='bbox 1262 863 1499 947; x_wconf 88' lang='lat' dir='ltr'>conueniunt.</span> 
     </span>
    </p>
   </div>
   <div class='ocr_carea' id='block_1_3' title="bbox 336 1067 1665 1184">
    <p class='ocr_par' dir='ltr' id='par_1_3' title="bbox 336 1067 1665 1184">
     <span class='ocr_line' id='line_1_4' title="bbox 336 1067 1665 1184; baseline 0.002 -18"><span class='ocrx_word' id='word_1_23' title='bbox 336 1103 457 1184; x_wconf 75' lang='lat' dir='ltr'>(nnana</span> <span class='ocrx_word' id='word_1_24' title='bbox 471 1121 508 1166; x_wconf 70' lang='lat' dir='ltr'>ex</span> <span class='ocrx_word' id='word_1_25' title='bbox 521 1105 623 1168; x_wconf 70' lang='lat' dir='ltr'>mua</span> <span class='ocrx_word' id='word_1_26' title='bbox 635 1105 775 1170; x_wconf 80' lang='lat' dir='ltr'>ennon.</span> <span class='ocrx_word' id='word_1_27' title='bbox 790 1107 1027 1172; x_wconf 66' lang='lat' dir='ltr'>suerranum</span> <span class='ocrx_word' id='word_1_28' title='bbox 1037 1067 1089 1180; x_wconf 58' lang='lat' dir='ltr'>sn·</span> <span class='ocrx_word' id='word_1_29' title='bbox 1100 1115 1171 1182; x_wconf 80' lang='lat' dir='ltr'>na,</span> <span class='ocrx_word' id='word_1_30' title='bbox 1185 1106 1238 1168; x_wconf 80' lang='lat' dir='ltr'>ror.</span> <span class='ocrx_word' id='word_1_31' title='bbox 1255 1115 1293 1168; x_wconf 75' lang='lat' dir='ltr'>ar</span> <span class='ocrx_word' id='word_1_32' title='bbox 1307 1111 1398 1181; x_wconf 68' lang='lat' dir='ltr'>mu,</span> <span class='ocrx_word' id='word_1_33' title='bbox 1413 1106 1466 1168; x_wconf 81' lang='lat' dir='ltr'>uu</span> <span class='ocrx_word' id='word_1_34' title='bbox 1478 1106 1551 1168; x_wconf 65' lang='lat' dir='ltr'>aaa</span> <span class='ocrx_word' id='word_1_35' title='bbox 1562 1108 1665 1168; x_wconf 65' lang='lat' dir='ltr'>naar-</span> 
     </span>
    </p>
   </div>
   <div class='ocr_carea' id='block_1_4' title="bbox 375 1211 1761 1303">
    <p class='ocr_par' dir='ltr' id='par_1_4' title="bbox 375 1211 1761 1303">
     <span class='ocr_line' id='line_1_5' title="bbox 375 1211 1761 1303; baseline 0.001 -29"><span class='ocrx_word' id='word_1_36' title='bbox 375 1211 456 1274; x_wconf 87' lang='lat' dir='ltr'>bltur</span> <span class='ocrx_word' id='word_1_37' title='bbox 470 1211 588 1274; x_wconf 88' lang='lat' dir='ltr'>rubrlea</span> <span class='ocrx_word' id='word_1_38' title='bbox 602 1216 766 1278; x_wconf 74' lang='lat' dir='ltr'>:claritat</span> <span class='ocrx_word' id='word_1_39' title='bbox 785 1217 942 1295; x_wconf 77' lang='lat' dir='ltr'>imperator</span> <span class='ocrx_word' id='word_1_40' title='bbox 963 1218 1119 1278; x_wconf 77' lang='lat' dir='ltr'>universos</span> <span class='ocrx_word' id='word_1_41' title='bbox 1141 1215 1267 1276; x_wconf 83' lang='lat' dir='ltr'>scolares</span> <span class='ocrx_word' id='word_1_42' title='bbox 1288 1221 1324 1276; x_wconf 90' lang='lat' dir='ltr'>ut</span> <span class='ocrx_word' id='word_1_43' title='bbox 1344 1216 1466 1276; x_wconf 85' lang='lat' dir='ltr'>renlant</span> <span class='ocrx_word' id='word_1_44' title='bbox 1482 1214 1521 1276; x_wconf 83' lang='lat' dir='ltr'>ud</span> <span class='ocrx_word' id='word_1_45' title='bbox 1534 1214 1664 1276; x_wconf 70' lang='lat' dir='ltr'>nullum</span> <span class='ocrx_word' id='word_1_46' title='bbox 1756 1295 1761 1303; x_wconf 92' lang='lat'><strong>.</strong></span> 
     </span>
    </p>
   </div>
   <div class='ocr_carea' id='block_1_5' title="bbox 373 1320 1664 1510">
    <p class='ocr_par' dir='ltr' id='par_1_5' title="bbox 373 1320 1664 1510">
     <span class='ocr_line' id='line_1_6' title="bbox 373 1320 1664 1402; baseline 0.003 -22"><span class='ocrx_word' id='word_1_47' title='bbox 373 1321 503 1382; x_wconf 83' lang='lat' dir='ltr'>etrftatls</span> <span class='ocrx_word' id='word_1_48' title='bbox 513 1320 667 1398; x_wconf 82' lang='lat' dir='ltr'>Neapclls,</span> <span class='ocrx_word' id='word_1_49' title='bbox 681 1324 761 1402; x_wconf 85' lang='lat' dir='ltr'>lpscs</span> <span class='ocrx_word' id='word_1_50' title='bbox 778 1325 811 1384; x_wconf 93' lang='lat' dir='ltr'>fn</span> <span class='ocrx_word' id='word_1_51' title='bbox 829 1339 883 1386; x_wconf 83' lang='lat' dir='ltr'>rua</span> <span class='ocrx_word' id='word_1_52' title='bbox 904 1325 1083 1402; x_wconf 83' lang='lat' dir='ltr'>protectlone</span> <span class='ocrx_word' id='word_1_53' title='bbox 1103 1323 1247 1400; x_wconf 77' lang='lat' dir='ltr'>recipiens</span> <span class='ocrx_word' id='word_1_54' title='bbox 1258 1322 1359 1402; x_wconf 78' lang='lat' dir='ltr'>utrque</span> <span class='ocrx_word' id='word_1_55' title='bbox 1381 1338 1466 1383; x_wconf 87' lang='lat' dir='ltr'>suam</span> <span class='ocrx_word' id='word_1_56' title='bbox 1481 1325 1604 1400; x_wconf 81' lang='lat' dir='ltr'>gmttam</span> <span class='ocrx_word' id='word_1_57' title='bbox 1618 1339 1664 1384; x_wconf 91' lang='lat' dir='ltr'>re·</span> 
     </span>
     <span class='ocr_line' id='line_1_7' title="bbox 374 1426 606 1510; baseline -0.009 -22"><span class='ocrx_word' id='word_1_58' title='bbox 374 1428 582 1505; x_wconf 72' lang='lat' dir='ltr'>promittens.»</span> <span class='ocrx_word' id='word_1_59' title='bbox 593 1426 606 1510; x_wconf 88' lang='grc'><strong>)</strong></span> 
     </span>
    </p>
   </div>
   <div class='ocr_carea' id='block_1_6' title="bbox 248 1639 1664 4235">
    <p class='ocr_par' dir='ltr' id='par_1_6' title="bbox 248 1639 1664 4235">
     <span class='ocr_line' id='line_1_8' title="bbox 303 1639 1663 1740; baseline 0.002 -28"><span class='ocrx_word' id='word_1_60' title='bbox 303 1639 516 1734; x_wconf 84' lang='lat' dir='ltr'>Fridericus,</span> <span class='ocrx_word' id='word_1_61' title='bbox 539 1642 602 1716; x_wconf 88' lang='lat' dir='ltr'>Dei</span> <span class='ocrx_word' id='word_1_62' title='bbox 622 1642 732 1738; x_wconf 72' lang='lat' dir='ltr'>gratia</span> <span class='ocrx_word' id='word_1_63' title='bbox 752 1643 982 1717; x_wconf 83' lang='lat' dir='ltr'>Romanomm</span> <span class='ocrx_word' id='word_1_64' title='bbox 1000 1645 1182 1740; x_wconf 88' lang='lat' dir='ltr'>imperator</span> <span class='ocrx_word' id='word_1_65' title='bbox 1200 1665 1335 1740; x_wconf 84' lang='lat' dir='ltr'>semper</span> <span class='ocrx_word' id='word_1_66' title='bbox 1352 1654 1537 1738; x_wconf 83' lang='lat' dir='ltr'>augustus,</span> <span class='ocrx_word' id='word_1_67' title='bbox 1561 1645 1663 1716; x_wconf 86' lang='lat' dir='ltr'>Jeru-</span> 
     </span>
     <span class='ocr_line' id='line_1_9' title="bbox 256 1763 1663 1861; baseline 0.004 -25"><span class='ocrx_word' id='word_1_68' title='bbox 256 1763 361 1837; x_wconf 91' lang='lat' dir='ltr'>salem</span> <span class='ocrx_word' id='word_1_69' title='bbox 378 1774 413 1839; x_wconf 87' lang='lat' dir='ltr'>et</span> <span class='ocrx_word' id='word_1_70' title='bbox 430 1767 544 1840; x_wconf 92' lang='lat' dir='ltr'>Sicilie</span> <span class='ocrx_word' id='word_1_71' title='bbox 557 1789 639 1860; x_wconf 85' lang='lat' dir='ltr'>rex,</span> <span class='ocrx_word' id='word_1_72' title='bbox 656 1767 828 1842; x_wconf 87' lang='lat' dir='ltr'>universis</span> <span class='ocrx_word' id='word_1_73' title='bbox 841 1769 1030 1842; x_wconf 89' lang='lat' dir='ltr'>scolaribus</span> <span class='ocrx_word' id='word_1_74' title='bbox 1043 1769 1196 1842; x_wconf 84' lang='lat' dir='ltr'>Bononia</span> <span class='ocrx_word' id='word_1_75' title='bbox 1208 1768 1512 1861; x_wconf 79' lang='lat' dir='ltr'>commorantibus,</span> <span class='ocrx_word' id='word_1_76' title='bbox 1529 1767 1663 1842; x_wconf 88' lang='lat' dir='ltr'>dilectis</span> 
     </span>
     <span class='ocr_line' id='line_1_10' title="bbox 255 1889 1663 1990; baseline 0.003 -30"><span class='ocrx_word' id='word_1_77' title='bbox 255 1889 340 1982; x_wconf 87' lang='lat' dir='ltr'>suis,</span> <span class='ocrx_word' id='word_1_78' title='bbox 367 1892 513 1986; x_wconf 80' lang='lat' dir='ltr'>gratiam</span> <span class='ocrx_word' id='word_1_79' title='bbox 533 1914 631 1966; x_wconf 90' lang='lat' dir='ltr'>suam</span> <span class='ocrx_word' id='word_1_80' title='bbox 650 1902 686 1966; x_wconf 91' lang='lat' dir='ltr'>et</span> <span class='ocrx_word' id='word_1_81' title='bbox 699 1892 827 1967; x_wconf 91' lang='lat' dir='ltr'>bonam</span> <span class='ocrx_word' id='word_1_82' title='bbox 846 1893 1071 1967; x_wconf 85' lang='lat' dir='ltr'>voluntatem.</span> <span class='ocrx_word' id='word_1_83' title='bbox 1093 1893 1231 1990; x_wconf 90' lang='lat' dir='ltr'>Imperii</span> <span class='ocrx_word' id='word_1_84' title='bbox 1249 1893 1391 1966; x_wconf 88' lang='lat' dir='ltr'>Romani</span> <span class='ocrx_word' id='word_1_85' title='bbox 1413 1893 1500 1965; x_wconf 94' lang='lat' dir='ltr'>solio</span> <span class='ocrx_word' id='word_1_86' title='bbox 1519 1892 1663 1988; x_wconf 89' lang='lat' dir='ltr'>dispen-</span> 
     </span>
     <span class='ocr_line' id='line_1_11' title="bbox 254 2017 1663 2116; baseline 0.003 -28"><span class='ocrx_word' id='word_1_87' title='bbox 254 2025 352 2090; x_wconf 80' lang='lat' dir='ltr'>sante</span> <span class='ocrx_word' id='word_1_88' title='bbox 368 2017 515 2092; x_wconf 89' lang='lat' dir='ltr'>Domino</span> <span class='ocrx_word' id='word_1_89' title='bbox 532 2018 760 2116; x_wconf 83' lang='lat' dir='ltr'>presidentes,</span> <span class='ocrx_word' id='word_1_90' title='bbox 786 2019 850 2094; x_wconf 89' lang='lat' dir='ltr'>etsi</span> <span class='ocrx_word' id='word_1_91' title='bbox 870 2017 918 2091; x_wconf 89' lang='lat' dir='ltr'>ad</span> <span class='ocrx_word' id='word_1_92' title='bbox 943 2018 1082 2116; x_wconf 86' lang='lat' dir='ltr'>publica</span> <span class='ocrx_word' id='word_1_93' title='bbox 1107 2017 1230 2092; x_wconf 91' lang='lat' dir='ltr'>mnndi</span> <span class='ocrx_word' id='word_1_94' title='bbox 1254 2018 1391 2114; x_wconf 77' lang='lat' dir='ltr'>negotia</span> <span class='ocrx_word' id='word_1_95' title='bbox 1413 2041 1460 2092; x_wconf 82' lang='lat' dir='ltr'>ex</span> <span class='ocrx_word' id='word_1_96' title='bbox 1483 2019 1663 2092; x_wconf 91' lang='lat' dir='ltr'>commisso</span> 
     </span>
     <span class='ocr_line' id='line_1_12' title="bbox 254 2139 1663 2230; baseline 0.003 -18"><span class='ocrx_word' id='word_1_97' title='bbox 254 2139 353 2213; x_wconf 90' lang='lat' dir='ltr'>nobis</span> <span class='ocrx_word' id='word_1_98' title='bbox 380 2163 523 2214; x_wconf 92' lang='lat' dir='ltr'>onerum</span> <span class='ocrx_word' id='word_1_99' title='bbox 549 2151 583 2216; x_wconf 88' lang='lat' dir='ltr'>et</span> <span class='ocrx_word' id='word_1_100' title='bbox 610 2143 781 2217; x_wconf 90' lang='lat' dir='ltr'>bonomm</span> <span class='ocrx_word' id='word_1_101' title='bbox 807 2142 922 2218; x_wconf 88' lang='lat' dir='ltr'>officio</span> <span class='ocrx_word' id='word_1_102' title='bbox 950 2141 1067 2218; x_wconf 90' lang='lat' dir='ltr'>debita</span> <span class='ocrx_word' id='word_1_103' title='bbox 1094 2142 1324 2216; x_wconf 90' lang='lat' dir='ltr'>sollicitudine</span> <span class='ocrx_word' id='word_1_104' title='bbox 1348 2151 1545 2230; x_wconf 85' lang='lat' dir='ltr'>teneamur,</span> <span class='ocrx_word' id='word_1_105' title='bbox 1575 2143 1663 2216; x_wconf 85' lang='lat' dir='ltr'>inter</span> 
     </span>
     <span class='ocr_line' id='line_1_13' title="bbox 254 2264 1664 2365; baseline 0.004 -30"><span class='ocrx_word' id='word_1_106' title='bbox 254 2264 466 2340; x_wconf 87' lang='lat' dir='ltr'>universales</span> <span class='ocrx_word' id='word_1_107' title='bbox 478 2277 593 2342; x_wconf 67' lang='lat' dir='ltr'>umen</span> <span class='ocrx_word' id='word_1_108' title='bbox 611 2267 803 2365; x_wconf 86' lang='lat' dir='ltr'>reipublice</span> <span class='ocrx_word' id='word_1_109' title='bbox 821 2289 921 2342; x_wconf 90' lang='lat' dir='ltr'>curas</span> <span class='ocrx_word' id='word_1_110' title='bbox 936 2267 1066 2364; x_wconf 89' lang='lat' dir='ltr'>quibus</span> <span class='ocrx_word' id='word_1_111' title='bbox 1088 2267 1274 2364; x_wconf 90' lang='lat' dir='ltr'>imperialis</span> <span class='ocrx_word' id='word_1_112' title='bbox 1293 2266 1394 2340; x_wconf 90' lang='lat' dir='ltr'>sedes</span> <span class='ocrx_word' id='word_1_113' title='bbox 1424 2267 1664 2342; x_wconf 89' lang='lat' dir='ltr'>vehementius</span> 
     </span>
     <span class='ocr_line' id='line_1_14' title="bbox 252 2391 1663 2488; baseline 0.001 -27"><span class='ocrx_word' id='word_1_114' title='bbox 252 2399 451 2484; x_wconf 86' lang='lat' dir='ltr'>occupatur,</span> <span class='ocrx_word' id='word_1_115' title='bbox 473 2411 542 2464; x_wconf 92' lang='lat' dir='ltr'>nun</span> <span class='ocrx_word' id='word_1_116' title='bbox 569 2391 802 2487; x_wconf 81' lang='lat' dir='ltr'>dedignemur</span> <span class='ocrx_word' id='word_1_117' title='bbox 824 2391 870 2466; x_wconf 89' lang='lat' dir='ltr'>ad</span> <span class='ocrx_word' id='word_1_118' title='bbox 898 2391 1064 2488; x_wconf 85' lang='lat' dir='ltr'>specialia</span> <span class='ocrx_word' id='word_1_119' title='bbox 1087 2391 1268 2464; x_wconf 89' lang='lat' dir='ltr'>commoda</span> <span class='ocrx_word' id='word_1_120' title='bbox 1299 2391 1514 2487; x_wconf 81' lang='lat' dir='ltr'>singulorum</span> <span class='ocrx_word' id='word_1_121' title='bbox 1547 2402 1663 2466; x_wconf 89' lang='lat' dir='ltr'>nostre</span> 
     </span>
     <span class='ocr_line' id='line_1_15' title="bbox 252 2513 1662 2611; baseline 0.001 -27"><span class='ocrx_word' id='word_1_122' title='bbox 252 2513 379 2586; x_wconf 92' lang='lat' dir='ltr'>mentis</span> <span class='ocrx_word' id='word_1_123' title='bbox 396 2516 505 2588; x_wconf 87' lang='lat' dir='ltr'>aciem</span> <span class='ocrx_word' id='word_1_124' title='bbox 523 2515 701 2608; x_wconf 88' lang='lat' dir='ltr'>inclinare,</span> <span class='ocrx_word' id='word_1_125' title='bbox 720 2525 760 2588; x_wconf 92' lang='lat' dir='ltr'>nt</span> <span class='ocrx_word' id='word_1_126' title='bbox 777 2515 837 2611; x_wconf 91' lang='lat' dir='ltr'>qui</span> <span class='ocrx_word' id='word_1_127' title='bbox 856 2517 982 2590; x_wconf 88' lang='lat' dir='ltr'>milites</span> <span class='ocrx_word' id='word_1_128' title='bbox 1000 2525 1134 2588; x_wconf 91' lang='lat' dir='ltr'>nostros</span> <span class='ocrx_word' id='word_1_129' title='bbox 1148 2537 1242 2587; x_wconf 89' lang='lat' dir='ltr'>arma</span> <span class='ocrx_word' id='word_1_130' title='bbox 1259 2514 1347 2588; x_wconf 87' lang='lat' dir='ltr'>scire</span> <span class='ocrx_word' id='word_1_131' title='bbox 1365 2516 1527 2588; x_wconf 91' lang='lat' dir='ltr'>volumus</span> <span class='ocrx_word' id='word_1_132' title='bbox 1539 2525 1574 2588; x_wconf 88' lang='lat' dir='ltr'>et</span> <span class='ocrx_word' id='word_1_133' title='bbox 1592 2537 1662 2587; x_wconf 94' lang='lat' dir='ltr'>non</span> 
     </span>
     <span class='ocr_line' id='line_1_16' title="bbox 252 2637 1662 2737; baseline 0.003 -29"><span class='ocrx_word' id='word_1_134' title='bbox 252 2637 358 2734; x_wconf 80' lang='lat' dir='ltr'>leges,</span> <span class='ocrx_word' id='word_1_135' title='bbox 371 2639 523 2713; x_wconf 80' lang='lat' dir='ltr'>velimus</span> <span class='ocrx_word' id='word_1_136' title='bbox 539 2639 634 2714; x_wconf 89' lang='lat' dir='ltr'>viros</span> <span class='ocrx_word' id='word_1_137' title='bbox 643 2639 867 2714; x_wconf 84' lang='lat' dir='ltr'>scientiarum</span> <span class='ocrx_word' id='word_1_138' title='bbox 880 2649 915 2714; x_wconf 89' lang='lat' dir='ltr'>et</span> <span class='ocrx_word' id='word_1_139' title='bbox 928 2639 1111 2734; x_wconf 86' lang='lat' dir='ltr'>cujuslibet</span> <span class='ocrx_word' id='word_1_140' title='bbox 1124 2639 1343 2737; x_wconf 86' lang='lat' dir='ltr'>professionis</span> <span class='ocrx_word' id='word_1_141' title='bbox 1358 2639 1499 2730; x_wconf 91' lang='lat' dir='ltr'>amicos,</span> <span class='ocrx_word' id='word_1_142' title='bbox 1514 2661 1662 2734; x_wconf 91' lang='lat' dir='ltr'>quorum</span> 
     </span>
     <span class='ocr_line' id='line_1_17' title="bbox 252 2762 1661 2864; baseline 0 -28"><span class='ocrx_word' id='word_1_143' title='bbox 252 2762 447 2860; x_wconf 90' lang='lat' dir='ltr'>eloquentia</span> <span class='ocrx_word' id='word_1_144' title='bbox 467 2775 622 2838; x_wconf 88' lang='lat' dir='ltr'>nostmm</span> <span class='ocrx_word' id='word_1_145' title='bbox 645 2766 785 2839; x_wconf 86' lang='lat' dir='ltr'>decorat</span> <span class='ocrx_word' id='word_1_146' title='bbox 804 2764 1004 2864; x_wconf 88' lang='lat' dir='ltr'>imperinm,</span> <span class='ocrx_word' id='word_1_147' title='bbox 1026 2765 1268 2838; x_wconf 87' lang='lat' dir='ltr'>nichilominus</span> <span class='ocrx_word' id='word_1_148' title='bbox 1286 2766 1323 2836; x_wconf 95' lang='lat' dir='ltr'>in</span> <span class='ocrx_word' id='word_1_149' title='bbox 1350 2764 1435 2861; x_wconf 92' lang='lat' dir='ltr'>ipsis</span> <span class='ocrx_word' id='word_1_150' title='bbox 1458 2773 1574 2838; x_wconf 89' lang='lat' dir='ltr'>nostro</span> <span class='ocrx_word' id='word_1_151' title='bbox 1593 2775 1661 2837; x_wconf 87' lang='lat' dir='ltr'>tam</span> 
     </span>
     <span class='ocr_line' id='line_1_18' title="bbox 252 2875 1664 2987; baseline 0.001 -26"><span class='ocrx_word' id='word_1_152' title='bbox 252 2909 358 2985; x_wconf 92' lang='lat' dir='ltr'>opere</span> <span class='ocrx_word' id='word_1_153' title='bbox 380 2911 485 2984; x_wconf 84' lang='lat' dir='ltr'>qnam</span> <span class='ocrx_word' id='word_1_154' title='bbox 516 2911 674 2964; x_wconf 91' lang='lat' dir='ltr'>sermone</span> <span class='ocrx_word' id='word_1_155' title='bbox 696 2888 863 2987; x_wconf 84' lang='lat' dir='ltr'>pmbcere</span> <span class='ocrx_word' id='word_1_156' title='bbox 888 2912 929 2964; x_wconf 90' lang='lat' dir='ltr'>nc</span> <span class='ocrx_word' id='word_1_157' title='bbox 951 2891 1087 2962; x_wconf 86' lang='lat' dir='ltr'>virtutis</span> <span class='ocrx_word' id='word_1_158' title='bbox 1111 2875 1283 2984; x_wconf 52' lang='lat' dir='ltr'>&#39;acquisita</span> <span class='ocrx_word' id='word_1_159' title='bbox 1306 2887 1437 2962; x_wconf 90' lang='lat' dir='ltr'>meritis</span> <span class='ocrx_word' id='word_1_160' title='bbox 1461 2899 1496 2962; x_wconf 90' lang='lat' dir='ltr'>et</span> <span class='ocrx_word' id='word_1_161' title='bbox 1521 2889 1664 2962; x_wconf 90' lang='lat' dir='ltr'>consilio</span> 
     </span>
     <span class='ocr_line' id='line_1_19' title="bbox 251 3013 1664 3111; baseline 0.001 -25"><span class='ocrx_word' id='word_1_162' title='bbox 251 3015 415 3101; x_wconf 88' lang='lat' dir='ltr'>militare,</span> <span class='ocrx_word' id='word_1_163' title='bbox 434 3038 514 3091; x_wconf 90' lang='lat' dir='ltr'>cnm</span> <span class='ocrx_word' id='word_1_164' title='bbox 530 3038 599 3090; x_wconf 91' lang='lat' dir='ltr'>non</span> <span class='ocrx_word' id='word_1_165' title='bbox 621 3018 738 3090; x_wconf 88' lang='lat' dir='ltr'>minus</span> <span class='ocrx_word' id='word_1_166' title='bbox 754 3015 897 3090; x_wconf 89' lang='lat' dir='ltr'>scientia</span> <span class='ocrx_word' id='word_1_167' title='bbox 914 3039 1019 3111; x_wconf 92' lang='lat' dir='ltr'>quam</span> <span class='ocrx_word' id='word_1_168' title='bbox 1037 3016 1201 3110; x_wconf 87' lang='lat' dir='ltr'>qualitate</span> <span class='ocrx_word' id='word_1_169' title='bbox 1220 3015 1374 3088; x_wconf 89' lang='lat' dir='ltr'>virorum</span> <span class='ocrx_word' id='word_1_170' title='bbox 1398 3013 1533 3111; x_wconf 89' lang='lat' dir='ltr'>imperii</span> <span class='ocrx_word' id='word_1_171' title='bbox 1551 3035 1592 3087; x_wconf 91' lang='lat' dir='ltr'>ac</span> <span class='ocrx_word' id='word_1_172' title='bbox 1609 3035 1664 3087; x_wconf 92' lang='lat' dir='ltr'>re-</span> 
     </span>
     <span class='ocr_line' id='line_1_20' title="bbox 251 3139 1663 3238; baseline -0.001 -25"><span class='ocrx_word' id='word_1_173' title='bbox 251 3161 398 3235; x_wconf 77' lang='lat' dir='ltr'>gnorum</span> <span class='ocrx_word' id='word_1_174' title='bbox 432 3141 669 3217; x_wconf 88' lang='lat' dir='ltr'>moderamina</span> <span class='ocrx_word' id='word_1_175' title='bbox 701 3141 938 3238; x_wconf 88' lang='lat' dir='ltr'>disponantur.</span> <span class='ocrx_word' id='word_1_176' title='bbox 971 3143 1141 3215; x_wconf 87' lang='lat' dir='ltr'>Statutum</span> <span class='ocrx_word' id='word_1_177' title='bbox 1169 3161 1252 3236; x_wconf 80' lang='lat' dir='ltr'>ergo</span> <span class='ocrx_word' id='word_1_178' title='bbox 1283 3139 1365 3213; x_wconf 92' lang='lat' dir='ltr'>olim</span> <span class='ocrx_word' id='word_1_179' title='bbox 1392 3139 1547 3212; x_wconf 89' lang='lat' dir='ltr'>studium</span> <span class='ocrx_word' id='word_1_180' title='bbox 1577 3151 1663 3236; x_wconf 89' lang='lat' dir='ltr'>aput</span> 
     </span>
     <span class='ocr_line' id='line_1_21' title="bbox 250 3264 1661 3363; baseline -0.001 -24"><span class='ocrx_word' id='word_1_181' title='bbox 250 3267 426 3363; x_wconf 89' lang='lat' dir='ltr'>Neapolim</span> <span class='ocrx_word' id='word_1_182' title='bbox 444 3269 620 3342; x_wconf 87' lang='lat' dir='ltr'>civitatem</span> <span class='ocrx_word' id='word_1_183' title='bbox 636 3267 843 3342; x_wconf 88' lang='lat' dir='ltr'>uberrimam</span> <span class='ocrx_word' id='word_1_184' title='bbox 869 3276 904 3341; x_wconf 89' lang='lat' dir='ltr'>et</span> <span class='ocrx_word' id='word_1_185' title='bbox 920 3267 1034 3340; x_wconf 93' lang='lat' dir='ltr'>locum</span> <span class='ocrx_word' id='word_1_186' title='bbox 1053 3265 1089 3339; x_wconf 95' lang='lat' dir='ltr'>in</span> <span class='ocrx_word' id='word_1_187' title='bbox 1103 3287 1210 3361; x_wconf 81' lang='lat' dir='ltr'>regno</span> <span class='ocrx_word' id='word_1_188' title='bbox 1224 3273 1340 3338; x_wconf 88' lang='lat' dir='ltr'>nostro</span> <span class='ocrx_word' id='word_1_189' title='bbox 1353 3264 1553 3338; x_wconf 87' lang='lat' dir='ltr'>salubritate</span> <span class='ocrx_word' id='word_1_190' title='bbox 1571 3266 1661 3338; x_wconf 92' lang='lat' dir='ltr'>aeris</span> 
     </span>
     <span class='ocr_line' id='line_1_22' title="bbox 250 3389 1660 3490; baseline -0.001 -27"><span class='ocrx_word' id='word_1_191' title='bbox 250 3392 287 3464; x_wconf 92' lang='lat' dir='ltr'>in</span> <span class='ocrx_word' id='word_1_192' title='bbox 312 3393 527 3488; x_wconf 86' lang='lat' dir='ltr'>quibuslibet</span> <span class='ocrx_word' id='word_1_193' title='bbox 544 3393 836 3490; x_wconf 88' lang='lat' dir='ltr'>oportunitatibus</span> <span class='ocrx_word' id='word_1_194' title='bbox 859 3392 1084 3490; x_wconf 90' lang='lat' dir='ltr'>preelectum,</span> <span class='ocrx_word' id='word_1_195' title='bbox 1107 3389 1204 3464; x_wconf 89' lang='lat' dir='ltr'>cordi</span> <span class='ocrx_word' id='word_1_196' title='bbox 1229 3389 1330 3464; x_wconf 92' lang='lat' dir='ltr'>nobis</span> <span class='ocrx_word' id='word_1_197' title='bbox 1352 3399 1404 3462; x_wconf 89' lang='lat' dir='ltr'>est</span> <span class='ocrx_word' id='word_1_198' title='bbox 1428 3389 1464 3461; x_wconf 95' lang='lat' dir='ltr'>in</span> <span class='ocrx_word' id='word_1_199' title='bbox 1488 3391 1660 3484; x_wconf 74' lang='lat' dir='ltr'>integrum</span> 
     </span>
     <span class='ocr_line' id='line_1_23' title="bbox 250 3513 1659 3616; baseline -0.004 -24"><span class='ocrx_word' id='word_1_200' title='bbox 250 3519 436 3592; x_wconf 90' lang='lat' dir='ltr'>reformare</span> <span class='ocrx_word' id='word_1_201' title='bbox 464 3517 530 3616; x_wconf 79' lang='lat' dir='ltr'>(t).</span> <span class='ocrx_word' id='word_1_202' title='bbox 560 3517 666 3614; x_wconf 86' lang='lat' dir='ltr'>Cujus</span> <span class='ocrx_word' id='word_1_203' title='bbox 687 3519 922 3593; x_wconf 77' lang='lat' dir='ltr'>reformationi</span> <span class='ocrx_word' id='word_1_204' title='bbox 949 3539 1018 3592; x_wconf 92' lang='lat' dir='ltr'>ncn</span> <span class='ocrx_word' id='word_1_205' title='bbox 1047 3516 1211 3591; x_wconf 89' lang='lat' dir='ltr'>dubitetis</span> <span class='ocrx_word' id='word_1_206' title='bbox 1235 3537 1299 3588; x_wconf 92' lang='lat' dir='ltr'>nus</span> <span class='ocrx_word' id='word_1_207' title='bbox 1324 3513 1498 3588; x_wconf 88' lang='lat' dir='ltr'>efficacem</span> <span class='ocrx_word' id='word_1_208' title='bbox 1520 3535 1659 3610; x_wconf 89' lang='lat' dir='ltr'>operam</span> 
     </span>
     <span class='ocr_line' id='line_1_24' title="bbox 250 3637 1660 3742; baseline -0.002 -26"><span class='ocrx_word' id='word_1_209' title='bbox 250 3643 436 3736; x_wconf 89' lang='lat' dir='ltr'>adbibere,</span> <span class='ocrx_word' id='word_1_210' title='bbox 459 3667 539 3718; x_wconf 91' lang='lat' dir='ltr'>cum</span> <span class='ocrx_word' id='word_1_211' title='bbox 558 3646 593 3718; x_wconf 94' lang='lat' dir='ltr'>in</span> <span class='ocrx_word' id='word_1_212' title='bbox 611 3645 752 3718; x_wconf 88' lang='lat' dir='ltr'>instanti</span> <span class='ocrx_word' id='word_1_213' title='bbox 778 3665 839 3742; x_wconf 93' lang='lat' dir='ltr'>per</span> <span class='ocrx_word' id='word_1_214' title='bbox 860 3645 994 3718; x_wconf 87' lang='lat' dir='ltr'>litteras</span> <span class='ocrx_word' id='word_1_215' title='bbox 1011 3653 1145 3716; x_wconf 88' lang='lat' dir='ltr'>nostras</span> <span class='ocrx_word' id='word_1_216' title='bbox 1167 3651 1201 3714; x_wconf 92' lang='lat' dir='ltr'>et</span> <span class='ocrx_word' id='word_1_217' title='bbox 1222 3639 1368 3714; x_wconf 91' lang='lat' dir='ltr'>nuncios</span> <span class='ocrx_word' id='word_1_218' title='bbox 1387 3637 1543 3714; x_wconf 89' lang='lat' dir='ltr'>doctores</span> <span class='ocrx_word' id='word_1_219' title='bbox 1563 3637 1660 3713; x_wconf 89' lang='lat' dir='ltr'>tbeo·</span> 
     </span>
     <span class='ocr_line' id='line_1_25' title="bbox 250 3763 1659 3868; baseline -0.005 -25"><span class='ocrx_word' id='word_1_220' title='bbox 250 3771 347 3868; x_wconf 80' lang='lat' dir='ltr'>logos</span> <span class='ocrx_word' id='word_1_221' title='bbox 365 3793 407 3845; x_wconf 93' lang='lat' dir='ltr'>uc</span> <span class='ocrx_word' id='word_1_222' title='bbox 432 3771 612 3866; x_wconf 91' lang='lat' dir='ltr'>utriusque</span> <span class='ocrx_word' id='word_1_223' title='bbox 631 3771 721 3864; x_wconf 88' lang='lat' dir='ltr'>juris</span> <span class='ocrx_word' id='word_1_224' title='bbox 745 3771 956 3867; x_wconf 80' lang='lat' dir='ltr'>professores</span> <span class='ocrx_word' id='word_1_225' title='bbox 973 3789 1014 3842; x_wconf 86' lang='lat' dir='ltr'>ac</span> <span class='ocrx_word' id='word_1_226' title='bbox 1030 3766 1211 3862; x_wconf 77' lang='lat' dir='ltr'>magistros</span> <span class='ocrx_word' id='word_1_227' title='bbox 1230 3763 1462 3860; x_wconf 90' lang='lat' dir='ltr'>quarumlibet</span> <span class='ocrx_word' id='word_1_228' title='bbox 1478 3763 1601 3836; x_wconf 90' lang='lat' dir='ltr'>artium</span> <span class='ocrx_word' id='word_1_229' title='bbox 1618 3763 1659 3836; x_wconf 93' lang='lat' dir='ltr'>li·</span> 
     </span>
     <span class='ocr_line' id='line_1_26' title="bbox 249 3887 1659 3988; baseline -0.008 -18"><span class='ocrx_word' id='word_1_230' title='bbox 249 3897 419 3970; x_wconf 88' lang='lat' dir='ltr'>beralium</span> <span class='ocrx_word' id='word_1_231' title='bbox 456 3893 502 3968; x_wconf 89' lang='lat' dir='ltr'>ad</span> <span class='ocrx_word' id='word_1_232' title='bbox 535 3895 784 3970; x_wconf 91' lang='lat' dir='ltr'>instituendum</span> <span class='ocrx_word' id='word_1_233' title='bbox 811 3905 846 3970; x_wconf 89' lang='lat' dir='ltr'>et</span> <span class='ocrx_word' id='word_1_234' title='bbox 867 3893 1056 3968; x_wconf 88' lang='lat' dir='ltr'>fovendum</span> <span class='ocrx_word' id='word_1_235' title='bbox 1082 3889 1314 3988; x_wconf 90' lang='lat' dir='ltr'>quarumlibet</span> <span class='ocrx_word' id='word_1_236' title='bbox 1344 3887 1592 3984; x_wconf 82' lang='lat' dir='ltr'>professionum</span> <span class='ocrx_word' id='word_1_237' title='bbox 1625 3897 1659 3961; x_wconf 91' lang='lat' dir='ltr'>et</span> 
     </span>
     <span class='ocr_line' id='line_1_27' title="bbox 249 4011 1659 4118; baseline -0.007 -26"><span class='ocrx_word' id='word_1_238' title='bbox 249 4019 469 4094; x_wconf 89' lang='lat' dir='ltr'>seientiamm</span> <span class='ocrx_word' id='word_1_239' title='bbox 490 4019 527 4092; x_wconf 92' lang='lat' dir='ltr'>in</span> <span class='ocrx_word' id='word_1_240' title='bbox 547 4019 670 4094; x_wconf 86' lang='lat' dir='ltr'>eadem</span> <span class='ocrx_word' id='word_1_241' title='bbox 689 4020 828 4094; x_wconf 86' lang='lat' dir='ltr'>civitate</span> <span class='ocrx_word' id='word_1_242' title='bbox 846 4017 1027 4118; x_wconf 78' lang='lat' dir='ltr'>gymnasia</span> <span class='ocrx_word' id='word_1_243' title='bbox 1045 4037 1291 4103; x_wconf 86' lang='lat' dir='ltr'>convocemus,</span> <span class='ocrx_word' id='word_1_244' title='bbox 1313 4011 1527 4086; x_wconf 89' lang='lat' dir='ltr'>libertatibus</span> <span class='ocrx_word' id='word_1_245' title='bbox 1541 4023 1576 4084; x_wconf 90' lang='lat' dir='ltr'>et</span> <span class='ocrx_word' id='word_1_246' title='bbox 1594 4011 1659 4083; x_wconf 92' lang='lat' dir='ltr'>im·</span> 
     </span>
     <span class='ocr_line' id='line_1_28' title="bbox 248 4135 1660 4235; baseline -0.004 -20"><span class='ocrx_word' id='word_1_247' title='bbox 248 4143 475 4219; x_wconf 84' lang='lat' dir='ltr'>munitatibus</span> <span class='ocrx_word' id='word_1_248' title='bbox 486 4145 658 4220; x_wconf 88' lang='lat' dir='ltr'>universis</span> <span class='ocrx_word' id='word_1_249' title='bbox 671 4163 805 4220; x_wconf 87' lang='lat' dir='ltr'>necnon</span> <span class='ocrx_word' id='word_1_250' title='bbox 819 4143 1132 4221; x_wconf 89' lang='lat' dir='ltr'>consuctudinibus</span> <span class='ocrx_word' id='word_1_251' title='bbox 1143 4141 1333 4215; x_wconf 88' lang='lat' dir='ltr'>scolaribus</span> <span class='ocrx_word' id='word_1_252' title='bbox 1347 4136 1545 4235; x_wconf 90' lang='lat' dir='ltr'>appmbatis</span> <span class='ocrx_word' id='word_1_253' title='bbox 1557 4135 1660 4230; x_wconf 85' lang='lat' dir='ltr'>juxta</span> 
     </span>
    </p>
   </div>
   <div class='ocr_carea' id='block_1_7' title="bbox 247 4476 1659 4843">
    <p class='ocr_par' dir='ltr' id='par_1_7' title="bbox 247 4476 1659 4843">
     <span class='ocr_line' id='line_1_29' title="bbox 283 4476 1659 4557; baseline -0.001 -23"><span class='ocrx_word' id='word_1_254' title='bbox 283 4477 317 4550; x_wconf 82' lang='lat' dir='ltr'>(f)</span> <span class='ocrx_word' id='word_1_255' title='bbox 334 4479 372 4536; x_wconf 74' lang='lat' dir='ltr'>fle</span> <span class='ocrx_word' id='word_1_256' title='bbox 383 4485 504 4555; x_wconf 88' lang='lat' dir='ltr'>tempere</span> <span class='ocrx_word' id='word_1_257' title='bbox 511 4495 565 4554; x_wconf 89' lang='lat' dir='ltr'>quc</span> <span class='ocrx_word' id='word_1_258' title='bbox 577 4480 646 4540; x_wconf 87' lang='lat' dir='ltr'>baec</span> <span class='ocrx_word' id='word_1_259' title='bbox 657 4483 760 4557; x_wconf 88' lang='lat' dir='ltr'>scripta</span> <span class='ocrx_word' id='word_1_260' title='bbox 772 4482 852 4540; x_wconf 87' lang='lat' dir='ltr'>fuerit</span> <span class='ocrx_word' id='word_1_261' title='bbox 860 4480 995 4556; x_wconf 77' lang='lat' dir='ltr'>encyclica</span> <span class='ocrx_word' id='word_1_262' title='bbox 1006 4479 1071 4538; x_wconf 87' lang='lat' dir='ltr'>nibil</span> <span class='ocrx_word' id='word_1_263' title='bbox 1085 4479 1160 4538; x_wconf 87' lang='lat' dir='ltr'>dubii</span> <span class='ocrx_word' id='word_1_264' title='bbox 1171 4493 1309 4536; x_wconf 81' lang='lat' dir='ltr'>remanere</span> <span class='ocrx_word' id='word_1_265' title='bbox 1317 4484 1415 4554; x_wconf 83' lang='lat' dir='ltr'>potest,</span> <span class='ocrx_word' id='word_1_266' title='bbox 1423 4477 1486 4535; x_wconf 88' lang='lat' dir='ltr'>dum</span> <span class='ocrx_word' id='word_1_267' title='bbox 1496 4491 1528 4534; x_wconf 87' lang='lat' dir='ltr'>ee</span> <span class='ocrx_word' id='word_1_268' title='bbox 1540 4476 1659 4548; x_wconf 75' lang='lat' dir='ltr'>legamus</span> 
     </span>
     <span class='ocr_line' id='line_1_30' title="bbox 248 4574 1656 4654; baseline -0.002 -21"><span class='ocrx_word' id='word_1_269' title='bbox 248 4591 293 4650; x_wconf 86' lang='lat' dir='ltr'>ap.</span> <span class='ocrx_word' id='word_1_270' title='bbox 304 4575 464 4634; x_wconf 79' lang='lat' dir='ltr'>ltircardum</span> <span class='ocrx_word' id='word_1_271' title='bbox 478 4579 513 4636; x_wconf 89' lang='lat' dir='ltr'>de</span> <span class='ocrx_word' id='word_1_272' title='bbox 527 4579 556 4636; x_wconf 89' lang='lat' dir='ltr'>S.</span> <span class='ocrx_word' id='word_1_273' title='bbox 569 4579 704 4638; x_wconf 85' lang='lat' dir='ltr'>Germane</span> <span class='ocrx_word' id='word_1_274' title='bbox 716 4599 723 4638; x_wconf 92' lang='lat'><strong>:</strong></span> <span class='ocrx_word' id='word_1_275' title='bbox 737 4601 751 4635; x_wconf 74' lang='lat' dir='ltr'>a</span> <span class='ocrx_word' id='word_1_276' title='bbox 765 4580 888 4640; x_wconf 87' lang='lat' dir='ltr'>studium</span> <span class='ocrx_word' id='word_1_277' title='bbox 898 4579 970 4654; x_wconf 89' lang='lat' dir='ltr'>qnod</span> <span class='ocrx_word' id='word_1_278' title='bbox 982 4579 1009 4634; x_wconf 91' lang='lat' dir='ltr'>in</span> <span class='ocrx_word' id='word_1_279' title='bbox 1022 4577 1133 4652; x_wconf 86' lang='lat' dir='ltr'>Neapoli</span> <span class='ocrx_word' id='word_1_280' title='bbox 1149 4594 1198 4652; x_wconf 88' lang='lat' dir='ltr'>per</span> <span class='ocrx_word' id='word_1_281' title='bbox 1211 4576 1399 4652; x_wconf 87' lang='lat' dir='ltr'>imperatorem</span> <span class='ocrx_word' id='word_1_282' title='bbox 1410 4581 1539 4633; x_wconf 72' lang='lat' dir='ltr'>staturum</span> <span class='ocrx_word' id='word_1_283' title='bbox 1553 4574 1656 4646; x_wconf 84' lang='lat' dir='ltr'>fuerat,</span> 
     </span>
     <span class='ocr_line' id='line_1_31' title="bbox 247 4671 1658 4752; baseline -0.004 -20"><span class='ocrx_word' id='word_1_284' title='bbox 247 4673 320 4746; x_wconf 90' lang='lat' dir='ltr'>quod</span> <span class='ocrx_word' id='word_1_285' title='bbox 330 4673 418 4732; x_wconf 85' lang='lat' dir='ltr'>extitit</span> <span class='ocrx_word' id='word_1_286' title='bbox 427 4675 580 4734; x_wconf 86' lang='lat' dir='ltr'>turbatione</span> <span class='ocrx_word' id='word_1_287' title='bbox 590 4677 659 4735; x_wconf 90' lang='lat' dir='ltr'>inter</span> <span class='ocrx_word' id='word_1_288' title='bbox 670 4678 816 4736; x_wconf 84' lang='lat' dir='ltr'>Ecclesiam</span> <span class='ocrx_word' id='word_1_289' title='bbox 825 4685 854 4735; x_wconf 87' lang='lat' dir='ltr'>et</span> <span class='ocrx_word' id='word_1_290' title='bbox 862 4677 1003 4752; x_wconf 84' lang='lat' dir='ltr'>imperinm</span> <span class='ocrx_word' id='word_1_291' title='bbox 1014 4681 1105 4734; x_wconf 88' lang='lat' dir='ltr'>secuta</span> <span class='ocrx_word' id='word_1_292' title='bbox 1117 4675 1225 4750; x_wconf 88' lang='lat' dir='ltr'>penitus</span> <span class='ocrx_word' id='word_1_293' title='bbox 1235 4673 1403 4745; x_wconf 87' lang='lat' dir='ltr'>dissolutum,</span> <span class='ocrx_word' id='word_1_294' title='bbox 1413 4688 1463 4747; x_wconf 91' lang='lat' dir='ltr'>per</span> <span class='ocrx_word' id='word_1_295' title='bbox 1471 4671 1658 4745; x_wconf 90' lang='lat' dir='ltr'>imperatorem</span> 
     </span>
     <span class='ocr_line' id='line_1_32' title="bbox 248 4767 1218 4843; baseline 0.004 -21"><span class='ocrx_word' id='word_1_296' title='bbox 248 4767 275 4823; x_wconf 91' lang='lat' dir='ltr'>in</span> <span class='ocrx_word' id='word_1_297' title='bbox 286 4768 398 4842; x_wconf 87' lang='lat' dir='ltr'>Neapoli</span> <span class='ocrx_word' id='word_1_298' title='bbox 408 4767 603 4828; x_wconf 81' lang='lat' dir='ltr'>reformatur.»</span> <span class='ocrx_word' id='word_1_299' title='bbox 621 4769 746 4830; x_wconf 76' lang='lat' dir='ltr'>sumu.</span> <span class='ocrx_word' id='word_1_300' title='bbox 761 4771 796 4829; x_wconf 91' lang='lat' dir='ltr'>ad</span> <span class='ocrx_word' id='word_1_301' title='bbox 814 4787 876 4829; x_wconf 89' lang='lat' dir='ltr'>ann.</span> <span class='ocrx_word' id='word_1_302' title='bbox 887 4771 965 4843; x_wconf 69' lang='grc'><strong>1236,</strong></span> <span class='ocrx_word' id='word_1_303' title='bbox 981 4767 1053 4828; x_wconf 88' lang='lat' dir='ltr'>circa</span> <span class='ocrx_word' id='word_1_304' title='bbox 1071 4769 1218 4828; x_wconf 88' lang='lat' dir='ltr'>octobrem.</span> 
     </span>
    </p>
   </div>
   <div class='ocr_carea' id='block_1_8' title="bbox 345 4869 1499 4934">
    <p class='ocr_par' dir='ltr' id='par_1_8' title="bbox 345 4869 1499 4934">
     <span class='ocr_line' id='line_1_33' title="bbox 345 4869 1499 4934; baseline -0.005 -2"><span class='ocrx_word' id='word_1_305' title='bbox 345 4869 401 4934; x_wconf 75' lang='lat' dir='ltr'>lV.</span> <span class='ocrx_word' id='word_1_306' title='bbox 1461 4871 1499 4926; x_wconf 67' lang='grc'>68</span> 
     </span>
    </p>
   </div>
   <div class='ocr_carea' id='block_1_9' title="bbox 0 0 2164 5913">
    <p class='ocr_par' dir='ltr' id='par_1_9' title="bbox 0 0 2164 5913">
     <span class='ocr_line' id='line_1_34' title="bbox 0 0 2164 5913; baseline 0 0"><span class='ocrx_word' id='word_1_307' title='bbox 0 0 2164 5913; x_wconf 95' lang='lat' dir='ltr'> </span> 
     </span>
    </p>
   </div>
  </div>
 </body>
</html>
