4308 5910
1044 573 1401 636 consrt'rttrtotttts

931 881 1132 956 TITULUS
1160 879 1308 954 txvtt.
1336 885 1405 952 ME
1429 877 1517 976 (tt).

947 1075 998 1145 De
1009 1084 1150 1166 poleno
1170 1083 1362 1146 testamento
1379 1072 1494 1146 deleto.

1117 1285 1209 1336 tm
1240 1286 1323 1336 REX.

569 1453 604 1526 Si
623 1451 703 1547 quis
720 1453 827 1548 petris
847 1461 1088 1526 wstannentom
1105 1453 1314 1545 aboleverit,
1336 1465 1375 1525 nt
1390 1453 1489 1548 qnasi
1507 1453 1553 1528 sb
1572 1451 1732 1526 intestato
1747 1445 1930 1540 euooodst,

519 1577 623 1674 petris
639 1575 829 1650 hereditate
845 1577 1012 1672 privetur.

931 1868 1131 1940 TITULUS
1160 1867 1325 1940 txvttt.
1353 1873 1416 1953 Μς
1438 1865 1526 1961 (to).

1120 2061 1168 2129 De
1179 2059 1326 2153 judiciis.

1117 2270 1216 2319 insu
1247 2271 1337 2318 nsx.

573 2437 726 2524 Qualitas
745 2455 890 2531 persone
908 2445 1031 2530 gravo
1048 2445 1083 2508 et
1098 2435 1237 2510 alleviat
1253 2435 1304 2533 (o)
1321 2457 1445 2532 penem
1464 2437 1552 2508 lnlsi.

943 2730 1144 2803 TITULUS
1173 2731 1308 2804 LXIX.
1337 2735 1405 2804 ΜΖ
1429 2725 1519 2828 (l'l).

1109 2923 1156 2992 lle
1173 2923 1350 3016 veneficiis.

1128 3135 1222 3184 nonu
1248 3135 1335 3184 nex.

575 3299 665 3373 Malo
681 3308 717 3373 et
732 3301 839 3374 noxia
856 3301 1108 3376 meditamento
1122 3303 1169 3377 nd
1186 3301 1389 3378 alienandos
1406 3304 1541 3376 animos
1558 3324 1621 3376 sou
1638 3323 1775 3378 veneno
1788 3303 1850 3398 qui
1865 3299 1943 3400 [de-

527 3421 644 3522 derit],
665 3423 862 3498 vendiderit
875 3425 930 3498 vel
945 3424 1117 3516 hebuerit,
1138 3429 1277 3523 capitoli
1292 3427 1460 3501 sententio
1476 3428 1629 3501 feriatur.

962 3728 1163 3802 TITULUS
1187 3728 1298 3802 Lxx.
1323 3733 1395 3802 ΜΗ
1418 3725 1505 3826 (ld).

772 3919 822 3992 De
839 3922 1038 3992 correctione
1054 3919 1213 4014 poculum
1232 3921 1429 3992 omotort'om
1443 3921 1692 4014 postomium.

1126 4133 1218 4184 insu
1250 4133 1333 4182 nnn.

578 4301 742 4374 Poeulum
762 4301 967 4373 amatorium
987 4303 1043 4374 vel
1059 4305 1249 4399 quemlibet
1265 4304 1381 4376 cibum
1400 4305 1562 4378 nocivum
1582 4303 1742 4399 quisquis
1762 4301 1944 4375 instruxe-

530 4427 586 4516 rit,
606 4423 711 4498 etinm
731 4425 760 4496 si
779 4425 949 4498 neminem
970 4427 1095 4519 leserit,
1112 4429 1264 4523 imponis
1279 4449 1349 4501 non
1365 4429 1440 4501 erit.

570 4599 614 4680 (a)
634 4601 691 4679 Ap.
713 4601 876 4664 corennum
899 4607 929 4662 et
943 4601 1070 4663 desistes
1086 4599 1213 4680 redsa,-
1227 4605 1324 4666 mlnos
1341 4611 1428 4666 reete.
1442 4602 1623 4682 Corrtgtmos
1635 4619 1673 4666 ex
1686 4601 1753 4664 ood.
1769 4609 1847 4664 toto
1862 4607 1892 4664 et
1904 4617 1942 4662 ex

527 4724 643 4786 grnroo.
