4298 5906
507 618 565 682 180
953 619 1093 684 notuit
1117 615 1470 680 constitutiones

890 889 1032 964 LIBER
1060 889 1096 981 1,
1127 889 1328 964 TITULUS
1359 887 1529 962 XXXIV.

647 1039 697 1112 De
724 1039 848 1114 metis
866 1040 1036 1114 educatis
1049 1040 1191 1137 pupillis
1208 1053 1241 1114 ct
1260 1041 1338 1114 aliis
1355 1039 1593 1114 moestitiae
1607 1041 1767 1135 pmctui.

555 1189 645 1284 Lege
672 1191 821 1286 presenti
844 1191 982 1288 pietatis
1003 1191 1117 1266 officio
1139 1201 1345 1286 suggerente
1366 1189 1570 1284 statuimus,
1593 1191 1752 1288 pupillis,
1775 1189 1910 1280 viduis,

503 1311 684 1410 orphanis,
709 1318 938 1414 pauperibus,
961 1340 1025 1392 eeu
1046 1317 1259 1414 quibuslibet
1281 1317 1475 1408 debilibus,
1502 1317 1681 1414 presertim
1701 1326 1820 1392 contre
1843 1339 1914 1414 po-

503 1450 613 1514 tentes
632 1442 815 1536 agentibus
838 1451 899 1517 aut
917 1443 1183 1518 defendentibus
1199 1441 1248 1538 (a)
1267 1463 1390 1518 causas
1408 1463 1491 1516 suns
1511 1461 1575 1516 scu
1587 1443 1670 1534 jura
1687 1450 1801 1516 nostre
1817 1445 1913 1517 curis

503 1562 781 1659 defendentibus,
797 1567 986 1642 advocatos
1003 1577 1038 1642 et
1055 1567 1204 1664 pugiles,
1220 1567 1251 1640 si
1269 1587 1374 1642 cauea
1392 1567 1598 1664 poposcerit,
1618 1565 1664 1640 de
1678 1565 1774 1640 ouria
1796 1575 1912 1641 nostra

502 1689 609 1782 gratis
628 1699 663 1763 et
685 1711 857 1786 expensas
878 1693 965 1766 alias
988 1693 1098 1766 victui
1125 1691 1352 1780 necessarias,
1382 1689 1468 1765 dum
1492 1690 1722 1764 necessariam
1748 1689 1785 1762 in
1814 1688 1913 1764 ouria

501 1833 632 1886 moram
651 1814 799 1909 trahent,
818 1837 952 1890 necnon
973 1818 1111 1891 testium
1129 1814 1432 1912 producendorum
1447 1813 1625 1911 impendia
1640 1834 1702 1910 per
1717 1812 1849 1886 curiam
1863 1811 1911 1912 (b)

502 1937 619 2032 largiri
642 1937 787 2032 debere;
807 1950 842 2013 ct
859 1942 973 2015 nullas
989 1941 1035 2015 ab
1053 1942 1137 2037 ipsis
1155 1951 1311 2038 preterea
1330 1939 1373 2038 (c)
1392 1939 1563 2038 sportulas
1588 1939 1634 2013 sb
1657 1939 1912 2036 apparitoribus

500 2063 556 2135 vel
581 2063 821 2138 tabellionibus
853 2067 978 2140 nostrie
1001 2067 1143 2140 omnino
1163 2075 1225 2140 aut
1246 2087 1309 2161 pro
1331 2066 1577 2140 sententiarum
1600 2063 1911 2161 subscriptionibus

499 2185 633 2282 aliquid
651 2189 813 2264 volumus
829 2191 1008 2287 postulari.

805 2427 1009 2515 LIBERI,
1040 2425 1245 2500 TITULUS
1275 2425 1371 2518 clv,
1403 2426 1524 2502 PARS
1552 2427 1600 2500 ll.

1030 2573 1137 2676 [Nova
1155 2575 1372 2678 constitutio]

498 2689 505 2698 ο
543 2729 704 2804 Mulieres
725 2726 772 2802 ad
794 2729 924 2802 curiam
952 2738 1105 2803 nostram
1132 2729 1190 2803 vel
1216 2728 1363 2822 alicujus
1387 2727 1542 2802 officialis
1570 2727 1676 2802 nostri
1700 2727 1909 2824 presentiam

497 2851 676 2926 uenientes
690 2851 887 2924 nullatenus
904 2851 1141 2943 admittantur,
1161 2849 1278 2924 sedin
1297 2850 1449 2946 ipsarum
1464 2871 1590 2946 penam
1607 2850 1703 2947 quod
1720 2851 1909 2947 presentari

494 2998 540 3070 se,
550 2976 791 3074 conspectibus
808 2977 959 3074 publicis
974 2998 1045 3050 non
1067 2985 1243 3066 verentur,
1267 2974 1427 3073 expediri
1450 2997 1510 3050 ess
1527 2977 1728 3072 priusquam
1749 2975 1797 3050 ad
1818 2999 1908 3075 pro-

494 3103 570 3201 pria
588 3101 731 3176 redeant
749 3101 990 3198 prohibemus;
1012 3101 1079 3174 nisi
1101 3111 1195 3174 tanta
1216 3121 1440 3198 personarum
1464 3101 1522 3173 vel
1543 3121 1659 3173 rerum
1679 3099 1796 3198 inopia
1825 3123 1907 3198 pre·

496 3237 683 3324 graventur
699 3225 796 3324 quod
814 3227 851 3300 in
865 3229 1011 3302 aliorum
1026 3226 1200 3301 delectum
1215 3227 1308 3322 ipsas
1325 3235 1481 3323 oporteat
1496 3225 1718 3322 personaliter
1735 3227 1904 3300 laborare.

893 3463 1033 3536 LIBER
1062 3465 1096 3556 1,
1123 3463 1326 3538 TITULUS
1354 3464 1507 3539 XXXV.

852 3615 893 3686 ttt
911 3637 1010 3688 cause
1025 3617 1126 3710 ptius
1147 3617 1295 3690 inchoate
1315 3619 1547 3690 terminentur.

541 3765 694 3840 Prcsenti
712 3766 790 3860 lege
803 3764 1020 3840 decernimus
1033 3766 1196 3840 omnibus
1209 3767 1350 3840 omnino
1360 3767 1503 3861 judiciis
1516 3758 1664 3841 valitura
1682 3775 1721 3838 ut
1737 3763 1905 3838 inchoatis

493 3910 676 3964 causarum
700 3889 905 3983 audientiis,
927 3891 1022 3964 nulle
1042 3891 1180 3987 penitus
1197 3891 1265 3965 alie
1281 3891 1507 3984 misceantur,
1528 3891 1731 3988 prinsquam
1747 3887 1905 3984 questio-

493 4013 595 4088 nibus
612 4014 732 4112 primis
749 4036 810 4111 per
834 4013 1013 4090 definitive
1031 4015 1088 4090 vel
1109 4015 1366 4090 interlocutorio
1382 4016 1551 4091 sententie
1565 4016 1737 4090 calculum
1754 4011 1832 4086 linis
1847 4013 1905 4086 le·

493 4141 635 4234 gitimus
652 4139 862 4238 imponatur,
886 4140 1012 4216 autad
1029 4163 1110 4215 eum
1127 4139 1305 4214 diationis
1331 4141 1516 4214 terminum
1534 4161 1640 4236 quem
1662 4159 1767 4214 cause
1781 4145 1905 4211 nature

493 4263 687 4361 poposcerit
703 4263 935 4340 deducantur.

536 4439 577 4521 (a)
595 4423 634 4503 'ln
646 4441 716 4504 etta
728 4441 841 4505 vanem
853 4459 926 4506 ann.
941 4450 1016 4505 tsso
1031 4439 1234 4524 desumto.

537 4545 576 4629 (ὖ)
596 4551 632 4610 1¹¹
645 4549 717 4612 ⁰⁶¹2·
731 4551 845 4614 Veneto
853 4567 911 4632 por
922 4551 1000 4612 mett
1008 4547 1162 4632 paim,
1173 4551 1255 4632 quud
1272 4549 1520 4625 mellunrldetur,
1530 4549 1603 4612 dum
1615 4563 1705 4628 snpra
1714 4550 1779 4628 jem
1791 4545 1905 4629 legatur

492 4655 746 4721 demissum.

536 4764 573 4848 (c)
596 4767 632 4829 ln
645 4765 718 4832 edit.
731 4767 847 4831 Veneta
853 4774 1024 4850 propterca,
1037 4770 1155 4832 modus.
