4308 5910
469 618 510 679 96
996 609 1354 676 consultationes

469 761 567 848 parte
583 751 726 846 prestari
740 751 844 842 juxta
860 749 995 824 divales
1011 761 1168 823 veterum
1182 747 1376 844 principum
1394 745 1590 820 sanctiones
1611 771 1620 817 r
1642 767 1715 841 quo
1730 747 1885 822 irremis-

469 877 614 950 sibiliter
625 876 823 964 subsecuto,
836 875 1049 970 principalis]
1061 874 1185 947 actoris
1199 881 1261 946 aut
1269 872 1477 946 accusatoris
1490 891 1636 967 persona
1650 871 1755 944 simul
1769 873 1886 946 omnia

468 1023 538 1097 que
555 1001 602 1074 ad
620 1001 857 1094 probationem
876 1021 939 1073 sau
958 998 1208 1074 adminiculum
1226 1019 1289 1070 sua
1306 996 1520 1092 probationis
1534 995 1584 1092 (a)
1600 997 1744 1090 iaciunt,
1765 1017 1827 1092 per
1847 1019 1885 1070 se

469 1125 527 1198 vel
553 1145 616 1219 per
638 1123 847 1197 advocatum
873 1145 975 1195 suum
1004 1121 1124 1195 offerat
1148 1131 1210 1194 aut
1233 1121 1356 1195 eodem
1382 1119 1441 1194 die
1466 1121 1524 1194 vel
1550 1122 1708 1216 sequenti
1738 1121 1785 1196 ad
1808 1123 1886 1218 plus

469 1257 637 1343 proponat
662 1248 699 1318 in
728 1247 883 1342 scriptis;
913 1247 1058 1320 ulterius
1081 1257 1196 1319 autem
1224 1244 1270 1321 de
1299 1245 1474 1319 communi
1495 1249 1576 1338 juro
1600 1245 1798 1320 nullatenus
1820 1269 1886 1320 au·

466 1371 599 1462 dictur,
626 1371 695 1443 nisi
724 1391 871 1466 persona
899 1371 1042 1444 minoris
1069 1379 1131 1444 aut
1160 1369 1314 1443 mulieris
1345 1369 1567 1466 privilegium
1597 1371 1654 1444 vel
1683 1393 1788 1444 causa
1818 1371 1886 1445 alia

466 1495 713 1592 superveniens
734 1494 914 1590 allegetur.
938 1495 1030 1568 Reus
1052 1494 1209 1568 similiter
1229 1493 1465 1590 principaliter
1480 1505 1672 1568 conventus
1695 1504 1758 1567 aut
1780 1515 1884 1568 accu-

467 1631 562 1693 satus
586 1619 804 1694 defensiones
826 1641 948 1693 omnes
972 1619 1040 1692 sibi
1062 1619 1108 1693 de
1126 1619 1214 1693 lacto
1232 1617 1283 1717 (l)
1303 1629 1535 1714 competentes
1554 1617 1740 1712 injudicio
1759 1639 1885 1714 propo·

467 1766 549 1817 nere
567 1743 705 1817 studeat
730 1743 831 1816 simul
858 1755 894 1818 et
915 1745 1038 1835 semel,
1059 1754 1121 1816 aut
1145 1745 1180 1816 in
1204 1745 1340 1840 scriptis
1366 1765 1429 1840 per
1452 1765 1491 1816 se
1507 1743 1565 1816 vel
1592 1765 1654 1838 per
1675 1743 1883 1816 advocatum

468 1889 572 1941 suum
590 1869 627 1940 in
648 1867 804 1963 predicto
823 1869 934 1963 spatio
951 1867 1077 1959 [curie]
1093 1867 1178 1941 dare
1192 1877 1367 1964 procuret;
1388 1867 1621 1962 eumdemque
1635 1867 1820 1940 terminum
1838 1867 1884 1941 ad

468 1991 583 2066 oblata
611 1991 792 2088 probanda
812 1992 979 2087 recipiant
1006 1993 1108 2065 ambe
1131 2003 1257 2088 partes.
1288 1992 1443 2080 Quodsi
1470 2013 1531 2089 per
1557 2001 1796 2089 procuratores
1825 2004 1885 2065 aut

469 2116 667 2190 defensores
687 2117 747 2207 [in
772 2116 815 2188 iis
835 2117 871 2188 in
890 2117 1019 2211 quibus
1036 2117 1244 2191 intervenire
1262 2121 1425 2213 possunt]
1452 2139 1556 2190 cause
1571 2127 1731 2212 agantur,
1747 2137 1791 2189 es
1803 2119 1883 2210 jura

467 2251 667 2336 procurator
684 2242 808 2336 alleget
824 2250 886 2314 aut
905 2240 1066 2314 defensor
1083 2242 1157 2314 illas
1175 2241 1395 2315 defensiones
1418 2251 1589 2336 opponat,
1607 2263 1678 2338 que
1700 2241 1882 2337 principali

468 2367 558 2462 parti
573 2377 766 2463 competere
782 2389 851 2440 non
869 2368 1016 2462 ignorat.
1028 2367 1185 2441 Ceterum
1202 2369 1232 2440 si
1251 2369 1479 2462 ignorantiam
1492 2368 1578 2440 lorte
1592 2365 1785 2463 protendat,
1802 2369 1882 2460 jura

470 2513 534 2564 suu
551 2491 752 2588 principalis
773 2491 879 2586 partis
899 2492 1107 2564 conscientie
1122 2491 1247 2587 poterit
1263 2511 1459 2582 reservare3
1479 2493 1547 2580 [ut]
1566 2499 1681 2562 tumen
1697 2489 1786 2562 intra
1805 2511 1883 2584 pre·

470 2615 600 2689 dictum
619 2617 803 2688 terminum
828 2638 932 2710 quem
959 2617 1062 2689 ambe
1080 2625 1194 2712 partos
1221 2615 1268 2690 ad
1297 2615 1513 2710 probandum
1537 2614 1752 2710 acceperint,
1778 2619 1883 2710 [pro-

471 2747 608 2812 curator
623 2738 668 2836 (c)
686 2749 754 2812 tam
770 2761 811 2813 ea
829 2761 900 2834 que
916 2741 1027 2836 primo
1050 2743 1210 2837 opposuit
1230 2739 1352 2836 probet
1365 2763 1469 2835 quam
1483 2761 1525 2812 ea
1538 2760 1609 2833 que
1623 2759 1684 2833 per
1701 2737 1882 2811 dominum

469 2873 586 2958 postea
611 2862 658 2937 ad
683 2863 793 2960 ipsius
820 2864 997 2938 scientiam
1014 2863 1064 2962 (d)
1093 2869 1353 2961 pervenerunt]
1372 2863 1570 2938 Terminum
1595 2871 1710 2938 autem
1729 2862 1775 2937 ad
1794 2885 1882 2959 pro·

468 2986 623 3062 handum
643 2987 698 3079 [in
713 2988 877 3062 omnibus
891 2990 1101 3086 supradictis
1114 2999 1148 3064 et
1162 2990 1238 3064 aliis
1256 3011 1327 3086 que
1341 2989 1554 3083 judiciorum
1571 2997 1693 3062 nutura
1705 2990 1878 3085 requirit1,

468 3123 636 3207 quantum
656 3113 730 3186 sine
746 3135 851 3187 cause
868 3114 1020 3208 periculo
1039 3125 1074 3186 et
1091 3135 1206 3188 rerum
1222 3112 1406 3210 dispendio
1429 3111 1504 3186 fleri
1525 3121 1650 3208 potest,
1668 3111 1882 3208 periodicas

468 3237 528 3330 qui
547 3237 801 3332 cognitionibus
815 3239 1005 3336 president,
1025 3239 1062 3311 in
1080 3239 1194 3312 causis
1210 3239 1373 3312 omnibus
1393 3237 1546 3311 breviari
1563 3237 1739 3331 jubemus.

895 3499 1097 3572 TITULllS
1120 3499 1236 3572 XXV.
1265 3501 1330 3570 ΚΕ
1354 3498 1445 3594 (25).

827 3649 874 3721 De
897 3651 1137 3744 sumptionibus
1163 3651 1325 3724 malitiose
1346 3651 1517 3747 oppositis.

1008 3825 1100 3874 rnru
1131 3825 1332 3876 rucusrus.

513 3948 548 4022 Si
568 3950 726 4046 exceptio
754 3953 1000 4049 peremptoria,
1020 3950 1217 4052 [replicatio
1245 3955 1301 4027 vel
1325 3953 1509 4050 triplicatio
1525 3911 1652 4045 etiam]
1671 3961 1877 4050 opponatur,

465 4095 1162 4184 delwnt.1ncod.ltttdtllcprcdationibuc
1182 4111 1211 4167 ct
1233 4101 1441 4185 cosmatem
1463 4105 1498 4164 in
1511 4102 1625 4186 judicio
1641 4101 1764 4166 insimul
1783 4111 1882 4166 muc-

465 4205 678 4393 doidlulpttus
690 4323 789 4377 tamm
809 4334 848 4378 cx
863 4334 969 4398 graeco
981 4319 1098 4381 videtur
1109 4319 1265 4399 legandum
1282 4338 1290 4378 r
1306 4337 1380 4402 puae
1393 4315 1435 4381 nd
1445 4319 1679 4382 constitutionem
1692 4325 1721 4382 ct
1728 4315 1879 4400 probatio·

464 4436 530 4480 nem
539 4439 608 4482 dim
620 4439 734 4484 tomas.

504 4523 547 4606 (i)
568 4527 651 4590 Allan
663 4526 773 4611 dejure
779 4549 796 4606 ,·
809 4531 908 4592 minus
921 4538 1011 4594 recte.

503 4631 544 4713 (c)
569 4635 603 4694 ln
617 4636 711 4697 Pelet.
722 4653 779 4716 par
792 4639 903 4698 curiam
917 4641 981 4700 vlca
989 4647 1174 4720 proeurawr,
1190 4638 1278 4702 mole.

506 4737 548 4818 ld)
570 4741 615 4802 lbl
628 4738 674 4803 cet
684 4743 820 4806 notitr'cm
830 4745 949 4808 uddttur
962 4749 994 4808 lu
1007 4746 1074 4810 cod.
1091 4755 1182 4810 4⁶2⁵.
