4308 5910
755 593 890 656 'nuum
914 593 1101 658 SlClLlllE
1579 602 1638 661 153

226 729 276 828 [et
292 731 496 825 generaliter
511 750 631 804 omnes
647 727 814 827 artifices]
835 753 913 804 cum
933 730 1003 806 lide
1020 742 1054 805 et
1075 732 1192 806 studio
1211 731 1327 831 [prout
1343 734 1524 808 artificium
1541 761 1633 812 uuus

224 857 375 951 quiaque
393 853 445 952 (a)
462 853 587 928 melius
600 853 755 954 noverit]
773 857 936 930 volumus
954 858 1101 954 operari.
1126 857 1325 954 specialiter
1342 869 1457 932 autem
1477 863 1634 934 scutariis

223 991 258 1054 et
285 979 432 1053 sellariis
458 978 673 1074 injungimus
698 989 736 1052 ut
757 990 928 1076 emptores
953 983 1135 1056 certiorare
1162 981 1308 1056 fideliter
1335 985 1496 1059 studeant
1519 996 1634 1060 utrum

224 1106 260 1176 in
284 1115 429 1198 argento
451 1104 508 1179 vel
535 1113 657 1178 stanno
678 1103 727 1200 (b)
750 1107 965 1202 superposite
983 1106 1028 1200 (c)
1046 1107 1114 1178 sint
1132 1107 1280 1202 picture,
1304 1119 1338 1180 et
1360 1109 1454 1203 quod
1479 1112 1580 1184 sellas
1601 1123 1636 1184 et

222 1239 320 1302 scuta
340 1228 477 1302 munire
503 1227 653 1302 debeant
679 1229 880 1302 necessariis
897 1241 932 1302 et
949 1230 1093 1303 sortibus
1114 1231 1376 1325 guamimentis.
1401 1233 1562 1308 anerios
1584 1235 1635 1332 (d)

223 1363 340 1427 autem
356 1365 391 1426 et
409 1351 558 1448 piscium
576 1349 618 1447 (e)
637 1351 849 1438 venditores,
869 1353 931 1447 qui
947 1353 1019 1426 vite
1036 1354 1216 1428 hominum
1234 1358 1426 1430 necessaria
1443 1358 1635 1431 subminis-

223 1488 329 1569 trant,
349 1487 385 1550 ct
401 1499 447 1550 ex
463 1497 611 1572 qnorum
630 1475 813 1550 fraudibus
828 1477 1022 1550 maximum
1040 1489 1156 1574 posset
1171 1501 1241 1554 nou
1258 1481 1363 1554 rebus
1383 1484 1634 1576 tantummodo,

222 1601 286 1674 sed
308 1601 465 1698 persenis
491 1601 594 1674 etiam
622 1600 789 1674 damnum
812 1601 951 1690 inferri,
979 1601 1014 1672 in
1041 1623 1160 1674 eorum
1187 1603 1358 1676 mercibus
1382 1601 1430 1702 [et
1452 1607 1637 1680 mercatio-

223 1721 343 1822 nibus]
362 1725 525 1799 volnmns
542 1745 618 1798 esse
635 1723 756 1798 fideles
778 1751 786 1795 :
806 1725 969 1799 videlicet
993 1735 1031 1798 ut
1053 1726 1216 1822 scrophas
1232 1749 1295 1824 pro
1310 1729 1423 1824 porcis
1441 1730 1496 1802 vel
1518 1752 1637 1804 carnes

222 1850 419 1922 morticinas
440 1858 501 1922 aut
518 1850 563 1922 ab
587 1859 657 1922 uno
674 1849 732 1922 die
754 1850 791 1920 in
811 1849 918 1922 alium
944 1861 1152 1940 reservatas,
1178 1852 1207 1924 si
1238 1851 1303 1924 hec
1328 1855 1540 1948 emptoribus
1567 1877 1635 1930 non

223 1973 457 2068 predixerint‚
486 1995 547 2044 seu
576 1972 865 2068 qualitercunque
894 1984 1073 2070 corruptas
1099 1974 1157 2046 vel
1179 1974 1323 2050 iniectas
1348 1977 1385 2048 in
1410 1977 1575 2050 damnum
1602 1989 1637 2052 et

222 2097 460 2194 deceptionem
482 2106 675 2192 emptorum
699 2093 852 2168 vendere
874 2117 943 2168 non
965 2108 1178 2192 presumant.
1207 2097 1411 2174 venditores
1434 2102 1537 2174 etiam
1561 2103 1636 2198 pis·

223 2223 315 2294 cium
334 2223 371 2294 in
385 2222 556 2317 corruptis
579 2221 731 2316 piscibus
760 2241 830 2293 non
857 2219 1051 2295 vendendis
1070 2233 1104 2296 ct
1130 2223 1176 2296 ab
1194 2245 1265 2296 nno
1283 2223 1342 2296 die
1364 2224 1399 2295 in
1426 2225 1532 2298 alium
1559 2227 1634 2302 sine

221 2347 436 2444 predictione
453 2347 609 2420 similitor
624 2346 820 2437 reservatis,
839 2343 944 2419 fidem
963 2347 1173 2442 precipimus
1194 2348 1397 2440 observare;
1421 2346 1469 2446 [et
1495 2361 1534 2422 ut
1554 2375 1633 2446 pre·

222 2472 305 2546 dicti
324 2494 444 2545 omnes
463 2481 498 2544 et
515 2469 644 2564 singuli
663 2469 823 2566 superius
839 2470 1003 2543 nominati
1020 2469 1073 2567 (s)
1089 2493 1203 2544 rerum
1226 2471 1351 2544 vitium
1370 2471 1632 2548 vendendarum

221 2619 268 2670 ex
286 2595 356 2669 lide
369 2595 568 2692 predicant,
583 2602 618 2666 et
635 2602 675 2666 ut
693 2593 790 2667 cibos
803 2592 917 2691 pridie
934 2604 1134 2691 preparatus
1152 2606 1186 2670 et
1204 2596 1239 2668 in
1258 2595 1316 2670 die
1331 2597 1437 2670 altera
1452 2599 1634 2674 calefactos

222 2721 380 2794 similiter
405 2720 481 2793 siue
509 2717 722 2816 predictione
746 2738 816 2790 non
841 2717 1022 2818 vendant}
1051 2719 1254 2793 venditores
1280 2720 1383 2792 etiam
1410 2721 1632 2798 candelarum

222 2868 280 2919 eas
310 2843 457 2919 fideliter
486 2843 629 2934 iaciant,
657 2863 722 2916 nec
746 2841 782 2912 in
808 2841 918 2915 eisin
947 2855 1140 2939 emptorum
1170 2844 1390 2940 dispendium
1419 2846 1634 2922 immisceant

222 2969 356 3065 aliquid
379 2965 472 3066 [cere
489 2963 575 3064 (p)],
596 2989 662 3040 nec
683 2967 719 3038 in
743 2965 794 3039 cis
814 2967 881 3038 nisi
905 2965 1154 3076 bombycinum
1176 2989 1346 3064 papyrum
1368 2969 1546 3044 includunt
1564 2973 1628 3068 (b),

221 3095 275 3168 441
295 3095 325 3166 si
345 3094 444 3167 aliter
462 3092 614 3185 iecerint,
635 3099 806 3185 emptores
823 3089 954 3164 exinde
972 3092 1153 3164 certiorare
1172 3089 1211 3186 (t)
1227 3092 1409 3164 curabunt.

262 3269 305 3351 (a)
326 3269 376 3332 Sto
389 3287 427 3332 cx
441 3269 508 3331 cod.
523 3277 601 3330 4645
616 3274 647 3328 41
657 3267 740 3330 illoc.
755 3267 793 3329 dc
805 3267 836 3330 S.
852 3269 953 3330 Germ.
969 3269 1028 3346 Δρ.
1043 3269 1165 3331 Gurcanl
1178 3267 1410 3350 muajmpu,
1426 3272 1526 3334 mlnus
1539 3279 1627 3336 recte.

260 3375 302 3456 (b)
324 3377 384 3456 Δρ.
391 3377 514 3440 (1444441
522 3372 844 3453 44144444044414144444
856 3391 894 3436 ex
905 3375 973 3436 cod.
985 3381 1062 3436 4645
1075 3381 1105 3436 44
1117 3375 1198 3436 Rlcc.
1211 3373 1248 3434 dc
1260 3373 1292 3435 8.
1302 3373 1416 3450 (144444
1431 3377 1512 3452 quod
1525 3393 1629 3456 graeco

222 3481 391 3556 4444441111
405 3479 572 3565 4444441444.

262 3587 302 3670 (4)
325 3591 372 3651 lta
382 3590 557 3668 corrigimus
569 3605 608 3650 ex
619 3589 702 3650 11144.
716 3587 754 3649 dc
766 3588 798 3649 8.
815 3587 916 3649 Germ.
931 3593 961 3648 et
973 3587 1039 3649 cod.
1056 3596 1146 3650 4645.
1157 3589 1213 3666 Δρ.
1229 3588 1351 3650 0444441
1362 3588 1536 3670 oppertae.

262 3693 307 3776 (d)
327 3695 461 3756 1144444144
477 3711 527 3772 4ρ.
542 3695 726 3758 Rlccnrdum.
743 3694 887 3755 Bccccricr
899 3697 930 3755 ln
944 3694 1011 3757 cod.
1028 3701 1118 3756 4645.

262 3801 300 3884 (4)
326 3803 375 3864 814
387 3805 419 3863 14
432 3801 581 3865 4444411444.
591 3801 697 3880 Aptius
709 3807 809 3863 tamen
823 3801 981 3882 legendnm
998 3801 1149 3862 videretur
1162 3801 1296 3863 4444414444
1307 3801 1477 3868 meditem.
1493 3804 1603 3869 Graece
1619 3825 1628 3868 =

222 3905 281 3974 414
292 3905 487 3990 upapam«.

262 4011 312 4094 (s)
329 4015 378 4076 814
389 4015 562 4092 curdgtmus
574 4029 613 4074 ex
625 4013 706 4074 mec.
721 4012 759 4074 de
771 4013 803 4075 S.
816 4012 961 4074 Germano
970 4018 1001 4074 et
1012 4013 1078 4076 cod.
1093 4022 1182 4076 4645.
1196 4013 1254 4092 Δρ.
1269 4015 1390 4078 Curcanl
1403 4018 1587 4082 mutuatim.

261 4117 306 4202 (q)
324 4121 458 4182 11444114
473 4135 577 4199 gracco
590 4125 620 4180 et
632 4121 665 4179 ln
676 4119 743 4180 cod.
760 4128 849 4180 4645.
866 4119 925 4180 Sed
938 4119 1174 4198 4414444ρ.11144.
1190 4121 1227 4182 (14
1239 4121 1271 4182 8.
1284 4119 1443 4185 Germano.

261 4224 304 4306 (d)
324 4225 434 4288 Graece
445 4221 514 4305 publ
521 4223 679 4286 toulrucuu
691 4223 723 4284 41
737 4222 895 4285 αὐτόόουλον
909 4226 940 4285 tx
953 4225 1221 4310 mripchorsitan
1230 4227 1385 4309 legendum
1396 4230 1626 4310 μονοὸἄμὸουλον,

222 4329 422 4394 4441114144144
435 4333 527 4394 launo
540 4349 611 4394 vero
624 4335 741 4394 rectius.

263 4437 297 4521 (i)
323 4442 358 4503 ln
376 4440 455 4502 11144.
472 4439 510 4502 de
522 4439 554 4502 8.
569 4437 717 4501 (14444444
729 4437 886 4515 4414444444,
901 4443 998 4504 44414444
1012 4449 1101 4504 recte.
