4288 5912
186 603 347 682 Instead]
639 599 836 664 HISTORIA
861 595 1151 662 olrtoutnlcrt
1535 601 1598 664 ⁴15

239 1141 464 1229 Gebhardus
482 1145 531 1230 de
549 1145 735 1230 Arnesten
752 1147 960 1258 imperialis
991 1147 1031 1229 in
1056 1147 1163 1231 ltalia
1189 1147 1337 1258 legatus
1364 1157 1400 1231 et
1417 1148 1598 1260 magister
1712 1177 1727 1210 ¹¹

183 1276 319 1361 Petrus
336 1277 385 1361 de
402 1277 520 1362 Vinea
537 1279 744 1390 imperialis
761 1281 889 1364 curiae
901 1279 1034 1392 judex,
1055 1281 1095 1364 in
1113 1281 1324 1392 praesentia
1341 1281 1593 1392 imperatoris,

184 1437 230 1494 ex
249 1411 519 1522 conquestione
543 1413 689 1524 syndici
711 1413 965 1506 universitatis
993 1415 1169 1500 Senensis
1195 1415 1477 1500 universitatem
1503 1415 1597 1500 Flo-

183 1544 329 1627 rentiae
347 1545 604 1630 condemnant
620 1547 661 1630 in
679 1559 833 1632 centum
850 1549 1021 1633 millibus
1039 1549 1178 1632 marcis
1197 1550 1343 1662 argenti
1360 1549 1452 1634 fisco
1469 1549 1596 1660 impe-

182 1677 270 1760 riali
305 1679 515 1788 solvendiS,
548 1707 618 1792 pro
650 1708 695 1766 oo
726 1683 832 1794 qnod
862 1683 912 1767 ab
942 1682 1229 1794 impugnatione
1260 1681 1484 1767 Senensium
1515 1710 1594 1770 non

182 1811 428 1921 destiterunt,
446 1809 538 1898 item
555 1815 596 1898 in
614 1815 745 1900 decem
763 1815 935 1902 millibus
962 1816 1047 1900 aliis
1072 1816 1212 1900 marcis
1237 1843 1307 1927 pro
1338 1843 1383 1901 oo
1409 1819 1515 1930 quod
1545 1819 1596 1912 ad

182 1947 331 2032 curiam
361 1949 581 2058 rssponsuri
615 1949 743 2036 venire
773 1959 1100 2060 contempserunt,
1132 1950 1364 2061 mittuntque
1393 1977 1597 2038 commune

183 2081 411 2168 Senensium
428 2081 469 2165 in
487 2082 766 2194 possessionem
786 2083 977 2170 bonorum
1003 2085 1218 2170 communis
1245 2085 1457 2170 Florentiae
1474 2113 1598 2198 usqua

182 2218 234 2304 ad
262 2225 438 2302 sexcenta
468 2216 589 2300 millia
618 2216 806 2304 librarum
832 2218 1077 2304 denariorum
1100 2220 1326 2305 Senensium
1342 2247 1413 2332 pro
1430 2244 1594 2333 repara-

181 2352 285 2436 tione
302 2353 532 2436 damnorum
550 2378 650 2464 quae
667 2380 691 2436 a
707 2352 934 2438 Florentinis
955 2353 1110 2438 luerunt
1131 2355 1312 2465 perpessi.

263 2541 384 2648 (snut
404 2568 1039 2654 uummu,raaqua.1ura.m0aa0u,
1062 2579 1136 2636 tom.
1154 2573 1208 2647 1v,
1227 2591 1258 2652 p.
1274 2582 1344 2650 or,
1360 2581 1594 2656 auorumpu

302 2679 373 2739 aaut
386 2687 474 2754 12³6,
490 2687 508 2740 a
522 2677 667 2754 decentia
682 2695 763 2741 nunc
775 2686 911 2741 accurate
924 2679 1062 2742 collatum
1075 2696 1143 2742 cum
1154 2681 1246 2742 altero
1258 2687 1445 2760 transumpto
1457 2683 1591 2746 authent.

304 2787 336 2850 ln
348 2787 469 2850 archivo
482 2805 592 2851 comm.
606 2789 761 2863 Senensis,
778 2785 884 2870 Cnlcfflr
896 2781 964 2849 dell'
977 2787 1105 2850 Arenata
1109 2834 1120 2866 ,
1134 2795 1239 2852 mater.
1253 2795 1348 2865 tarra,
1360 2789 1412 2851 fol.
1428 2795 1543 2868 ott-61.)

231 2977 270 3050 In
290 2977 430 3052 nomine
446 2975 584 3050 Domini
600 2976 707 3050 nostri
724 2976 807 3050 lesu
826 2949 965 3069 Christi,
983 2997 1076 3050 anno
1095 2977 1140 3049 ah
1157 2976 1392 3052 incarnatione
1411 2981 1488 3073 ejus
1507 2982 1592 3054 mil-

181 3102 306 3175 lesimo
329 3102 565 3176 ducentesimo
588 3102 763 3197 trigesimo
792 3100 948 3177 soeundo
974 3109 1010 3175 et
1037 3100 1243 3176 duodecimo
1265 3099 1314 3210 (a)
1338 3125 1430 3178 anno
1457 3105 1592 3202 imperii

182 3227 315 3302 domini
336 3229 445 3302 nostri
463 3227 653 3319 Frsderici,
671 3228 733 3302 Dei
755 3228 866 3324 gratia
882 3229 1114 3303 Romanorum
1135 3229 1348 3324 imperatoris
1366 3253 1505 3327 semper
1521 3255 1592 3308 au-

182 3353 289 3446 gusti,
308 3354 498 3428 Jerusalem
520 3363 555 3428 et
571 3354 686 3428 Sicilia
703 3353 795 3448 regis
811 3352 1041 3447 invictissimi,
1061 3374 1255 3427 annovera
1275 3355 1373 3449 regni
1394 3356 1508 3431 Sicilie
1524 3357 1593 3430 tri-

182 3480 315 3572 gesimo
343 3481 464 3575 quinto
489 3489 525 3552 et
545 3479 819 3576 ierosolymitani
844 3477 991 3574 septimo
1016 3475 1084 3576 (b),
1109 3499 1228 3552 mense
1253 3478 1466 3574 decembris,
1493 3493 1593 3558 sexte

181 3604 390 3696 indictionis,
411 3604 553 3679 domino
570 3603 769 3695 Fredarico,
788 3603 851 3678 Dei
867 3603 978 3699 gratia
992 3604 1223 3676 Romanorum
1244 3605 1464 3700 imperatore,
1487 3607 1591 3682 Ieru-

182 3731 289 3805 salsm
306 3739 341 3805 et
358 3731 473 3805 Sicilie
487 3753 581 3827 rege,
601 3731 648 3805 ad
663 3730 840 3804 Precinam
855 3730 1041 3803 solemnem
1060 3729 1191 3803 curiam
1206 3740 1357 3825 regante,
1377 3733 1593 3826 presentibus

181 3854 312 3930 ibidem
326 3853 500 3954 Gaybarro
518 3856 563 3931 de
578 3854 747 3930 Amesten
769 3856 806 3927 in
825 3855 939 3929 Ytalia
955 3855 1084 3950 legato,
1106 3854 1236 3928 Thema
1253 3853 1299 3928 de
1314 3853 1453 3951 Aquino
1470 3859 1594 3932 comite

181 3979 408 4075 Acerrarnm,
438 3982 579 4064 Simone
599 3981 783 4073 Theatino,
807 3979 986 4054 Manbedo
1009 3979 1207 4052 marchione
1223 3981 1355 4053 Lancea
1375 3989 1409 4054 et
1428 3982 1595 4057 Riccardo

181 4107 370 4204 imperialis
385 4109 464 4180 aule
481 4107 617 4203 privato
634 4106 833 4200 camerario,
854 4127 919 4179 nec
935 4127 1006 4179 non
1024 4105 1238 4201 infrascripto
1257 4105 1421 4199 magistro
1433 4107 1533 4182 Petro
1549 4109 1595 4184 de

180 4233 289 4306 Vinea
314 4255 441 4328 magne
466 4231 652 4328 imperialis
669 4231 764 4305 curia
777 4229 898 4324 judice
918 4239 954 4304 et
975 4229 1240 4327 quampluribus
1262 4231 1339 4303 aliis
1360 4231 1535 4306 nobilibus
1559 4244 1595 4306 et

181 4352 302 4449 probis
314 4353 413 4444 viris,
432 4352 615 4426 Gnidottus
632 4351 817 4425 Luccensis
832 4349 989 4424 sindicus
1007 4371 1070 4422 seu
1089 4358 1182 4422 actor
1199 4349 1356 4422 comunis
1370 4371 1433 4424 seu
1453 4353 1594 4425 univer·

182 4477 292 4552 sitatis
309 4479 488 4573 Senensis,
510 4479 649 4555 nomine
662 4479 746 4554 dicti
764 4478 943 4566 comunis,
968 4478 1013 4552 de
1035 4477 1136 4570 cujus
1153 4475 1354 4551 auctoritate
1370 4488 1404 4551 et
1421 4477 1590 4552 sindicatu

223 4628 265 4710 (a)
287 4629 379 4691 Recte
392 4631 477 4692 tertio
490 4628 607 4694 declaro.

223 4735 263 4816 (b)
285 4737 375 4800 Recta
387 4744 494 4800 cctcco.
