4308 5910
518 619 575 682 lto
1044 625 1396 691 constitutiones

519 755 607 829 illud
631 754 727 850 quod
747 756 931 832 demuctus
956 758 1102 856 abipso
1124 765 1274 838 tenebat.
1300 765 1442 840 blobilia
1468 768 1572 840 etiam
1600 767 1802 843 decedentis
1821 771 1926 846 scribi

518 881 680 955 volumus
697 883 862 972 scriatim,
877 893 913 955 et
930 905 972 958 ea
985 885 1098 960 omnia
1121 888 1156 960 in
1176 890 1314 985 publica
1331 890 1539 966 documenta
1558 893 1699 967 redacta
1712 895 1759 969 ud
1775 904 1925 968 nostram

519 1005 648 1079 curiam
669 1005 833 1081 destinari
841 1007 1021 1101 jubemus,
1042 1019 1082 1083 ut
1092 1033 1139 1084 en
1149 1013 1305 1104 jussione
1316 1023 1431 1090 nostra
1445 1016 1574 1111 quibus
1586 1017 1739 1114 predicta
1759 1019 1925 1114 assignari

520 1129 668 1204 debeant
688 1131 901 1224 injungatur.
930 1135 1112 1208 Bononiam
1138 1137 1240 1211 etium
1258 1139 1333 1212 sive
1358 1139 1504 1214 ieudnm
1530 1139 1578 1238 (o)
1600 1142 1696 1237 quod
1714 1143 1761 1217 ad
1778 1165 1925 1216 conces-

518 1255 649 1328 sionem
663 1255 897 1331 munificentie
910 1267 1025 1332 nostre
1039 1271 1187 1356 spectat,
1207 1261 1237 1334 si
1253 1262 1393 1358 quando
1408 1265 1544 1338 anobis
1562 1266 1706 1340 concedi
1720 1268 1921 1362 contigerit,

520 1391 557 1452 ut
574 1391 627 1454 est
643 1382 769 1471 moris,
787 1381 916 1456 litteras
938 1393 1070 1458 nostrus
1087 1385 1134 1459 ad
1158 1408 1239 1460 eum
1263 1408 1285 1461 a
1308 1409 1380 1482 quo
1405 1389 1551 1462 ieudum
1574 1399 1709 1464 tenetur
1728 1391 1925 1464 curabimus

518 1504 711 1595 destinare,
730 1517 765 1579 et
780 1507 877 1602 quod
896 1507 935 1581 id
951 1508 1048 1603 quod
1066 1519 1199 1584 tenetur
1216 1511 1262 1584 ub
1277 1532 1338 1596 eo,
1358 1512 1434 1586 sive
1452 1513 1497 1586 sit
1514 1523 1664 1586 castrum
1683 1515 1761 1588 sive
1774 1515 1818 1586 sit
1835 1525 1924 1588 terra

517 1629 634 1724 plana,
649 1631 681 1702 ei
695 1629 752 1702 cui
766 1651 829 1704 nos
840 1633 1110 1706 concesserimus
1123 1633 1249 1709 debeat
1260 1635 1450 1731 assignare.
1467 1638 1617 1734 Recepto
1635 1648 1750 1712 autem
1762 1639 1924 1714 mandato

517 1763 632 1826 nostro
649 1764 684 1826 et
705 1755 799 1828 nulla
819 1778 912 1830 more
927 1767 1117 1852 protracta,
1143 1780 1261 1834 comes
1278 1761 1335 1834 vel
1353 1761 1438 1836 baro
1452 1761 1540 1836 illud
1558 1761 1687 1857 exequi
1705 1763 1920 1858 procurabit;

517 1887 677 1972 suscepto
702 1888 938 1954 verumtamen
957 1881 1074 1978 aliquo
1105 1883 1254 1976 relevio,
1279 1893 1318 1957 ut
1341 1895 1394 1958 est
1417 1885 1542 1978 moris,
1577 1885 1674 1980 quod
1699 1887 1923 1982 quantitatem

518 2000 638 2076 decem
667 2003 845 2078 unciarum
878 2007 953 2079 auri
991 2029 1061 2082 non
1095 2007 1245 2082 excedat
1271 2030 1333 2105 pro
1359 2009 1568 2104 assignanda
1592 2011 1809 2106 possessione
1837 2021 1925 2085 terre

518 2147 690 2200 concesse.

963 2351 1167 2426 TITULUS
1190 2353 1325 2426 xxvi.
1354 2359 1380 2426 Z
1404 2348 1470 2452 (7).

798 2529 845 2600 De
863 2531 1061 2602 successione
1075 2531 1223 2624 filiorum
1238 2533 1392 2605 cocullum
1407 2542 1440 2604 ct
1459 2533 1628 2605 baronum.

1060 2731 1151 2781 lbltu
1176 2732 1379 2784 tuousnus.

564 2883 602 2954 ln
629 2882 803 2978 aliquibus
824 2883 923 2978 regui
948 2883 1054 2956 nostri
1073 2884 1228 2978 partibus
1248 2883 1536 2958 consuetudinem
1560 2905 1702 2979 pravam
1724 2881 1924 2956 andivimus

516 3007 1650 3102 hactenusobtinuiese,qnodinboniscomitis,buronisvelmilitie
1662 3007 1724 3103 qui
1736 3004 1924 3080 decesserit

518 3129 597 3204 filiis
607 3131 768 3204 masculis
776 3153 844 3204 non
856 3133 992 3225 relictis,
1008 3131 1078 3207 filie
1090 3155 1160 3206 non
1174 3135 1378 3224 succedunt,
1390 3131 1711 3227 sedoonsanguinei
1723 3129 1922 3230 [quantum-

516 3275 668 3349 cumque
678 3255 822 3344 rcmoti]
841 3255 1021 3328 masculini
1038 3277 1146 3328 sexus
1163 3253 1212 3352 (b)
1228 3265 1298 3328 tam
1310 3255 1441 3328 balium
1457 3255 1667 3352 pupillarum
1679 3255 1834 3350 ipsarum
1845 3261 1924 3350 pont

517 3386 659 3450 mortem
673 3378 779 3474 patrie
793 3379 1528 3476 accipiuntquamsuccessionemnsurpant,
1540 3388 1576 3450 et
1589 3378 1683 3474 ipsas
1694 3378 1921 3474 proipsorum

515 3501 739 3598 dispositione
766 3503 925 3576 maritant
945 3529 953 3574 :
974 3502 1070 3599 quod
1091 3502 1235 3599 quidem
1254 3507 1310 3593 [et
1328 3506 1469 3594 nature]
1496 3499 1712 3596 dignoscitur
1733 3523 1810 3574 esse
1832 3521 1924 3573 oon-

513 3627 654 3698 trarium
670 3625 761 3726 [que
777 3636 957 3724 parentum
969 3628 1060 3702 votis
1076 3627 1208 3724 absque
1219 3627 1423 3702 discretione
1433 3649 1540 3700 sexus
1557 3636 1624 3700 tam
1636 3627 1923 3722 masculosqnam

514 3751 657 3824 seminas
676 3749 966 3841 commendavit1,
987 3761 1021 3823 et
1035 3753 1107 3844 juri
1125 3761 1194 3824 tam
1215 3751 1390 3824 communi
1415 3773 1521 3846 quam
1546 3757 1661 3824 nostro
1685 3747 1920 3848 [specialiter]

515 3877 711 3972 derogatur.
729 3877 801 3950 Hac
818 3876 923 3972 igitur
940 3877 1016 3972 lege
1031 3887 1145 3949 nostra
1168 3898 1230 3974 per
1249 3877 1428 3950 universas
1457 3883 1571 3970 partes
1587 3883 1622 3948 et
1650 3875 1805 3969 singulas
1822 3874 1922 3970 regni

515 4001 619 4074 nostri
635 4002 781 4074 valitura
799 4002 990 4092 sancimus,
1010 4009 1106 4097 patre
1121 4010 1255 4074 mortuo
1269 4011 1339 4073 tam
1355 3998 1445 4072 lilios
1464 4021 1571 4094 quam
1592 3998 1680 4072 filias
1700 3998 1849 4096 puberes
1861 4005 1922 4072 aut

514 4126 659 4217 majores
680 4125 874 4200 minoresve
889 4124 936 4199 ed
957 4133 1138 4221 parentum
1158 4125 1410 4198 successionem
1431 4123 1565 4218 absque
1589 4143 1697 4196 sexus
1717 4123 1922 4197 discretione

513 4249 644 4320 vocari.
663 4250 698 4322 Si
714 4261 828 4324 autem
844 4249 904 4322 filii
920 4249 1063 4323 musculi
1077 4271 1149 4322 una
1168 4271 1247 4321 cum
1273 4247 1410 4321 liliabne
1428 4243 1604 4344 [leminis]
1629 4245 1809 4321 autetiam
1826 4269 1921 4321 soro·

513 4371 611 4444 ribus
633 4375 717 4468 putri
747 4373 925 4448 decedenti
950 4373 1143 4469 supersint,
1166 4373 1417 4466 cujuscumque
1448 4369 1655 4445 conditionis
1677 4381 1774 4469 puter
1801 4371 1920 4458 inerit,

513 4499 652 4570 irancus
668 4497 829 4572 videlicet
843 4509 904 4570 aut
920 4497 1022 4570 etiam
1041 4496 1293 4592 longobardus,
1314 4495 1411 4568 miles
1424 4495 1479 4568 vel
1499 4494 1704 4590 burgensis,
1723 4494 1760 4566 in
1780 4515 1920 4592 succes·

553 4664 596 4745 (e)
616 4669 652 4728 Iu
666 4681 769 4745 graeco
784 4667 902 4727 additur
916 4683 925 4725 r
940 4665 1016 4748 quod
1027 4664 1179 4747 destructur
1192 4663 1306 4727 terrem
1316 4663 1355 4726 ab
1366 4665 1436 4745 ipre

552 4771 594 4853 (b)
615 4774 726 4836 Graece
742 4793 750 4835 ε
765 4771 816 4834 sed
826 4775 1030 4856 comcuprtiuei
1041 4771 1238 4836 &muter
1251 4791 1288 4836 cc
1300 4769 1428 4836 numu
1448 4768 1537 4834 liure
