4298 5906
485 587 544 651 182
935 579 1074 644 Novati
1100 581 1451 646 consultationes

484 747 582 811 men,
603 718 818 794 humanitate
841 717 942 791 nobis
968 717 1156 812 suadente,
1178 718 1425 816 permittimus,
1446 737 1527 790 cum
1545 715 1698 813 ipsorum
1721 713 1784 788 filii
1802 735 1895 812 pau-

484 869 583 946 peres
614 843 832 942 peouniarias
859 865 965 939 penas
989 843 1137 918 eludunt
1161 853 1196 918 et
1224 852 1306 918 sunt
1331 841 1553 940 corporaliter
1583 838 1774 938 puniendI,
1807 839 1897 912 sicut

484 992 604 1046 omnes
629 967 692 1063 qui
716 977 853 1062 propter
878 975 1114 1064 paupertatem
1143 989 1235 1064 pena
1260 967 1461 1065 pecuniaria
1487 965 1603 1063 punIri
1629 987 1698 1039 non
1730 971 1892 1061 possunt,

484 1115 608 1192 penam
638 1091 872 1188 pecuniariam
907 1092 1122 1166 exsolvendo
1154 1093 1322 1190 corporali
1351 1091 1462 1166 filium
1492 1091 1652 1166 liberare.
1678 1089 1754 1164 Non
1780 1097 1894 1161 tamen

482 1219 575 1316 ipsos
591 1215 637 1292 ad
650 1217 717 1290 hoo
734 1224 946 1290 coarctamus
964 1217 1102 1292 invitos.

536 1738 618 1850 gli.
642 1738 935 1823 Constitutiones
954 1764 1067 1849 super
1083 1747 1268 1848 potestate
1285 1739 1490 1849 capitaneis
1511 1750 1550 1824 et
1570 1737 1765 1852 magistris
1779 1733 1898 1848 justi-

483 1863 602 1948 tiariis
621 1863 825 1948 commissa
842 1873 880 1946 et
898 1889 1011 1972 super
1028 1863 1187 1948 crimine
1203 1863 1452 1974 corruptelae.

567 2079 757 2156 (Gonsdtutio
776 2077 1002 2160 capitaneorum
1016 2079 1098 2140 deest
1118 2081 1150 2141 ln
1165 2079 1314 2156 Palatina,
1328 2080 1519 2161 Lindebrogii
1536 2085 1567 2142 et
1585 2079 1780 2160 Lugdunensi
1792 2077 1899 2140 edide-

603 2186 710 2265 nibus,
725 2185 777 2248 sed
790 2191 855 2246 erat
869 2187 902 2246 ln
916 2185 1000 2247 libris
1012 2185 1148 2248 Andreae
1161 2186 1199 2248 de
1211 2187 1322 2248 isernia
1334 2191 1365 2248 et
1376 2186 1518 2250 Matthaei
1537 2185 1575 2248 de
1587 2186 1730 2260 mous,
1743 2187 1900 2262 mmtque

603 2295 636 2354 In
649 2292 719 2354 edit
734 2291 863 2368 Veneta,
876 2293 908 2352 In
919 2291 1113 2370 Neapolitana
1124 2291 1293 2372 Suganappi
1305 2299 1336 2354 et
1347 2309 1396 2372 ap.
1409 2293 1589 2366 carcanum
1602 2294 1691 2372 plens
1702 2298 1803 2356 nmen
1816 2289 1900 2352 addi·

602 2399 733 2460 tionibus
743 2406 772 2460 et
783 2401 909 2460 niqum
921 2401 1035 2460 anau.
1046 2399 1201 2462 Ltbentius
1213 2400 1387 2462 crediderim
1399 2401 1477 2462 banc
1489 2400 1581 2462 iolsse
1591 2401 1808 2480 promulgatam
1818 2395 1899 2476 apud

601 2503 731 2576 Fanum,
752 2520 852 2565 mensa
876 2504 962 2582 aprili
984 2513 1074 2579 1235,
1093 2503 1165 2566 dum
1184 2507 1344 2584 imperator
1364 2505 1560 2570 Allemeuiem
1582 2509 1767 2586 ingressurus
1786 2506 1898 2567 curtam

604 2611 766 2672 solemnem
779 2611 817 2671 de
827 2615 907 2672 statu
920 2613 1003 2690 regni
1014 2611 1057 2672 tbi
1069 2609 1253 2691 celebraret.)

894 2799 1037 2873 LIBER
1065 2800 1097 2892 1,
1128 2800 1330 2875 TITULUS
1358 2801 1492 2874 XLIII.

759 2950 810 3024 De
831 2951 935 3049 officio
959 2953 1208 3048 capitaneorum
1226 2965 1258 3026 et
1278 2954 1431 3050 ampelii
1437 2952 1630 3050 justitiarii.

539 3099 757 3192 FriderIcus,
786 3110 853 3176 etc.
889 3103 1152 3199 capitaneorum
1183 3115 1299 3180 autem
1328 3104 1379 3203 (a)
1408 3115 1444 3180 et
1472 3105 1714 3200 magistrorum
1740 3099 1903 3198 justicia·

491 3227 622 3302 riorum
640 3225 693 3324 (i)
710 3226 863 3300 officinm
885 3228 953 3302 tale
975 3227 1066 3302 erit:
1087 3229 1232 3304 circuire
1246 3229 1442 3326 pmviucias
1459 3229 1526 3303 sibi
1541 3227 1696 3303 decretas
1716 3236 1752 3302 ct
1771 3227 1808 3300 in
1827 3223 1902 3300 dies

492 3351 661 3425 solemnes
692 3349 806 3424 curies
830 3351 867 3424 in
890 3351 974 3426 Iocis
996 3360 1032 3426 et
1050 3353 1217 3446 terminis,
1237 3361 1341 3450 prout
1365 3354 1416 3426 eis
1440 3353 1563 3426 meiius
1583 3351 1903 3448 uidebitur,eape-

493 3474 568 3550 dire
596 3473 664 3573 (2);
694 3495 900 3571 cognoscere
932 3474 977 3549 de
1006 3476 1141 3572 magnis
1167 3475 1364 3570 maleficiis,
1393 3475 1558 3552 vIdelicet
1577 3499 1640 3575 per
1664 3474 1904 3550 universitates

532 3652 577 3736 (a)
594 3655 640 3716 iix
658 3653 716 3716 bac
728 3669 801 3716 voce
812 3657 921 3728 mma,
932 3653 1026 3734 liquet
1038 3653 1188 3734 quoddam
1202 3655 1293 3736 hujus
1305 3656 1525 3720 comittuttcnls
1536 3653 1905 3734 initinmrciprooequm

491 3763 640 3838 catidsse,
651 3767 755 3840 postea
767 3761 830 3824 stre
842 3762 1002 3839 omissum,
1014 3762 1077 3824 sive
1089 3763 1122 3822 In
1135 3762 1228 3824 alium
1240 3763 1338 3826 Iocum
1349 3779 1502 3844 perperam
1511 3764 1735 3844 transpositum.

529 4055 567 4130 (tl
584 4055 646 4114 Non
661 4055 747 4128 spbar
759 4053 794 4112 dc
806 4051 1088 4128 magistrojustitiario
1101 4069 1212 4128 magnae
1225 4055 1314 4114 curiae
1326 4055 1373 4130 qui
1391 4071 1462 4114 unus
1478 4059 1537 4114 eret
1554 4071 1605 4130 prc
1626 4059 1683 4113 tcto
1698 4051 1853 4128 regressi
1872 4050 1907 4110 de

492 4152 638 4230 praefectis
651 4152 817 4228 praecipuis,
835 4151 945 4226 speciali
959 4152 1046 4212 cilicia
1066 4151 1248 4227 iungentibus.
1262 4152 1340 4212 dano
1354 4153 1479 4213 videlieet
1496 4155 1566 4214 liii
1581 4151 1906 4224 immerentium,

492 4252 595 4312 seilicet
607 4250 727 4308 Andreas
736 4249 771 4308 dc
785 4249 1041 4324 Clesla‚cepitaneus
1053 4257 1082 4308 et
1092 4251 1219 4325 magister
1232 4250 1390 4326 justitiarius
1398 4251 1465 4310 eitra
1474 4251 1679 4327 portemioscti
1693 4251 1728 4308 ad
1739 4250 1808 4308 dnos
1821 4247 1905 4324 regni·

493 4357 522 4408 ct
540 4349 669 4424 liogeriru
684 4348 719 4406 de
735 4348 849 4418 Amicis,
867 4348 1022 4422 capitaneus
1035 4355 1064 4405 et
1076 4349 1203 4423 mgIster
1212 4348 1372 4422 institistius
1384 4364 1401 4407 a
1415 4355 1492 4424 porta
1505 4351 1596 4408 Itoseti
1608 4365 1695 4423 usque
1707 4349 1805 4408 iarum
1816 4354 1846 4405 et
1858 4361 1907 4421 per

493 4455 579 4506 totam
596 4446 723 4504 SIciiiem.
733 4445 773 4504 Gi.
786 4446 867 4503 etiam
882 4443 946 4517 quid
957 4445 1057 4503 scribat
1070 4445 1214 4518 imperator
1226 4445 1349 4504 Andreae
1368 4445 1404 4504 de
1421 4445 1524 4518 cicala,
1540 4447 1633 4504 amali
1647 4447 1717 4506 litu
1731 4443 1804 4520 apud
1815 4442 1907 4502 Ortum

494 4561 543 4620 per
556 4547 665 4602 Petram
676 4543 710 4602 de
721 4543 925 4615 Viacaibpert.
939 4541 988 4616 [ol.
1000 4546 1025 4598 3.
1037 4543 1116 4600 Errat
1128 4543 1237 4602 omnino
1248 4544 1398 4602 iiattbaeus
1411 4545 1445 4602 de
1458 4544 1579 4614 Afflictis,
1593 4545 1658 4601 dum
1671 4549 1748 4619 putet
1759 4541 1805 4600 bic
1816 4540 1859 4615 agi
1872 4539 1907 4598 dc

495 4643 643 4719 capitaneis
656 4641 765 4700 statutis
777 4641 805 4698 in
817 4639 883 4699 iocIs
895 4639 942 4698 ubi
953 4639 1089 4715 justitinn'i
1103 4656 1156 4698 non
1169 4641 1292 4712 ederant,
1306 4642 1385 4700 siurti
1396 4642 1545 4717 capitaneis
1557 4641 1678 4714 Gaieue,
1690 4640 1815 4716 deprilae,
1829 4645 1881 4698 ete.

532 4741 568 4816 (2)
585 4743 625 4800 be
647 4741 689 4800 Iris
708 4739 873 4799 solemnibus
893 4739 992 4812 cuno,
1007 4738 1043 4798 cI.
1061 4739 1279 4799 constitutionem
1300 4739 1391 4798 mum
1405 4741 1560 4814 Messanae,
1571 4740 1694 4814 imnerio
1709 4739 1795 4812 titi,
1809 4753 1863 4812 qua
1880 4737 1907 4793 in
