4320 5918
235 600 334 658 lauret.
352 591 394 677 8,]
689 589 883 652 ltlstoltlo
910 587 1202 654 draconarius.
1587 587 1648 650 493

238 728 450 826 appensione
473 725 641 814 munitas,
666 723 812 820 quarum
833 737 930 801 tenor
948 728 993 802 sit
1013 725 1215 820 transcripto
1234 731 1419 797 memorato
1440 721 1642 814 consimilis,

237 853 339 926 nobis
356 852 445 924 inira
473 849 577 922 nnius
600 851 728 922 mensis
752 852 901 948 spatium
919 862 997 951 post
1020 849 1273 946 susceptionem
1291 847 1499 944 presentium
1523 848 1646 923 docla-

237 975 335 1066 retis,
366 973 467 1048 nobis
493 995 556 1070 per
582 975 794 1068 capellanum
821 976 982 1051 eumdem
1007 975 1189 1070 iamdictos
1218 971 1487 1046 lombardorum
1516 973 1646 1046 litteras

237 1098 483 1172 transmissuri.

287 1224 412 1295 Datum
429 1221 578 1314 Perusii,
598 1222 643 1294 Vl
664 1220 830 1296 kalendas
846 1221 1063 1314 novembris,
1084 1219 1302 1318 pontificatus
1320 1220 1425 1294 nostri
1447 1239 1538 1294 anno
1554 1219 1641 1291 Vlll.

317 1491 503 1569 [immediate
516 1493 649 1569 sequitur
662 1492 694 1552 ln
707 1490 862 1570 papalibus
885 1493 1004 1570 regestis
1017 1497 1102 1553 tenor
1115 1491 1278 1552 litterarum
1290 1490 1331 1578 dc
1344 1489 1453 1570 qulbus
1466 1493 1577 1552 mentio
1589 1489 1641 1562 ilt;

355 1599 410 1660 has
422 1599 577 1660 ediderunt
589 1600 792 1673 Itsruscnus,
806 1595 918 1660 Amaci.
931 1595 1039 1675 eccles,
1053 1600 1092 1660 ad
1104 1615 1174 1660 ann.
1195 1607 1282 1676 tuat,
1298 1595 1315 1678 ς
1329 1598 1467 1678 XXXIV,
1482 1605 1512 1660 et
1525 1601 1641 1672 Pruna,

356 1708 484 1766 umor.
499 1707 593 1765 Germ.
610 1707 696 1777 ilict..
711 1713 735 1769 t.
750 1707 804 1781 Ν,
816 1724 848 1784 p.
862 1717 931 1779 toa,
946 1723 985 1768 ex
998 1707 1120 1786 regestis
1133 1704 1253 1784 Gregor.
1269 1706 1328 1779 IX,
1338 1723 1416 1766 anno
1429 1705 1512 1780 VIII,
1527 1716 1560 1767 n⁰
1572 1709 1640 1768 aaa.

356 1813 438 1888 Quas
449 1812 571 1890 quidem
585 1829 644 1874 uon
656 1809 820 1887 recem,
837 1819 872 1874 ut
894 1819 1012 1886 vocant,
1027 1812 1119 1874 inisse
1137 1813 1300 1886 credimus,
1313 1812 1363 1872 sed
1375 1815 1470 1890 ipsam
1483 1815 1581 1890 potius
1594 1829 1644 1874 ec-

356 1920 498 1995 ocptlonls
510 1917 635 1980 formam
647 1919 820 1982 Iombmdls
833 1937 851 1982 a
865 1937 942 2000 papo
955 1923 1156 1982 mmmlssam
1168 1913 1199 2002 r]

284 2103 408 2176 Notum
429 2105 473 2178 sit
497 2107 658 2178 omnibus
680 2115 855 2203 presentes
879 2107 1007 2182 litteras
1033 2107 1238 2203 inspecturis
1262 2106 1357 2202 quod
1383 2127 1446 2180 nus
1471 2117 1640 2198 rectores,

237 2237 420 2323 potestates
446 2241 480 2304 et
501 2231 643 2304 consilia
664 2231 841 2304 civitatum
857 2232 1029 2305 societatis
1044 2231 1265 2321 Lombardie,
1288 2253 1333 2304 ex
1357 2228 1561 2326 debitoque
1584 2241 1642 2306 te-

236 2373 358 2425 nemur
376 2364 541 2451 tanquam
558 2355 618 2428 lilii
636 2353 830 2430 devotionis
848 2355 983 2430 efficere
1008 2379 1079 2452 que
1099 2357 1146 2430 ad
1167 2355 1331 2430 honorem
1354 2365 1470 2430 sancto
1492 2357 1644 2430 Romane

235 2478 386 2553 Ecclesia
410 2481 529 2553 matris
547 2489 662 2553 nostre
675 2481 807 2576 possint
823 2481 944 2554 merito
961 2479 1171 2574 redundare,
1187 2483 1292 2574 juxta
1310 2482 1489 2554 consilium
1505 2493 1540 2555 et
1556 2483 1644 2555 sub-

236 2601 457 2678 monitionem
477 2605 599 2701 ipsius,
613 2627 733 2678 omnes
747 2605 907 2699 querelas
920 2627 1009 2700 quas
1026 2605 1195 2680 habemus
1208 2606 1376 2679 adversus
1390 2607 1644 2679 serenissimum

236 2727 426 2826 prinoipem
445 2729 623 2804 dominum
640 2729 859 2804 liedericnm
879 2731 1118 2827 imperatorem
1140 2751 1276 2826 semper
1297 2739 1496 2824 augustum,
1516 2729 1645 2803 Hieru-

235 2853 341 2926 salem
365 2864 401 2926 et
429 2855 544 2928 Sicilie
568 2875 683 2949 regem
715 2855 902 2944 illustrem,
923 2857 1086 2946 consilio,
1107 2856 1314 2952 provisioni,
1344 2855 1581 2950 compositioni
1610 2865 1644 2928 et

237 2977 426 3052 laudationi
449 2979 582 3053 domini
598 2978 751 3075 Gregorii
772 2981 835 3052 Dei
861 2981 970 3075 gratia
998 2982 1124 3053 summi
1148 2979 1318 3076 pontilicis
1340 2989 1375 3052 et
1394 2979 1550 3073 ejusdem
1577 2981 1643 3052 Ec·

236 3102 338 3176 clesie
356 3126 419 3200 pro
445 3105 684 3178 reformatione
703 3105 799 3201 pacis
824 3116 859 3178 et
882 3115 971 3180 statu
992 3105 1195 3178 Lombardie
1217 3105 1473 3178 committimus.
1496 3106 1532 3176 Si
1554 3104 1642 3201 quid

235 3228 336 3300 etiam
355 3251 418 3324 per
444 3251 506 3304 nos
522 3230 558 3302 io
583 3229 748 3303 lesionem
764 3231 819 3302 vel
845 3231 1006 3322 injuriam
1024 3230 1236 3326 imperatoris
1251 3227 1406 3322 ejusdem
1424 3230 1551 3302 iactum
1568 3238 1639 3322 ost,

236 3360 344 3424 totum
363 3355 550 3448 provisioni
576 3363 611 3427 et
636 3354 778 3426 arbitrio
799 3353 955 3450 predicte
979 3355 1129 3429 Ecclesia
1154 3355 1261 3428 libere
1285 3353 1452 3427 duximus
1477 3356 1642 3428 commit-

235 3473 378 3549 tendum
398 3504 407 3547 ε
428 3477 652 3550 nihilominus
670 3479 874 3574 generaliter
887 3479 1004 3552 omnia
1023 3479 1213 3574 exquibus
1236 3468 1292 3552 vel
1311 3489 1535 3575 propterque
1554 3481 1642 3553 inter

236 3623 299 3674 nos
323 3611 358 3676 et
379 3603 616 3699 imperatorem
642 3603 803 3677 eumdem
826 3605 943 3700 aliqua
968 3604 1141 3678 discordia
1170 3605 1335 3678 hactenus
1362 3615 1414 3678 est
1435 3615 1575 3697 exorta,
1603 3604 1641 3676 in

236 3728 411 3801 voluntate
423 3737 458 3801 et
469 3727 686 3802 ordinatione
701 3729 885 3824 apostolica
901 3728 1042 3802 firmiter
1055 3739 1281 3826 exponentes,
1298 3729 1393 3824 quod
1406 3727 1582 3825 quidquid
1595 3751 1641 3802 ex

235 3850 302 3924 hoc
319 3851 529 3924 consuluerit
548 3861 583 3924 et
597 3851 791 3926 laudaverit
803 3863 916 3927 ratum
934 3863 968 3927 et
984 3853 1122 3925 firmum
1134 3863 1249 3926 tenere
1265 3855 1427 3927 volumus
1443 3863 1479 3927 et
1495 3852 1635 3926 habere.

236 3973 378 4048 Modum
400 3975 502 4050 etiam
523 3977 722 4050 cautionum
741 3987 776 4050 et
794 3978 955 4070 formam,
983 3978 1012 4051 si
1031 4001 1101 4074 que
1117 3979 1308 4052 necessarie
1325 3978 1536 4052 videbuntur
1553 3999 1640 4074 pre-

235 4095 358 4172 stande
369 4099 470 4172 nobis
482 4099 527 4173 ab
541 4101 650 4173 eovel
663 4100 727 4196 ipsi
739 4122 801 4196 per
811 4121 874 4173 nos
886 4121 949 4196 pro
961 4121 1080 4173 eorum
1094 4099 1332 4174 observatione
1345 4121 1414 4195 que
1427 4099 1516 4172 inter
1529 4121 1592 4172 nos
1604 4108 1640 4172 et

235 4224 403 4318 prelatum
416 4224 654 4319 imperatorem
667 4225 817 4298 Ecclesia
833 4224 974 4298 duxerit
986 4223 1167 4298 statumda
1183 4223 1229 4298 de
1244 4215 1406 4298 omnibus
1416 4223 1637 4320 supradictis,

233 4345 390 4419 similiter
408 4347 445 4418 io
464 4357 571 4420 totum
591 4347 834 4421 committimus
852 4347 1038 4443 provisioni
1057 4357 1092 4422 et
1106 4348 1247 4422 arbitrio
1267 4347 1388 4445 prefati
1407 4348 1641 4446 summi'pon-

236 4467 335 4543 tiliois
357 4471 463 4568 patris
483 4473 610 4564 nostri;
632 4474 681 4545 ita
699 4483 738 4546 ut
760 4493 823 4546 nos
849 4472 1066 4546 cautionibus
1088 4495 1174 4568 quas
1194 4472 1338 4569 proinde
1359 4473 1547 4569 providerit
1565 4495 1641 4547 esse

235 4595 456 4689 prestandas,
475 4595 666 4671 debeamus
689 4620 752 4694 pro
771 4608 870 4695 parte
897 4608 1012 4672 nostra
1037 4621 1113 4672 esse
1135 4599 1284 4672 contenti
1306 4626 1314 4670 :
1334 4609 1371 4670 ut
1387 4610 1501 4673 tarum
1520 4610 1554 4674 et
1571 4600 1644 4695 ipse

237 4717 337 4792 nobis
361 4741 423 4816 pro
447 4729 545 4817 parte
571 4722 743 4796 societatis
771 4731 886 4796 nostre
910 4745 970 4796 aas
997 4733 1148 4819 prestare
1176 4724 1303 4798 debeat
1332 4724 1527 4817 cautiones,
1557 4746 1644 4819 quas
