4320 5918
513 527 595 608 ,nur
794 605 796 609 ¹
1030 521 1243 590 rar'nunrcr
1269 529 1441 590 annuant
1753 531 1835 610 [aaa.
1856 532 1939 596 rasa

535 669 717 736 censentur
734 659 932 753 vocabulis,
957 661 1119 738 videlicet
1142 663 1207 767 heo
1233 690 1242 734 :
1266 661 1321 734 Ex
1345 661 1437 738 dono
1463 661 1554 736 bone
1578 661 1743 738 memorie
1769 663 1941 740 Gebhardi

535 781 791 881 salzpurgensis
808 784 1056 882 archiepiscopi
1075 785 1268 860 fundatoris
1291 786 1446 881 ejusdem
1464 786 1600 860 cenobii
1618 787 1655 860 in
1678 789 1769 862 valle
1785 787 1943 863 Admon-

536 911 624 984 teosi
647 909 794 984 fundum
814 910 958 984 ecclesie
981 911 1096 986 Sancti
1119 911 1222 984 Blasii
1244 922 1280 984 et
1299 931 1518 1006 quecumque
1540 913 1683 985 flemma
1700 913 1872 986 comitissa
1895 914 1941 986 ibi

535 1033 677 1126 nabulo
702 1033 861 1130 patellam
891 1034 972 1108 salis
1001 1035 1038 1106 in
1063 1035 1193 1110 vicinia
1223 1035 1422 1108 monasterii
1451 1035 1546 1132 apud
1573 1036 1669 1108 Halle
1690 1045 1726 1108 et
1752 1036 1940 1109 maximam

535 1168 666 1254 partem
681 1157 869 1249 adjacentis
881 1159 1048 1248 nemoris;
1066 1181 1113 1234 ex
1132 1159 1224 1234 douo
1237 1180 1475 1234 successorum
1489 1160 1566 1252 ejus
1577 1159 1751 1234 Tiemonis
1764 1170 1800 1234 et
1816 1159 1941 1232 Chun-

535 1281 610 1356 radi
628 1291 663 1356 et
679 1281 859 1355 Ebirhardi
879 1283 1217 1380 archiepiscoporum
1233 1295 1364 1358 cortem
1382 1305 1428 1356 ex
1446 1284 1552 1356 altera
1570 1293 1666 1378 parte
1686 1284 1778 1356 alvei
1794 1284 1856 1378 qui
1879 1285 1941 1358 di-

535 1405 792 1480 citnrAdmunt
811 1417 846 1480 et
868 1407 1040 1502 reliquom
1064 1409 1214 1482 nemoris
1237 1419 1272 1482 et
1292 1407 1493 1504 preconium
1515 1407 1606 1480 nltru
1627 1407 1775 1480 fluvium
1796 1407 1937 1499 Anesis3

535 1530 677 1626 patellas
693 1540 729 1604 et
746 1529 873 1602 salinas
888 1529 983 1626 apud
1000 1531 1097 1604 Helle
1117 1553 1199 1604 cum
1215 1532 1320 1628 augia
1336 1553 1407 1627 qne
1430 1529 1567 1623 adiacet
1584 1531 1718 1604 domiui
1735 1531 1891 1628 prediolo
1907 1543 1942 1606 ct

536 1659 700 1732 sorentum
717 1677 821 1730 omne
839 1655 886 1729 od
904 1659 1037 1754 Wenge
1059 1659 1233 1752 pertinens
1255 1679 1335 1731 cum
1363 1657 1568 1742 novalibus,
1594 1667 1709 1730 curtes
1732 1655 1939 1748 lludiodorl,

536 1781 730 1873 llrieuowe,
751 1779 931 1872 Pleberoh,
955 1780 1098 1874 Aruich,
1122 1781 1227 1870 liuto,
1248 1781 1499 1875 Chrnmpowe,
1520 1780 1712 1876 louspnoh,
1732 1791 1767 1853 et
1785 1803 1857 1876 qne
1880 1781 1942 1856 de·

536 1904 662 1980 derunt
678 1903 825 2001 predicti
841 1903 994 2000 episcopi
1020 1905 1057 1976 io
1077 1905 1185 1978 variis
1203 1905 1324 1978 usibus
1344 1903 1475 2001 alpium
1494 1915 1529 1977 et
1545 1903 1711 1977 montium
1730 1904 1791 1976 ubi
1812 1905 1865 1978 sal
1882 1927 1941 1978 oo·

537 2030 654 2126 quitur
672 2039 707 2102 et
724 2030 852 2102 ferrum
870 2027 1012 2117 loditur,
1037 2049 1118 2101 oum
1140 2029 1253 2123 agria,
1273 2029 1386 2119 silvis,
1411 2029 1537 2124 pratis,
1561 2027 1685 2122 aquis,
1705 2049 1942 2123 aquarumque

537 2153 773 2228 decursibnsa
788 2152 902 2226 rivulo
917 2151 1052 2226 Zedilue
1069 2175 1181 2248 usquo
1193 2153 1360 2228 Frodnire
1376 2165 1412 2228 et
1426 2175 1448 2226 a
1462 2151 1575 2226 Lusah
1591 2173 1703 2248 nsque
1715 2152 1846 2248 Slayph
1862 2173 1940 2226 eum

538 2276 783 2374 piscationibus
811 2285 846 2348 at
873 2276 1121 2351 venationibus
1147 2277 1185 2348 in
1210 2277 1375 2374 pmdictis
1402 2277 1557 2350 terminis
1587 2286 1623 2350 et
1651 2275 1746 2372 opud
1778 2279 1941 2350 Sanctum

537 2401 670 2475 Gallum
689 2399 871 2474 novalibus
885 2409 920 2472 et
932 2401 1093 2473 omnibus
1102 2401 1246 2493 justitiis
1260 2401 1333 2474 suia
1351 2401 1387 2472 iu
1401 2399 1523 2475 eadem
1536 2401 1628 2476 valle
1642 2421 1707 2474 sua
1721 2409 1756 2474 et
1769 2399 1807 2473 iu
1824 2421 1941 2474 nemo·

536 2527 634 2600 ribos
659 2547 722 2598 seu
746 2523 917 2596 montonis
934 2544 1054 2597 eornm
1075 2533 1144 2596 tam
1167 2525 1306 2598 remotis
1326 2547 1432 2620 quam
1449 2545 1557 2622 prope
1574 2523 1697 2622 positis
1720 2524 1797 2596 sive
1814 2525 1851 2598 iu
1874 2525 1941 2597 Ka·

536 2651 663 2726 riothia
686 2669 748 2723 seu
767 2648 917 2720 Maronia
932 2647 988 2720 val
1013 2648 1050 2719 io
1068 2649 1229 2722 omnibns
1253 2649 1385 2745 prediis
1402 2649 1495 2742 sois,
1521 2647 1733 2744 ubicumque
1752 2669 1844 2722 vene
1862 2649 1942 2722 salis

536 2799 601 2850 seu
619 2773 753 2868 argenti
771 2772 827 2845 vel
852 2771 931 2842 lerri
956 2781 1016 2844 aut
1036 2772 1222 2864 cujuslibet
1239 2775 1375 2868 generis
1397 2773 1526 2846 metalli
1546 2773 1664 2847 lodine
1686 2773 1824 2868 reperiri
1843 2781 1942 2868 pote·

537 2909 630 2974 root.
650 2899 706 2969 Ex
723 2895 815 2970 dono
833 2914 973 2990 quoque
991 2894 1167 2968 Chnnradi
1183 2897 1285 2992 primi
1301 2897 1443 2970 domum
1462 2895 1665 2992 hospitalem
1685 2897 1845 2970 Friesoch
1862 2917 1941 2970 cnm

537 3021 668 3120 prediis
689 3029 725 3094 et
741 3019 834 3094 omni
845 3019 924 3111 jure
936 3039 1020 3111 sn03
1039 3039 1086 3091 ex
1104 3019 1197 3092 dono
1213 3017 1384 3094 nobilium
1402 3019 1644 3114 quorumdam,
1665 3019 1826 3094 lleinhcri
1843 3019 1941 3094 vide·

539 3147 618 3220 lieet
630 3155 665 3218 et
677 3143 824 3216 Petrisse
836 3152 871 3216 et
883 3143 1029 3216 oliorum
1036 3143 1372 3237 consanguineorum
1379 3143 1528 3218 Liuloldi
1541 3141 1939 3235 abbatisddmuntensis,

539 3269 666 3344 allodia
683 3265 874 3342 Tovernich
891 3277 926 3340 et
948 3265 1141 3340 Chirchaim
1159 3289 1240 3340 cnm
1262 3267 1424 3342 omuibus
1445 3267 1660 3365 pertiuentiis
1679 3267 1764 3358 suis,
1785 3266 1941 3362 predium

540 3393 587 3468 ad
603 3393 752 3488 Segeriz,
766 3389 927 3486 predium
939 3388 986 3463 ad
1002 3389 1204 3482 chotnunz,
1223 3392 1260 3464 in
1273 3392 1441 3465 Gnessnw
1456 3400 1492 3464 et
1508 3391 1711 3480 Purolrstall,
1728 3391 1891 3486 predium
1901 3391 1943 3463 'in

540 3516 700 3590 Tobilaru
725 3525 760 3588 et
784 3513 1000 3586 Micheldorl.
1024 3514 1079 3586 lix
1107 3513 1202 3588 dono
1223 3514 1398 3588 Chunradi
1424 3513 1571 3588 secundi
1597 3513 1846 3610 archiepiscopi
1868 3535 1943 3610 pre·

540 3641 637 3715 dium
661 3636 891 3734 Rapotiudorl
913 3645 948 3711 et
974 3637 1257 3712 Guctinbrunnen
1283 3647 1319 3712 et
1343 3637 1472 3712 Aiohen
1501 3649 1537 3712 el
1564 3637 1641 3712 aliis
1673 3636 1945 3734 possessionibus

539 3761 755 3838 Maohthildis
777 3770 944 3834 motione.
966 3761 1021 3834 Ex
1041 3760 1134 3834 dono
1151 3760 1344 3836 Gebehsrdi
1365 3761 1614 3858 archiepiscopi
1633 3759 1796 3856 predium
1818 3761 1944 3834 Zemeu

540 3897 575 3962 et
591 3885 806 3960 altenhoven
824 3894 860 3956 et
873 3883 988 3976 Lelin,
1006 3884 1164 3980 predium
1183 3885 1229 3958 ad
1245 3885 1396 3974 Piswich
1410 3894 1446 3957 et
1461 3885 1498 3957 in
1517 3885 1652 3958 Zomiu.
1670 3885 1725 3957 Ex
1744 3883 1836 3958 dono
1854 3906 1946 3957 mar·

541 4011 675 4086 chionis
690 4009 828 4084 otokari
847 4019 882 4083 et
895 4011 971 4102 ejus
988 4007 1049 4080 lilii
1065 4007 1140 4082 Odo
1158 4007 1259 4082 ducis
1274 4009 1388 4106 alpem
1403 4008 1590 4082 Sohoverin
1612 4008 1659 4081 ad
1676 4007 1769 4082 idem
1787 4007 1943 4103 predium

540 4136 789 4232 pertinentem,
812 4131 988 4228 quidquid
1004 4132 1100 4228 apud
1114 4133 1260 4228 Grazlnp
1274 4143 1310 4204 et
1330 4133 1408 4206 Pnls
1429 4131 1572 4207 habeut.
1588 4133 1642 4206 Ex
1662 4131 1755 4206 dono
1772 4129 1944 4204 Gebhardi

541 4258 702 4356 predium
721 4257 932 4353 Tinleopnch
952 4267 988 4330 et
1006 4255 1189 4347 Aichdorl‚
1209 4255 1427 4331 Prailenvnrl
1451 4279 1531 4330 oum
1551 4255 1714 4330 omnibns
1733 4255 1946 4352 pertiuentiis

539 4405 672 4474 eorum,
690 4381 857 4477 quiequid
874 4379 968 4476 apud
984 4379 1142 4454 Gurueim
1163 4393 1197 4454 et
1214 4383 1348 4475 Weoge
1363 4392 1398 4455 st
1413 4383 1451 4454 in
1466 4383 1601 4456 Thauro
1614 4389 1731 4453 moute
1742 4379 1890 4470 habent,
1912 4388 1945 4451 et

540 4507 679 4582 Triobin
700 4527 780 4578 cum
796 4505 958 4580 omnibns
976 4505 1189 4601 pertinentiis
1216 4507 1307 4600 snio,
1326 4505 1444 4602 predia
1462 4505 1509 4580 ad
1530 4507 1620 4580 dnos
1643 4503 1777 4578 Grimin
1797 4513 1833 4577 ct
1853 4503 1945 4576 lliet-

538 4631 720 4724 mursdorl,
737 4629 912 4723 Pemdorl,
936 4631 1141 4726 Sigiosdorl,
1167 4631 1291 4724 Stude,
1310 4631 1527 4722 Streohowe,
1547 4631 1654 4705 Puhal
1681 4651 1762 4704 cnm
1786 4627 1947 4702 omnibus
