4288 5912
527 579 588 644 ³96
1028 575 1245 638 FlllliElllGl
1269 575 1444 640 securint
1747 575 1828 656 [aas.
1847 576 1933 638 1232

530 722 664 786 nostros
675 721 689 800 ‚‘
702 708 794 783 sicut
809 709 913 784 nobis
933 711 969 783 in
987 711 1157 807 presentia
1174 721 1289 784 nostra
1308 720 1342 784 ot
1359 711 1464 784 totius
1489 719 1605 783 nostre
1619 711 1714 784 curie
1728 711 1831 808 plene
1852 715 1933 784 con*

532 837 617 911 stitit
634 843 669 908 et
689 813 780 908 clare
797 834 964 930 legimus3
987 835 1189 930 quaomnia
1209 833 1419 930 temporibus
1440 856 1561 928 regum
1577 833 1727 908 felicium
1748 833 1936 932 predeces-

532 983 649 1036 sorum
667 968 860 1033 nostrorum
879 969 913 1032 et
936 979 1049 1054 usque
1069 980 1162 1031 nnnc
1181 957 1324 1056 pacifice
1346 958 1457 1032 tenuit
1476 968 1511 1033 et
1534 958 1700 1056 possedit.
1719 959 1886 1032 Volumus
1902 969 1936 1033 et

532 1107 696 1182 expresse
713 1082 918 1158 mandamus
931 1104 993 1179 per
1008 1091 1183 1177 presentes
1203 1091 1335 1158 nostras
1350 1082 1481 1156 litteras
1493 1103 1541 1156 ex
1557 1092 1651 1156 certa
1667 1092 1783 1158 nostra
1794 1083 1935 1158 suenda

533 1208 628 1305 qnod
646 1207 778 1282 dictum
802 1206 1046 1281 monasterium
1070 1215 1105 1280 et
1125 1206 1180 1279 sui
1198 1227 1412 1282 successores
1434 1205 1471 1278 in
1494 1215 1701 1302 perpetuum
1723 1227 1829 1302 super
1853 1227 1935 1302 pos-

533 1333 744 1408 sessionibus
759 1332 846 1416 suls,
866 1331 1062 1404 tenimentis
1076 1339 1112 1402 et
1129 1329 1344 1404 libertatibus
1360 1330 1397 1402 in
1414 1331 1530 1404 blunte
1544 1329 1695 1405 cavense
1709 1338 1743 1404 ct
1761 1330 1935 1404 Pomaricc

533 1480 575 1532 ac
596 1480 700 1554 super
722 1457 860 1548 juribus
888 1454 1105 1552 pasculandi,
1134 1453 1287 1550 aquandi
1311 1463 1346 1528 et
1371 1453 1593 1550 pernoctandi
1623 1475 1703 1526 oum
1728 1452 1935 1526 animalibus

532 1582 605 1656 suis
621 1603 662 1656 ac
678 1581 774 1674 ligna
792 1579 970 1656 incidendi
988 1601 1050 1676 pro
1068 1580 1273 1654 monastello
1287 1587 1321 1652 et
1337 1579 1500 1652 membris
1515 1579 1589 1652 suis
1605 1579 1642 1650 in
1660 1577 1831 1652 demoniis
1848 1587 1935 1652 terre

533 1706 691 1798 Genusii,
712 1728 780 1779 non
801 1706 998 1780 molestetur
1015 1702 1186 1790 indebite;
1207 1704 1300 1776 inmo
1318 1703 1479 1776 volumus
1495 1711 1531 1775 et
1547 1701 1687 1776 firmiter
1705 1701 1862 1776 fidelitati
1879 1711 1936 1777 tue

434 1811 439 1821 ⁸
532 1829 731 1905 mandendo
750 1829 959 1924 precipimus
976 1849 1023 1901 ex
1046 1835 1161 1902 nostra
1181 1827 1349 1922 imperiali
1366 1825 1600 1900 munificentia
1624 1835 1659 1899 et
1679 1833 1772 1900 certa
1795 1825 1936 1900 scientia

533 1962 703 2047 qnatenus
718 1953 749 2025 si
765 1975 834 2047 qua
852 1959 1011 2026 revocata
1029 1959 1111 2024 sunt
1126 1949 1172 2024 de
1187 1949 1368 2046 predictis,
1388 1950 1502 2024 statim
1519 1949 1753 2041 restituantur,
1771 1949 1863 2022 sicut
1875 1970 1936 2022 nos

533 2097 595 2172 per
610 2083 784 2172 presentes
801 2076 928 2150 litteras
946 2076 1006 2148 illa
1023 2075 1233 2150 restituimus
1251 2074 1343 2150 dicto
1359 2074 1566 2148 monasterio
1583 2083 1618 2148 et
1635 2072 1879 2148 confirmamus
1896 2095 1936 2146 ac

533 2199 579 2274 de
595 2221 687 2275 novo
702 2199 947 2292 concedimnsq
962 2209 1001 2272 ut
1022 2199 1161 2296 largitos
1180 2199 1366 2296 imperialis
1384 2199 1544 2274 culminis
1561 2209 1597 2272 et
1611 2197 1763 2272 mamma
1778 2198 1815 2270 in
1826 2187 1935 2272 'mnus

443 2348 446 2354 ¹
534 2323 772 2396 ecclesiasticis
787 2333 932 2398 tenetur.
955 2323 1084 2410 Quarto
1099 2322 1261 2412 octobris,
1281 2331 1379 2396 sexte
1392 2321 1589 2431 indictionis
1606 2323 1667 2418 (t).

580 2448 715 2534 Quibus
736 2448 882 2546 receptis
906 2457 941 2522 et
962 2449 1058 2522 lectis
1081 2471 1123 2522 ac
1144 2448 1320 2544 perlectis,
1344 2447 1586 2544 perspeximus
1605 2446 1707 2520 simul
1728 2468 1809 2520 cum
1827 2445 1936 2520 inira-

532 2571 666 2668 scriptis
687 2571 818 2646 notario
841 2581 875 2644 ct
892 2572 1035 2674 testibus
1054 2571 1163 2646 dictas
1190 2571 1319 2644 litteras
1344 2593 1420 2644 esse
1441 2570 1534 2643 omni
1559 2569 1762 2644 solennitate
1778 2570 1931 2644 vallatas.

533 2695 709 2770 Contracta
735 2718 830 2768 mora
857 2707 994 2792 propter
1018 2697 1209 2793 imperialia
1230 2695 1394 2784 servicia,
1416 2695 1537 2768 ultimo
1557 2695 1614 2768 die
1635 2695 1766 2768 mensis
1786 2696 1934 2788 januarii

534 2819 689 2914 ejusdem
708 2819 906 2893 indictionis
923 2821 1130 2894 contulimus
1147 2843 1210 2894 nos
1226 2819 1322 2917 apud
1340 2821 1489 2894 Mentem
1508 2822 1698 2900 Cevsosm
1716 2819 1777 2890 ubi
1795 2842 1933 2916 presen-

532 2943 625 3016 tibus
642 2943 918 3040 prudentissimis
931 2945 1015 3018 viris
1027 2945 1147 3038 judice
1160 2945 1326 3021 Gulielmo
1340 2946 1526 3020 camerario
1544 2943 1798 3018 communitatis
1811 2945 1935 3018 Montis

532 3067 693 3161 Caveosi,
717 3067 837 3162 judice
858 3069 1008 3164 Baptista
1034 3071 1079 3144 de
1098 3071 1275 3146 Pomarico
1296 3069 1480 3162 Petracba,
1507 3067 1690 3144 Benedicta
1715 3077 1750 3140 et
1769 3067 1934 3142 Gulielmo

532 3188 768 3285 imperialibus
790 3192 969 3286 judicibus
996 3193 1078 3266 dicti
1101 3195 1227 3268 Montis
1253 3195 1417 3285 Cavsosi,
1445 3203 1480 3268 ct
1508 3195 1638 3268 Ioanne
1664 3192 1710 3267 de
1735 3191 1931 3284 demendo,

532 3315 660 3388 Joanne
678 3314 808 3389 Ursone
832 3325 867 3390 et
888 3319 1061 3392 Bernardo
1082 3319 1208 3394 Montis
1234 3319 1344 3417 ipsius
1369 3328 1405 3394 et
1425 3319 1502 3394 aliis
1529 3317 1792 3414 quampluribus
1820 3317 1933 3413 probis

531 3439 636 3532 viris,
669 3439 843 3536 predictas
872 3441 999 3515 litteras
1024 3443 1061 3516 in
1090 3465 1210 3518 eorum
1239 3444 1409 3540 presentia
1430 3441 1498 3538 legi
1514 3442 1657 3516 fecimus
1674 3442 1720 3516 ad
1737 3439 1933 3538 petitionem

533 3563 664 3638 domini
685 3565 823 3638 loannis
845 3567 1051 3640 venerabilis
1076 3568 1210 3642 abbatis
1232 3569 1315 3644 dicti
1336 3567 1533 3642 monasterii
1552 3567 1667 3642 Sancti
1687 3563 1863 3640 Michaelis
1881 3589 1933 3640 ar·

533 3687 690 3784 changeii
718 3688 764 3762 de
781 3689 896 3764 blonte
914 3689 1077 3766 Caveoso.
1103 3691 1147 3766 Et
1166 3693 1249 3788 quia
1272 3694 1309 3768 in
1329 3691 1432 3766 dictis
1449 3693 1569 3766 litteris
1590 3691 1819 3766 mandabatur
1840 3689 1933 3786 qnod

533 3812 776 3886 monasterium
803 3812 993 3908 predictum
1018 3838 1086 3890 non
1112 3818 1382 3914 permitteremus
1407 3818 1444 3890 in
1469 3818 1586 3914 aliquo
1611 3817 1802 3904 molestari,
1825 3815 1887 3890 sed
1904 3814 1932 3887 si

533 3935 620 4031 quid
638 3944 727 4010 esset
742 3947 941 4012 revocatum
958 3961 1020 4036 per
1037 3940 1230 4038 imperiales
1246 3953 1480 4038 revocaturos,
1506 3943 1619 4016 eidem
1641 3939 1846 4014 monasterio
1863 3961 1932 4013 ras·

535 4059 658 4133 tituere
674 4061 885 4148 laceremus,
906 4063 1150 4159 inquisivimus
1169 4065 1352 4162 diligenter
1373 4068 1404 4142 si
1421 4069 1513 4144 circu
1530 4065 1683 4163 predicta
1703 4073 1792 4140 esset
1809 4085 1933 4138 mona-

536 4183 678 4256 sterium
695 4183 913 4278 destitutum3
935 4199 969 4262 et
985 4211 1062 4263 cum
1079 4191 1330 4266 invenissemus
1346 4193 1459 4290 ipsum
1475 4189 1718 4270 monasterium
1732 4209 1837 4285 super
1853 4187 1934 4284 qui-

572 4519 609 4591 (t)
623 4518 729 4576 Notatio
739 4517 800 4590 loci,
813 4537 882 4594 quae
890 4521 1023 4596 probabili
1032 4525 1183 4599 coniectura
1191 4527 1283 4585 debuit
1293 4543 1354 4586 esse
1364 4528 1464 4585 butum
1474 4527 1573 4602 cepe,
1586 4524 1714 4584 emtario
1725 4521 1933 4592 mnissaest3ds

537 4631 592 4691 quo
604 4631 659 4674 non
670 4617 810 4690 mirentur,
826 4633 888 4676 cum
901 4619 1042 4694 aliquando
1054 4623 1135 4682 edam
1153 4625 1277 4684 mandata
1299 4625 1447 4701 imperialia
1465 4640 1519 4683 non
1535 4624 1563 4682 in
1581 4623 1682 4696 intepu
1695 4619 1934 4692 memmasce

535 4713 604 4772 inira
618 4713 717 4788 pluries
730 4713 820 4773 ridere
831 4715 890 4772 erit.
