4308 5910
760 589 885 652 aborti
911 583 1098 648 SICILIAE.

627 881 837 956 TITULUS
861 880 1038 954 XXXVI.
1067 883 1117 951 lli
1141 875 1230 976 (lb).

699 1063 747 1132 Da
755 1061 923 1156 menapiis
930 1059 1080 1154 sopitioia
1092 1057 1153 1153 (a).

678 1258 903 1310 raannaron
930 1257 1182 1309 rnunnnrcus.

270 1415 445 1514 blaucipia
458 1415 622 1512 fugitiva,
638 1437 708 1512 que
726 1413 924 1490 constitutio
935 1413 1032 1510 rogia
1047 1435 1110 1510 per
1120 1413 1255 1506 bajulos
1265 1411 1311 1486 ad
1325 1433 1486 1506 magnam
1505 1414 1633 1486 curiam

223 1549 375 1614 nostram
389 1539 516 1616 dobere
530 1541 713 1616 transmitti
723 1539 911 1632 constituit,
923 1559 987 1612 nee
997 1537 1194 1634 quiddeais
1205 1535 1279 1610 lieri
1288 1535 1437 1610 debebat
1445 1537 1583 1633 statuit(
1604 1537 1631 1634 ),

222 1686 444 1762 perannum
473 1667 682 1764 precipimus
709 1664 927 1741 dominorum
956 1662 1147 1737 commodis
1180 1662 1351 1736 reservari
1382 1687 1391 1732 :
1423 1672 1462 1734 ut
1492 1661 1521 1734 oi
1547 1661 1635 1734 inira

222 1811 353 1862 annum
373 1791 404 1862 is
416 1791 525 1886 quise
538 1791 700 1888 legitimis
712 1788 929 1865 documentis
940 1787 1119 1862 domiuum
1136 1787 1284 1884 probare
1298 1785 1632 1882 potueritapparaut,

222 1914 423 2012 supradicta
448 1917 621 2012 mancipia
644 1916 677 1992 ei
703 1915 837 1990 restitui
861 1913 988 1988 debere
1011 1935 1211 2005 censemus,
1241 1912 1338 1986 salvo
1360 1913 1440 2006 jore
1465 1910 1562 2006 quod
1588 1933 1634 1984 ex
1719 1999 1723 2008 ,

224 2037 394 2138 [obtenta]
407 2041 516 2115 veteri
531 2040 782 2115 consuetudine
793 2037 939 2136 perinde
948 2038 1044 2112 curio
1055 2047 1170 2112 nostre
1184 2036 1348 2128 debetur;
1363 2035 1449 2110 alias
1460 2036 1490 2108 si
1503 2034 1633 2109 domini

223 2186 293 2238 non
320 2175 525 2261 appareant,
552 2166 698 2263 privatis
721 2165 847 2240 nostris
874 2164 1077 2238 utilitatibus
1103 2171 1335 2258 aggregentur
1361 2159 1419 2258 (c).
1445 2161 1635 2234 Statuimus

224 2285 330 2360 otiam
343 2296 383 2358 ut
399 2286 557 2360 inventas
569 2311 625 2361 res
642 2297 676 2362 et
689 2287 867 2386 pecunias,
883 2309 1031 2384 quarum
1045 2287 1119 2360 veri
1132 2296 1167 2360 et
1178 2285 1321 2382 legitimi
1339 2283 1554 2358 domininon
1571 2305 1632 2379 ap-

223 2419 396 2506 parentet
413 2432 501 2507 quas
516 2433 578 2508 per
592 2413 788 2487 inventores
806 2434 926 2486 aarum
938 2411 1136 2486 constitutio
1153 2410 1248 2506 regia
1265 2410 1312 2483 ad
1329 2431 1489 2503 magnam
1502 2409 1633 2482 curiam

225 2535 355 2609 debere
372 2531 497 2608 deleni
517 2536 729 2633 prescripsit,
758 2539 909 2612 locorum
935 2536 1060 2628 bajulis
1075 2535 1221 2608 sufficiat
1241 2533 1423 2626 assignari.
1449 2533 1520 2606 Nec
1539 2531 1632 2606 enirn

224 2680 356 2754 equum
373 2657 527 2734 vidimus
543 2669 582 2734 ut
596 2661 626 2734 is
643 2663 704 2757 qui
725 2662 798 2736 nolo
813 2661 895 2736 fidei
911 2683 982 2756 quo
994 2670 1142 2751 tenetur,
1158 2659 1253 2733 curie
1269 2669 1378 2732 totum
1391 2658 1488 2755 quod
1503 2657 1635 2730 invonit

224 2781 395 2878 assignat,
415 2793 553 2882 proptor
566 2784 672 2859 iidem
691 2807 791 2858 suam
805 2783 1065 2858 incommodum
1081 2783 1217 2877 sentiat,
1231 2793 1271 2856 ut
1288 2792 1431 2878 cogatur
1444 2780 1635 2855 invitusad

225 2908 358 2981 curiam
376 2919 542 2984 remotam
565 2910 682 2984 multis
709 2911 863 2985 locorum
884 2907 1056 2983 distantiis
1077 2907 1218 2982 forsitan
1238 2907 1406 2982 laborare.
1428 2907 1635 3002 Quicunque

225 3041 343 3105 autom
356 3053 412 3106 res
426 3033 585 3108 iuventas
603 3033 803 3127 hujusmodi
821 3033 947 3126 bajulis
960 3033 1085 3107 nostris
1099 3054 1170 3106 non
1181 3031 1452 3127 assignaverint,
1482 3031 1635 3124 ctbajuli

225 3157 332 3230 ctiam
345 3158 453 3232 nostri
470 3159 531 3254 qui
546 3159 737 3254 assignatas
753 3157 816 3258 [ad
834 3159 966 3233 curiam
984 3161 1154 3248 nostram]
1174 3180 1244 3231 non
1257 3157 1429 3248 miserint,
1450 3157 1531 3230 lorti
1547 3179 1636 3254 pena

228 3279 367 3380 [nostro
385 3283 497 3356 orario
514 3283 693 3360 inlerenda
711 3306 774 3381 pro
788 3280 898 3382 certo]
915 3284 1074 3358 noverint
1091 3305 1130 3357 sc
1142 3284 1215 3357 lore
1226 3282 1455 3358 damnandos.

625 3563 832 3639 TITULUS
856 3566 1050 3639 XXXVII.
1079 3571 1121 3652 Ις
1146 3563 1237 3662 (lli).

751 3747 797 3817 De
811 3745 1115 3840 prescriptioaibto.

773 3947 870 3996 IDE!
896 3945 1097 3996 nonnosus.

279 4099 407 4172 Duram
420 4099 707 4176 cousuetudinem
722 4111 756 4176 et
778 4079 1020 4197 iniquumque
1039 4100 1129 4172 circa
1143 4097 1407 4194 proscriptiones
1419 4097 1455 4170 in
1466 4095 1641 4192 aliquibus

230 4221 328 4316 regni
337 4223 445 4297 nostri
458 4225 614 4322 partibus
624 4225 814 4319 obtinebat,
825 4226 861 4299 in
872 4234 1049 4322 postorum
1062 4223 1163 4297 silere
1172 4223 1395 4320 precipimus,
1407 4231 1441 4296 ct
1448 4230 1640 4318 presentem

231 4346 342 4442 legem
367 4348 459 4424 cirea
483 4351 578 4447 ipsas
602 4350 820 4444 inducimus,
848 4351 1010 4426 omnibus
1030 4350 1107 4423 aliis
1129 4349 1194 4446 ipsi
1224 4348 1402 4424 contrariis
1423 4348 1512 4422 inter
1541 4346 1639 4441 regni

275 4523 319 4604 (a)
339 4525 475 4589 Gmca:
495 4525 576 4606 Quid
586 4529 638 4611 opi
649 4525 749 4590 debent
761 4527 984 4611 oomsopitiuor
996 4545 1088 4591 ravos
1100 4527 1339 4590 struinam.

274 4629 316 4711 (i)
338 4632 375 4694 ln
389 4633 456 4696 cod.
473 4641 550 4696 toas
564 4632 665 4697 oleat
676 4633 824 4700 ambibit.

281 4737 321 4820 (e)
344 4742 380 4802 In
392 4741 461 4804 cod.
475 4750 553 4804 ⁴6²5
565 4739 758 4823 applicantur.
