4360 5908
527 589 588 652 312
1022 581 1238 646 FlllllElllCl
1265 581 1440 644 secono!
1753 583 1833 662 [Asa.
1852 581 1938 645 1232

527 726 635 802 nostri
658 747 700 798 ea
722 719 960 796 tautummodo
976 721 1136 794 Venetiae
1156 719 1312 794 delerant
1331 719 1377 794 ad
1397 719 1622 794 mercandum
1639 741 1710 815 que
1725 730 1883 794 ementur
1904 718 1942 791 in

527 873 648 946 reguo.
667 847 722 922 td
739 848 806 920 hoc
819 843 986 918 addentes
998 841 1221 919 concedimus
1234 855 1275 917 ut
1287 845 1317 917 si
1330 843 1474 941 quando
1489 855 1608 918 contra
1620 845 1768 919 Venetos
1782 844 1819 916 in
1832 864 1941 936 regno

527 985 644 1050 nostro
657 970 874 1069 querimonia
892 969 1126 1066 deponuntur,
1143 969 1292 1043 tertiaria
1306 971 1364 1044 vel
1380 969 1523 1065 aliquod
1540 991 1611 1043 non
1625 970 1788 1064 exigatur
1805 979 1944 1066 propter

529 1100 598 1174 hoc
614 1099 659 1173 ab
679 1098 731 1172 eis
751 1119 817 1170 nec
839 1094 983 1192 aliquod
1007 1093 1173 1168 damnum
1196 1093 1370 1190 patiantur
1391 1093 1456 1190 (a).
1483 1095 1652 1168 Prescntis
1673 1115 1814 1190 qnoque
1838 1092 1945 1189 privi-

531 1225 613 1320 legii
635 1221 836 1297 auctoritate
862 1218 1069 1294 mandamus
1092 1227 1265 1314 quatenus
1287 1219 1317 1292 si
1338 1219 1518 1312 contigerit
1536 1219 1689 1314 aliquam
1711 1219 1858 1291 navium
1879 1219 1946 1290 Ve-

530 1356 689 1420 netarnm
710 1347 767 1420 vel
789 1344 936 1440 deipsis
959 1344 1099 1438 Venetis
1123 1343 1387 1439 undecumque,
1411 1344 1708 1438 qualitercumque
1734 1365 1815 1416 cnm
1841 1342 1946 1416 rebus

531 1473 605 1547 suis
629 1471 726 1566 regui
750 1480 866 1568 partes
889 1469 1108 1562 attingerint,
1129 1489 1351 1564 quocumque
1371 1489 1455 1542 casu
1477 1470 1535 1542 vel
1562 1468 1750 1542 inlortunio
1775 1468 1812 1540 in
1829 1467 1946 1562 aliquo

531 1597 608 1672 loco
624 1596 723 1692 regni
741 1595 860 1668 subire
877 1594 1109 1687 naufragium,
1125 1593 1341 1667 Veneticum
1357 1593 1519 1667 omnibus
1534 1593 1641 1666 rebus
1659 1615 1748 1688 quas
1764 1592 1946 1666 extrahere

534 1731 569 1796 et
591 1721 725 1795 salvaro
751 1727 950 1815 potuerunt,
972 1719 1061 1792 salvi
1077 1718 1146 1790 siut
1173 1726 1208 1790 et
1229 1717 1431 1809 indemnes,
1451 1717 1619 1792 habentes
1635 1739 1657 1790 a
1673 1717 1798 1810 bajulis
1823 1716 1947 1789 uostris

533 1847 689 1920 locorum
708 1844 745 1915 in
764 1843 892 1938 quibus
911 1842 1006 1915 idem
1025 1863 1127 1915 casus
1143 1843 1303 1935 evaserit,
1319 1841 1515 1916 subsidium
1530 1853 1565 1915 et
1588 1845 1754 1916 savorem.
1771 1839 1828 1914 Ad
1843 1841 1947 1935 hujus

535 1967 1350 2066 itaqueoonoessionismemoriametperpetuam
1360 1965 1948 2064 firmitatem,presensprivilegium

538 2093 660 2168 lieriet
681 2093 777 2165 bulla
789 2113 897 2165 aurea
909 2091 1043 2188 typario
1057 2099 1175 2164 nostre
1193 2093 1381 2186 majestatis
1393 2093 1559 2190 impressa
1569 2093 1736 2188 jussimus
1750 2089 1918 2186 insigniri.

585 2221 696 2312 liujus
727 2225 843 2290 autem
871 2217 922 2289 rei
948 2225 1050 2289 testes
1078 2224 1159 2288 suut
1189 2243 1198 2287 ι
1223 2215 1429 2292 Bartholdus
1461 2217 1655 2315 patriarcha
1683 2215 1945 2312 AquilegensiS,

534 2345 576 2419 Ε.
610 2340 919 2436 Babinbergensis,
1041 2341 1304 2414 Wormaticnsis
1327 2341 1499 2438 episcopi,
1529 2341 1699 2432 Saxonis,
1735 2340 1885 2416 limenio
1914 2347 1949 2412 et

538 2467 716 2543 Kerinthie
740 2465 866 2557 ducas,
892 2465 1109 2558 lantgravius
1136 2467 1318 2561 Turiugie‚
1349 2487 1464 2540 eomes
1492 2469 1535 2538 H.
1561 2465 1607 2541 dc
1632 2465 1857 2558 Hortomberg
1881 2461 1945 2558 (b),

538 2615 653 2667 comes
677 2593 784 2682 Saue,
804 2590 956 2662 marchio
978 2589 1024 2663 de
1048 2590 1259 2684 Foemburg,
1280 2591 1433 2665 marchio
1450 2591 1592 2684 Lancia,
1620 2589 1814 2664 Giordenus
1834 2589 1948 2662 Filan·

539 2739 644 2814 geras
670 2712 942 2804 mareschalcus,
964 2712 1137 2788 Tebaldus
1158 2715 1373 2810 Francisius,
1392 2715 1580 2791 lliccardns
1596 2717 1822 2804 camerarius,
1842 2713 1950 2788 etalii

536 2842 770 2938 quamplures.
1109 2821 1111 2838 ¹

588 2967 733 3060 Signum
757 2963 888 3038 domini
911 2963 1067 3036 Foderici
1085 2963 1245 3058 secundi,
1267 2965 1329 3038 Dei
1353 2965 1464 3060 gratia
1485 2964 1704 3039 illustrissimi
1720 2966 1948 3039 Romanorum

539 3087 756 3186 imperatoris
772 3110 907 3184 semper
922 3089 1074 3184 augusti,
1096 3089 1311 3163 Hierusalem
1329 3099 1364 3163 et
1381 3089 1495 3164 Sicilie
1510 3091 1613 3186 regis.

587 3215 664 3308 Ego
682 3213 831 3287 Siiridus
848 3213 1106 3309 Ratisponensis
1123 3215 1309 3311 episcopus
1324 3213 1509 3312 imperialis
1525 3215 1605 3290 aule
1616 3214 1852 3307 cancellarius,
1868 3213 1950 3287 vice

543 3337 675 3414 domini
695 3337 902 3412 venerabilis
924 3336 972 3435 (c)
993 3339 1204 3414 Coloniensis
1220 3339 1485 3437 archiepiscopi,
1509 3340 1697 3438 imperialis
1718 3341 1755 3412 in
1777 3340 1874 3413 ltalia
1895 3361 1950 3413 ar·

540 3463 806 3556 chicancellarii,
827 3463 1026 3557 recognovi.

591 3589 675 3662 Acta
700 3597 780 3661 suut
808 3587 874 3660 hcc
898 3609 990 3660 anno
1014 3586 1187 3662 dominice
1217 3589 1461 3664 incarnationis
1481 3591 1529 3664 M.
1553 3588 1616 3662 CC.
1638 3585 1812 3688 XX[X]ll‚
1835 3607 1952 3661 mense

543 3714 674 3806 martii,
696 3711 885 3786 indictione
902 3713 1039 3807 quinta,
1069 3713 1259 3810 imperante
1286 3713 1427 3789 domiuo
1454 3723 1569 3790 nostro
1589 3716 1753 3790 Foderico
1777 3713 1949 3806 secundo,

540 3839 602 3912 Dei
626 3838 736 3934 gralia
757 3837 981 3910 invictissimo
999 3839 1228 3912 Romanorum
1253 3839 1459 3936 imperatore
1480 3863 1617 3937 semper
1640 3849 1807 3936 angusto,
1828 3839 1951 3912 Hieru-

542 3963 646 4036 salem
666 3971 700 4036 et
717 3962 832 4036 Sicilie
854 3983 957 4054 rege,
979 3984 1071 4035 auno
1089 3963 1233 4036 llomaui
1254 3964 1389 4061 imperii
1411 3965 1486 4058 ejus
1510 3965 1736 4054 duodecimo,
1757 3965 1854 4061 regui
1873 3963 1953 4038 Hie-

542 4087 692 4158 rusalem
710 4087 870 4180 septimo,
888 4085 986 4180 regni
1005 4085 1118 4158 Sicilie
1135 4087 1306 4178 ΧΧΧΙΙΙΙ,
1327 4089 1481 4163 feliciter.
1497 4090 1620 4164 Amen.

591 4209 716 4283 Datum
731 4211 901 4300 Venetiis,
922 4231 1026 4302 auno,
1047 4231 1178 4299 mense,
1197 4211 1385 4288 indictione
1403 4217 1655 4312 suprascriptis.

584 4400 629 4483 (a)
649 4403 708 4480 Ap.
722 4403 864 4463 Fantuzzl
876 4419 928 4463 nee
939 4399 1040 4486 aliqum
1052 4400 1158 4464 nodam
1165 4405 1313 4484 patiatur,
1325 4407 1413 4468 male

584 4505 626 4588 (o)
648 4507 827 4570 Bochmorus
842 4507 965 4592 (depost.
980 4511 1096 4590 imper„
1111 4527 1141 4589 p.
1159 4521 1230 4588 1⁵2,
1243 4512 1352 4593 mtto)
1367 4514 1415 4576 hls
1427 4513 1522 4590 addit,
1535 4531 1596 4594 qua
1608 4515 1757 4580 nesclmm
1768 4517 1953 4592 aucmrtnte,

544 4629 633 4674 comer
642 4613 682 4673 H.
695 4611 730 4674 de
749 4613 952 4700 Waldcabarq,
963 4613 1143 4696 helmodus
1156 4615 1191 4679 de
1202 4617 1423 4703 Leacdtmderp.

585 4719 622 4802 (c)
648 4722 704 4799 Ap.
717 4721 857 4786 antuzrl
869 4725 992 4799 amerii,
1007 4726 1095 4788 male.
