4308 5910
444 559 501 619 110
969 553 1323 620 cousslsutloltlte

441 690 598 766 lrundem
614 688 779 764 adhibeat
801 699 862 764 ant
877 691 1058 786 segnitiem
1075 691 1307 780 manifestam,
1323 687 1380 764 vel
1394 685 1492 782 quud
1508 685 1633 760 melius
1649 686 1849 783 potueritne

442 814 628 890 defendere
646 835 711 889 nec
729 823 799 888 tam
815 815 884 888 cito
902 815 939 888 in
959 815 1169 890 recludentis
1184 814 1231 912 (u)
1252 835 1376 889 vocem
1399 831 1581 909 erumpere
1596 809 1797 885 debuisset:
1817 811 1847 884 si

439 938 582 1034 quidem
600 939 630 1011 is
646 959 710 1033 pro
725 959 796 1034 quo
812 949 944 1034 pugnat
960 949 1141 1014 accusatus
1157 939 1324 1032 extitedt,
1350 958 1432 1012 cnm
1456 936 1487 1009 si
1507 956 1627 1032 pugne
1646 935 1848 1008 succumbat

441 1063 527 1137 mori
549 1063 691 1154 debeat,
719 1071 757 1134 ut
783 1071 863 1158 pote
877 1085 957 1138 rens
975 1063 1115 1138 babitus
1133 1062 1287 1137 criminis
1304 1059 1493 1156 majestatis
1514 1059 1573 1134 vel
1594 1058 1641 1132 de
1660 1057 1847 1132 homicidio

441 1187 609 1260 absconso
623 1186 820 1278 convictus,
839 1187 974 1282 cumpio
989 1187 1146 1261 similiter
1162 1187 1355 1283 pericnlum
1373 1185 1492 1260 modis
1509 1183 1672 1256 incurrat.
1690 1181 1844 1256 Ceterum

440 1309 470 1380 si
497 1305 527 1380 is
554 1329 618 1403 pro
642 1329 712 1402 quo
735 1318 866 1404 pugnat
890 1319 1046 1400 accusat,
1063 1311 1146 1406 qnia
1176 1309 1327 1384 dolorem
1350 1310 1483 1401 iustum
1508 1305 1726 1402 prosequitur
1751 1315 1846 1401 pater

440 1433 524 1505 lorte
541 1434 598 1505 vel
617 1441 726 1506 mater
741 1443 803 1506 eut
817 1431 910 1507 filins
927 1433 974 1509 de
986 1443 1096 1508 morte
1114 1454 1274 1524 suornm,
1292 1431 1353 1528 qni
1370 1430 1563 1504 succumbit
1576 1430 1614 1502 in
1630 1452 1747 1524 pugne
1760 1430 1844 1502 mori

438 1578 507 1630 non
525 1556 648 1649 debet,
668 1579 747 1630 cum
766 1579 831 1631 nce
854 1557 901 1630 ad
924 1579 1078 1656 pugnam
1101 1558 1219 1630 luisset
1239 1557 1412 1631 admissus
1433 1555 1501 1630 uisi
1522 1553 1605 1649 qniu
1626 1555 1740 1648 ipsum
1760 1553 1842 1644 justi

438 1683 566 1756 doloris
581 1683 730 1777 impetus
745 1690 780 1755 et
795 1682 1001 1757 indiciorum
1019 1682 1279 1780 precedentium
1294 1682 1450 1779 probatio
1464 1679 1690 1756 admiserunt.
1705 1679 1844 1772 Campis

437 1816 570 1878 tuntum
590 1828 731 1878 manum
750 1806 902 1901 amittat,
921 1830 1026 1904 quam
1047 1809 1209 1903 exigente
1229 1807 1382 1900 legitima
1407 1827 1496 1907 pena
1522 1804 1681 1900 perjurii,
1701 1803 1845 1898 quilibet

439 1931 529 2003 alius
546 1931 692 2004 scienter
707 1933 868 2027 perjurus
885 1931 1226 2006 amittatllidebntnr
1242 1931 1368 2005 etenim
1384 1929 1528 2028 impium
1545 1930 1580 2002 in
1596 1951 1678 2003 casu
1695 1928 1842 2024 presenti

438 2055 574 2150 capitali
584 2055 754 2150 supplicio
767 2057 947 2148 subjacere
960 2057 1189 2152 campionem,
1207 2077 1287 2130 cnm
1301 2055 1331 2127 is
1345 2055 1445 2148 cnjus
1461 2075 1601 2128 causam
1612 2053 1844 2148 principaliter

440 2180 529 2274 agit,
556 2201 619 2275 per
642 2199 760 2252 casnm
785 2201 888 2253 sunm
909 2179 1064 2276 periculo
1088 2179 1210 2276 capitis
1231 2201 1301 2253 non
1321 2177 1535 2252 succumbet.
1552 2177 1591 2248 ln
1618 2177 1761 2250 crimine
1786 2187 1842 2249 tu-

438 2325 519 2376 men
536 2305 606 2376 lese
621 2303 809 2396 majestatis
826 2313 1058 2378 accusatorem
1074 2303 1177 2377 etiam
1197 2303 1310 2398 quiin
1327 2323 1445 2398 pugna
1465 2300 1684 2388 succumbat,
1703 2301 1793 2374 siout
1809 2311 1843 2373 cl

438 2450 536 2502 reum
551 2427 581 2502 si
593 2427 832 2502 succubuisset
846 2429 884 2500 in
901 2451 961 2520 ea,
985 2429 1106 2502 ultimo
1118 2427 1288 2524 supplicio
1306 2427 1545 2522 subjugamus.

896 2742 1099 2816 TITULUS
1124 2744 1198 2816 XL.
1226 2748 1262 2816 M
1287 2741 1376 2842 (tu).

789 2920 842 2991 Be
861 2918 1020 3013 qualitate
1036 2929 1067 2990 et
1084 2931 1170 2994 etute
1186 2933 1406 3017 ptrpuulcmtm
1423 2921 1481 3020 (b).

978 3120 1068 3168 tun
1094 3119 1292 3172 accustus·

483 3275 773 3350 Consuetudinem
792 3299 934 3372 pravum
952 3287 986 3350 et
1000 3300 1022 3350 a
1038 3278 1173 3352 tramite
1186 3279 1328 3352 rationis
1343 3279 1527 3374 cujuslibet
1541 3279 1700 3373 alienam,
1721 3280 1839 3375 quein

434 3421 541 3494 regno
560 3409 676 3474 nostro
693 3400 843 3473 obtinuit
858 3400 1038 3491 hactenus,
1056 3402 1213 3476 funditus
1229 3403 1455 3499 extirpentes,
1473 3403 1656 3476 statuimus
1677 3413 1716 3475 ut
1736 3404 1839 3498 isqui

430 3523 490 3596 alii
508 3545 662 3620 pugnam
680 3525 856 3614 obtulerit,
878 3525 915 3596 in
930 3523 985 3598 his
1004 3525 1143 3599 casibus
1165 3527 1202 3599 in
1222 3527 1351 3622 quibus
1375 3536 1427 3600 est
1445 3548 1563 3622 pugne
1584 3526 1758 3619 judicium
1782 3547 1839 3600 re·

429 3658 622 3740 servotum,
640 3649 743 3742 juxte
761 3647 991 3722 conditionem
1015 3659 1050 3722 et
1066 3649 1267 3746 qualitatem
1291 3649 1383 3724 illim
1405 3671 1561 3746 pugnare
1585 3649 1709 3726 debeat
1736 3671 1837 3746 quem

428 3773 636 3847 convincere
648 3795 712 3869 per
729 3773 879 3847 oblatam
904 3796 1058 3870 pugnum
1086 3773 1246 3862 intendit,
1267 3797 1337 3850 non
1356 3785 1396 3848 nt
1408 3777 1489 3850 olim
1508 3777 1555 3851 ud
1572 3777 1772 3850 electionem
1795 3776 1838 3846 il-

429 3895 496 3968 lius
514 3897 576 3992 qui
594 3898 704 3994 ipsum
725 3920 881 3994 pugnam
904 3897 1066 3971 obtulerit
1082 3897 1155 3972 lieri
1174 3899 1312 3974 debere.
1330 3899 1551 3974 Premeditari
1569 3921 1719 3996 numque
1737 3899 1840 3974 debet

427 4020 588 4114 primitus
605 4033 784 4095 aecusator
801 4031 836 4095 et
853 4043 970 4095 secum
987 4044 1155 4120 perpensa
1172 4023 1418 4098 deliberatione
1434 4046 1577 4121 pensare
1590 4025 1669 4119 quis
1681 4033 1717 4097 et
1727 4024 1839 4119 qualis

426 4143 632 4218 conditionis
648 4147 775 4220 exbtat
795 4147 825 4219 is
842 4146 898 4219 cui
921 4167 1073 4244 pugnem
1092 4147 1238 4222 intendit
1252 4149 1394 4236 offerre,
1415 4159 1451 4222 et
1466 4171 1547 4222 reus
1563 4149 1624 4244 qui
1643 4151 1796 4222 levorem
1817 4169 1838 4220 a

422 4269 502 4359 jure
522 4271 711 4365 promeruit
728 4279 763 4342 et
780 4281 892 4367 preter
910 4293 1007 4368 spem
1026 4293 1163 4346 omnem
1187 4271 1233 4346 ad
1248 4293 1367 4372 pugne
1388 4273 1610 4370 dispendium
1632 4271 1833 4364 advocatur,

467 4473 511 4554 (u)
533 4473 606 4536 Cod.
622 4484 703 4537 ⁴6²5
717 4475 751 4536 t‘u
763 4473 935 4552 reecduttt'e,
949 4477 1049 4539 minua
1069 4484 1158 4541 mu.
1179 4477 1469 4555 oudelricum
1487 4481 1519 4540 ln
1538 4475 1761 4550 monomachia,
1771 4473 1838 4536 vide

424 4581 567 4643 Cancrum
580 4581 619 4642 ad
633 4581 717 4645 verb.

465 4685 506 4767 (a)
527 4687 659 4752 mace:
685 4689 811 4770 cajum
828 4687 1091 4774 ιιιιιιιιιιιιςιιιιι
1109 4689 1663 4776 mummolum
1677 4689 1833 4770 ιιῳιιιιιι.
