4308 5910
1032 552 1389 624 CONSXITUTIONES

907 839 1113 928 TITULUS
1137 841 1315 918 XXXIV.
1343 849 1394 918 11⁸
1419 843 1508 943 (13).

938 1005 985 1077 De
1001 1007 1106 1078 seroie
1118 1016 1149 1078 et
1165 1006 1299 1080 audilis
1311 1007 1473 1101 [npitbr'r.

1029 1189 1101 1240 anx
1127 1190 1380 1243 solbamus.

556 1332 681 1404 Servos
697 1337 731 1403 et
748 1329 890 1404 ancillas
911 1349 1031 1404 omnes
1053 1329 1218 1426 fugitivos
1233 1332 1279 1405 ab
1294 1332 1411 1428 aliquo
1430 1336 1507 1432 oapi
1533 1332 1735 1430 generaliter
1756 1331 1914 1406 omuibus

510 1453 750 1551 prohibemus,
771 1454 839 1528 nisi
857 1463 974 1552 captos
985 1478 1091 1551 quam
1108 1456 1211 1529 eitius
1223 1459 1397 1553 potuerint
1410 1458 1551 1534 domino
1562 1480 1627 1532 suo
1643 1458 1840 1550 restituant,
1859 1459 1913 1532 vel

506 1581 534 1652 si
554 1579 734 1653 dominum
752 1579 1003 1674 ignoraverint,
1022 1580 1148 1674 bajulis
1159 1583 1255 1656 curie
1272 1593 1387 1657 nostre
1404 1584 1599 1678 assignent3
1617 1591 1653 1658 et
1669 1583 1778 1676 baiuli
1791 1602 1915 1678 magne

508 1706 603 1778 curie
621 1713 736 1778 nostre
753 1704 985 1779 transmittant
999 1705 1160 1796 eosdem;
1183 1707 1301 1780 scituri
1317 1707 1413 1804 quud
1429 1709 1640 1804 quicumque
1653 1706 1782 1781 amodo
1798 1708 1914 1803 aliquo

506 1829 611 1902 modo
632 1851 773 1902 servum
799 1829 949 1924 aliquem
973 1831 1031 1904 vel
1053 1830 1213 1903 ancillam
1231 1832 1413 1928 fugitivam
1435 1854 1558 1929 capere
1579 1833 1636 1906 vel
1658 1831 1916 1928 quomodolibet

509 1953 926 2052 detinerepresumpserit,
940 1955 1015 2052 ipse
1025 1977 1105 2028 enm
1118 1956 1281 2030 omnibus
1293 1957 1394 2032 bonis
1406 1958 1480 2032 suis
1494 1978 1583 2054 pene
1596 1957 1692 2030 curie
1703 1955 1912 2050 subjacebit,

509 2079 653 2173 bajulis,
671 2079 737 2153 nisi
753 2101 879 2174 magne
897 2080 992 2154 curie
1009 2091 1125 2155 nostre
1137 2081 1402 2176 transmiserint,
1420 2083 1578 2158 eamdem
1594 2103 1719 2180 penum
1732 2081 1864 2156 laturis.

918 2371 1124 2445 TITULUS
1148 2371 1301 2446 XXXV.
1330 2373 1377 2445 ΙΔ
1401 2369 1491 2467 (tt).

860 2537 907 2607 lle
928 2539 1070 2630 peram
1095 2539 1227 2611 inoeotu
1248 2540 1286 2611 in
1309 2539 1407 2610 rebare
1433 2537 1565 2610 menis.

1114 2723 1204 2773 rnnrr
1229 2725 1315 2775 nux.

557 2861 744 2937 Peonuiam
757 2863 788 2935 si
802 2863 881 2958 quis
898 2863 1084 2954 invenerit,
1106 2887 1229 2938 aurum
1246 2867 1302 2940 vel
1316 2875 1510 2961 argentum,
1528 2863 1662 2961 lapides
1680 2863 1846 2961 pretiosos
1858 2862 1917 2936 vel

509 2987 681 3082 quaslibet
697 3009 753 3061 res
770 2989 856 3062 alias
870 3010 941 3084 que
958 3010 1022 3062 sue
1037 3011 1107 3062 non
1127 2990 1214 3079 sint,
1233 2987 1462 3088 [animalibus
1476 2990 1633 3086 exeeptis
1650 2987 1837 3083 dequibus
1857 2984 1918 3060 fiat

509 3111 598 3184 siout
608 3111 865 3208 preordinatum
879 3113 967 3211 est(t
978 3113 1008 3206 ),
1028 3111 1208 3212 inventor]
1219 3115 1411 3208 justitiariis
1424 3115 1610 3190 nostrisvel
1626 3113 1753 3208 bajulis
1764 3113 1916 3210 ipsarum

510 3237 659 3332 partium
682 3237 796 3311 statim
814 3238 988 3330 ostendat,
1007 3247 1043 3313 et
1065 3239 1141 3314 sine
1164 3237 1327 3314 dilatione
1345 3243 1491 3336 ipsemet
1515 3239 1561 3314 ad
1584 3259 1743 3334 magnum
1766 3247 1916 3310 nostram

512 3362 643 3434 curiam
665 3361 795 3436 delerat
816 3371 850 3436 et
873 3363 1045 3458 assignet3
1077 3365 1229 3459 alioquin
1251 3365 1382 3461 etipse
1405 3366 1487 3438 furti
1506 3386 1596 3461 penu
1614 3363 1799 3437 tenebitur.
1824 3363 1918 3435 Scire

511 3487 638 3560 etenim
648 3485 752 3560 debet
760 3489 1228 3582 unnsquisqueinventiones
1239 3511 1360 3565 omnes
1370 3491 1468 3586 regni
1480 3489 1586 3564 nostri
1599 3511 1746 3584 quarum
1758 3487 1918 3562 dominus

510 3632 580 3684 non
595 3613 804 3708 apparuerit,
819 3611 867 3686 ad
882 3611 1003 3686 lissum
1017 3613 1208 3710 specialiter
1222 3615 1406 3711 pertinere.
1419 3615 1532 3690 Pietas
1545 3615 1639 3690 enim
1649 3623 1765 3689 nostra
1779 3621 1919 3710 propter

510 3737 668 3810 absentes
685 3737 950 3812 misericorditer
968 3739 1085 3812 statuit
1097 3761 1151 3812 res
1167 3740 1277 3835 ipsas,
1298 3750 1481 3836 postquam
1496 3739 1543 3813 ud
1558 3761 1682 3813 manus
1694 3747 1808 3812 nostre
1824 3739 1918 3811 curie

497 3863 748 3956 pervenerint,
775 3884 888 3958 usque
909 3863 955 3936 ad
971 3885 1102 3936 annum
1120 3865 1328 3958 completum
1346 3885 1408 3960 per
1427 3885 1466 3938 se
1484 3883 1707 3952 conservare,
1735 3872 1775 3934 ut
1792 3862 1822 3934 si
1839 3861 1918 3957 quis

512 3989 599 4061 sorte
613 3987 701 4060 intra
717 4009 846 4062 annum
863 3989 997 4062 venerit
1017 3998 1053 4061 et
1069 3987 1115 4061 de
1132 3988 1235 4061 rebus
1251 3989 1335 4085 ipsis
1354 3989 1487 4086 aliquas
1509 4011 1590 4064 suas
1613 3989 1685 4062 lore
1702 3987 1914 4083 probaverit,

513 4111 608 4207 quod
626 4134 727 4186 suum
749 4115 852 4186 luerit
875 4121 1128 4207 consequatur;
1148 4115 1320 4210 alioquin,
1337 4124 1415 4211 post
1430 4123 1640 4188 transactum
1660 4136 1791 4188 aunum
1815 4111 1916 4186 fissa-

511 4235 604 4307 libus
620 4236 823 4310 utilitatibus
838 4237 1064 4312 ascribantur.

547 4492 583 4567 (l)
601 4491 759 4552 constitutio
771 4499 860 4552 tamen
874 4495 908 4552 de
920 4493 1080 4553 animalibus
1090 4495 1206 4554 inventis
1222 4511 1277 4555 non
1295 4495 1346 4554 uisi
1364 4495 1415 4552 sub
1430 4493 1507 4553 titulo
1521 4495 1576 4555 llll
1592 4494 1673 4568 hujus
1689 4493 1750 4551 iibri
1760 4493 1917 4568 uouoipitnr.

511 4591 588 4650 Unde
599 4591 772 4665 marginalem
782 4597 872 4652 nomm
885 4592 913 4650 in
931 4597 1034 4652 textum
1048 4593 1139 4668 inepte
1149 4593 1289 4669 irrepsisse
1301 4591 1447 4653 eredimus.
1456 4591 1531 4663 Quas
1546 4592 1646 4652 additio
1657 4593 1685 4650 in
1704 4591 1763 4651 oud
1778 4595 1848 4650 itit
1861 4607 1918 4649 om·

507 4689 570 4746 nino
586 4688 670 4748 deest.
