4288 5912
505 540 568 602 ott
1008 545 1222 610 tttttuutttct
1251 547 1424 610 secutor
1724 549 1805 629 [Arta.
1824 551 1909 614 lasa

509 676 585 772 ipsa
605 675 799 772 provisione
819 677 855 749 in
873 679 968 752 nullo
986 681 1146 755 videatur
1161 685 1262 758 nobis
1280 707 1302 758 a
1319 685 1409 758 mole
1424 683 1684 758 commissorum
1708 707 1913 759 exooesuum

509 800 720 874 satisfactum
733 821 797 874 neo
812 803 856 876 de
870 813 985 878 nostro
1001 816 1036 878 et
1049 809 1183 902 imperii
1200 809 1561 910 honore'aliquutsnus
1574 809 1772 902 cogitatum,
1789 811 1916 882 mirum

511 923 642 1020 geritur
663 925 692 996 si
714 935 867 998 vestrum
892 931 1071 1002 consilium
1094 932 1177 1005 huic
1202 935 1350 1028 potuerit
1370 929 1547 1028 processui
1568 933 1780 1008 concordari.
1803 935 1916 1018 Quare

511 1049 848 1144 circumspectionem
866 1061 1016 1126 vestram
1040 1065 1167 1128 attente
1185 1077 1351 1152 rogamus
1366 1067 1536 1152 quatenus
1558 1078 1699 1153 precum
1722 1067 1916 1132 nostrarum

511 1183 547 1246 et
566 1172 758 1246 dilectionis
784 1175 911 1248 iutuitu
932 1199 1036 1273 super
1053 1180 1096 1252 iis
1113 1181 1282 1256 benevolo
1303 1181 1514 1278 pmvideatis
1536 1183 1653 1255 lavore
1675 1181 1771 1276 quod
1792 1183 1915 1256 bonori

513 1297 681 1390 Ecclesia,
702 1309 816 1372 nostro
838 1311 873 1372 et
895 1302 1029 1398 imperii
1049 1306 1213 1378 noveritis
1238 1306 1418 1402 expedire,
1444 1307 1596 1380 maxime
1616 1327 1697 1378 cum
1723 1306 1770 1378 ad
1792 1305 1832 1378 id
1853 1328 1914 1401 pro

511 1420 648 1494 bonore
656 1423 810 1496 Ecclesie
822 1425 1014 1520 specialiter
1029 1449 1244 1502 moveamur.
1257 1431 1344 1504 Nam
1358 1431 1388 1502 si
1403 1429 1449 1502 ad
1462 1429 1637 1525 publicum
1648 1430 1803 1504 notitiem
1819 1440 1913 1504 tenor

513 1543 618 1636 hujus
640 1547 844 1641 provisionis
865 1549 1005 1642 exierit,
1025 1573 1123 1646 reges
1141 1564 1175 1628 et
1190 1555 1361 1650 principm
1377 1555 1537 1650 exemplo
1553 1565 1624 1628 mm
1642 1555 1757 1628 vicino
1776 1553 1913 1626 submo-

512 1667 573 1740 niti
590 1671 749 1744 arbitrale
758 1672 930 1764 judicium
947 1674 1098 1750 Ecclesia
1114 1699 1184 1752 nou
1195 1680 1346 1752 =libenter
1361 1679 1539 1751 subibunt.

561 1794 686 1866 Datum
704 1795 883 1885 siracusis,
901 1809 1024 1893 quarto
1041 1801 1121 1875 idos
1131 1803 1224 1900 julii,
1241 1803 1429 1876 indictione
1445 1804 1503 1875 Vl.

568 2379 771 2490 Gregorius
789 2381 887 2488 papo
904 2380 1136 2464 Fridericum
1153 2381 1413 2464 Romanorum
1436 2381 1700 2490 imperatorem
1723 2391 1854 2466 monet
1870 2409 1915 2464 ue

516 2510 587 2596 sub
605 2523 799 2620 praetextu
816 2512 1091 2596 haeretieorum
1110 2539 1275 2623 quorum
1288 2513 1406 2622 aliqui
1419 2514 1593 2598 incendio
1608 2527 1697 2598 suut
1709 2515 1915 2619 commissi,

514 2647 644 2730 fideles
674 2647 741 2756 qui
767 2646 864 2730 sorte
889 2647 1015 2755 ipsum
1043 2645 1280 2732 offenderunt
1307 2658 1480 2756 pereuut3
1500 2649 1604 2757 quod
1626 2648 1709 2755 jum
1734 2673 1812 2730 non
1840 2647 1917 2730 siue

515 2778 724 2862 multorum
744 2779 922 2862 scandalo
940 2787 978 2862 et
994 2778 1200 2887 imperialis
1217 2779 1382 2863 nominis
1400 2780 1626 2865 detrimento
1644 2781 1791 2863 accidit.

597 2992 693 3072 (Edld.
706 2995 879 3069 Buranun„
898 2955 1006 3054 deuel.
1030 2992 1135 3068 coclea,
1150 3001 1224 3056 tom.
1246 2995 1318 3058 xxi
1332 2996 1371 3056 ad
1388 3013 1460 3060 ann.
1479 2995 1599 3076 12³³‚5
1621 2993 1759 3074 XXXIV,
1774 3012 1791 3056 e
1811 3001 1916 3074 regest.

633 3101 767 3180 segor„
782 3101 835 3164 lib.
845 3102 919 3176 vn,
935 3112 969 3161 u⁰
984 3101 1066 3180 244.)

562 3285 763 3382 Gregorius,
784 3297 866 3378 eto,
885 3287 1078 3380 Friderico,
1099 3297 1164 3362 ete.
1180 3287 1269 3374 Quia
1292 3289 1439 3362 lomenti
1457 3287 1632 3362 desiderio
1649 3287 1766 3360 multis
1781 3295 1917 3382 tempo·

511 3411 608 3482 ribus
625 3421 848 3506 expectamus
866 3411 964 3506 quod
983 3412 1170 3486 verborum
1188 3411 1480 3508 pulchritudinem
1499 3411 1604 3486 decor
1621 3431 1765 3507 operum
1788 3428 1917 3503 seque-
1985 3477 1989 3486 .

514 3543 622 3626 retur,
646 3557 687 3610 eo
713 3535 810 3630 quod
833 3535 934 3608 arbor
962 3557 1008 3608 ex
1033 3537 1203 3608 fructibus
1225 3537 1376 3610 lormosa
1400 3536 1644 3632 potiusquam
1669 3555 1717 3607 ex
1739 3533 1918 3606 lmndibus

514 3667 711 3751 cenatur,
739 3659 977 3732 excellentiam
1004 3665 1100 3734 tuam
1125 3681 1286 3756 rogamus
1311 3669 1347 3734 et
1372 3661 1591 3734 obsecramus
1612 3660 1650 3730 in
1671 3657 1817 3731 Domino
1838 3659 1916 3730 Jesu

515 3781 647 3855 Christo
666 3791 837 3878 quatenns
854 3783 1040 3879 prudenter
1055 3783 1235 3858 attendens
1251 3783 1347 3878 quod
1367 3805 1413 3856 ex
1435 3784 1536 3856 melle
1557 3785 1657 3856 larus
1674 3780 1815 3854 laudem
1833 3779 1918 3854 dul-

517 3905 651 3978 cedinis
673 3916 710 3978 et
735 3929 782 3980 ex
801 3928 912 3980 messe
937 3929 1036 4001 seges
1058 3908 1215 4002 placente
1239 3909 1377 3980 titulum
1402 3908 1575 3998 sortiatur,
1594 3904 1790 3980 devotionis
1812 3904 1917 3978 verba

516 4051 586 4124 que
603 4052 686 4127 sepe
703 4032 773 4103 tuis
794 4033 915 4105 litteris
939 4041 1163 4127 exponuntur
1179 4033 1227 4106 ita
1247 4033 1438 4106 conformes
1458 4030 1620 4126 operibus
1641 4027 1804 4102 bonitatis
1824 4025 1918 4122 quod

516 4153 553 4224 iu
571 4163 648 4226 actu
669 4155 885 4247 lructilioeut,
898 4167 932 4230 et
950 4166 984 4228 te
1001 4157 1151 4230 celorum
1171 4155 1245 4250 regi
1262 4179 1303 4230 ac
1322 4165 1410 4230 terro
1425 4155 1638 4251 principibus
1653 4153 1856 4247 cuneusque
1873 4149 1919 4222 fi-

516 4276 655 4350 delibus
679 4287 718 4350 ut
735 4281 908 4352 excelsum
934 4281 1084 4376 putentia
1101 4281 1309 4376 principem,
1328 4283 1376 4354 ita
1401 4281 1529 4354 virtute
1549 4279 1757 4354 constituant
1773 4276 1918 4372 preemi-

514 4411 672 4494 nentem3
697 4403 782 4476 alias
799 4415 915 4478 autem
933 4427 1055 4502 parum
1073 4405 1279 4479 arbitramur
1303 4406 1388 4478 utile
1411 4405 1507 4500 quod
1527 4403 1644 4478 studet
1672 4402 1790 4476 litteris
1812 4400 1920 4474 dicta·

515 4527 597 4600 toris
612 4528 804 4602 facunditas
821 4531 1007 4626 explicare.
1028 4531 1152 4603 Taliter
1167 4531 1273 4625 igitur
1292 4530 1406 4604 cordis
1427 4529 1558 4602 adorna
1580 4529 1767 4600 thalamum
1785 4524 1921 4620 pietatis

514 4651 708 4746 insignibus
729 4663 764 4727 et
780 4655 931 4749 meritis,
947 4655 1078 4729 illustra
1099 4657 1222 4732 solium
1238 4657 1329 4730 boue
1347 4653 1591 4752 splendoribus
1608 4649 1813 4739 voluntatis,
1830 4657 1869 4720 ut
1888 4657 1920 4719 te
