4298 5906
523 589 588 652 *188
980 587 1115 650 dovae
1140 583 1497 648 covsvlvvvlollus

529 725 631 820 tiqui,
652 733 731 820 post
747 723 884 797 finitum
900 725 1050 799 officium
1063 723 1237 816 justitiarii
1256 733 1291 796 et
1310 718 1488 794 camerarii
1507 717 1685 815 degradati
1706 745 1785 796 cum
1803 725 1937 801 officia-

530 849 623 920 libus
640 852 714 920 suis
731 869 794 942 per
806 847 1058 943 quinquaginta
1072 845 1148 920 dies
1165 843 1260 940 apud
1277 843 1479 920 substitutos
1490 841 1652 918 continua
1668 861 1932 942 commorentur,

515 971 619 1044 vinira
641 992 728 1065 quos
749 971 910 1045 omnibus
933 970 978 1044 de
991 968 1234 1062 jurisdictione
1257 989 1320 1042 sua
1342 966 1480 1040 licentia
1500 965 1669 1040 tribuatur
1686 969 1856 1044 deiectum
1874 974 1935 1069 ip-

529 1117 645 1168 sorum
672 1095 708 1167 in
731 1095 908 1190 publicum
931 1091 1167 1190 producendi,
1195 1091 1290 1186 quod
1315 1099 1433 1164 contra
1454 1090 1618 1165 mandata
1636 1103 1752 1168 nostra
1776 1095 1834 1168 vol
1860 1094 1933 1170 lisci

527 1220 633 1292 nostri
653 1217 833 1291 commoda
852 1240 912 1291 sen
931 1219 1142 1314 privatorum
1162 1217 1242 1309 jura
1260 1215 1497 1288 fraudulenter
1515 1225 1577 1288 ant
1593 1237 1773 1312 perperam
1790 1241 1934 1314 procos-

526 1345 662 1417 sissent.
679 1343 750 1416 Nec
776 1343 893 1416 minus
912 1353 1031 1418 contra
1047 1342 1142 1438 ipsos
1166 1339 1405 1435 inquisitiones
1425 1339 1527 1431 juxta
1546 1341 1685 1414 solitum
1703 1363 1832 1416 morem
1854 1367 1932 1418 cum

525 1469 618 1544 omni
643 1467 821 1563 diligentia
844 1466 918 1540 ficri
946 1466 1170 1558 mandamus,
1195 1475 1229 1538 et
1247 1463 1388 1538 demum
1405 1465 1435 1537 si
1454 1486 1515 1560 per
1534 1464 1765 1560 inquisitionis
1781 1469 1932 1542 officinm

525 1595 581 1667 vel
597 1593 785 1667 dolationes
802 1593 996 1688 aliquorum
1014 1591 1170 1664 officialis
1191 1590 1353 1662 inventus
1375 1589 1478 1662 luerit
1495 1590 1677 1685 culpabilis
1693 1601 1755 1665 aut
1771 1593 1928 1683 dolosus,

524 1728 636 1814 preter
651 1717 859 1810 damnaque
873 1738 934 1811 per
951 1715 1064 1811 ipsum
1083 1714 1183 1788 nobis
1197 1723 1257 1786 aut
1274 1713 1423 1788 subditis
1436 1714 1570 1808 iutc'gre
1584 1715 1746 1790 volumus
1760 1718 1928 1810 resarciri,

524 1839 804 1933 transgressionis
827 1861 891 1914 sue
912 1861 1035 1934 ponam
1063 1861 1169 1934 quam
1196 1849 1311 1912 nostra
1334 1839 1502 1914 sententia
1526 1838 1707 1914 dictaverit
1733 1843 1927 1916 sustinebit.

522 1967 594 2040 Nec
611 1965 698 2038 illud
715 1963 903 2037 omittimus
920 1963 1020 2057 quin,
1039 1963 1129 2036 sicut
1145 1961 1319 2036 maleficos
1336 1971 1371 2036 et
1388 1963 1769 2060 injustosquerolarum
1784 1965 1930 2038 vocibus

521 2089 675 2165 accusari
692 2099 727 2162 et
744 2109 888 2161 censure
913 2097 1028 2160 nostre
1052 2087 1172 2182 vigore
1188 2089 1335 2160 coerceri
1353 2087 1580 2177 mandamus,
1600 2087 1651 2161 sic
1668 2088 1876 2180 justissimos
1892 2099 1928 2164 et

522 2211 801 2304 vigilantissimos
830 2210 968 2304 judices
999 2211 1147 2308 publicis
1177 2211 1481 2285 acclamationibus
1507 2211 1695 2286 collaudari
1723 2221 1759 2285 et
1780 2211 1927 2286 munili-

518 2336 630 2410 centia
646 2345 761 2410 nostre
775 2336 914 2432 premiis
931 2336 1085 2410 decorari
1103 2337 1262 2410 velimus.
1872 2405 1874 2408 .

566 2459 704 2534 ludices
726 2461 858 2556 ubique
883 2461 1050 2546 locorum,
1071 2461 1210 2534 remotis
1233 2461 1407 2556 perpetuis
1426 2460 1593 2533 hactenus
1608 2460 1788 2552 ordinatis,
1810 2471 1850 2534 ut
1873 2473 1927 2536 est

518 2583 778 2674 dictum,annui
790 2585 856 2656 viri
873 2585 1047 2659 industres
1057 2583 1107 2680 (a)
1117 2595 1152 2658 et
1165 2582 1285 2658 fideles
1300 2596 1335 2658 et
1343 2585 1547 2680 jurisperiti,
1557 2588 1586 2656 si
1599 2607 1753 2680 unquam
1766 2587 1803 2658 in
1818 2607 1925 2682 regno

517 2707 730 2805 reperiantur
747 2707 884 2798 idonei,
908 2709 1149 2792 decernantur.
1171 2707 1273 2794 Quod
1293 2709 1323 2782 si
1346 2709 1585 2806 competitores
1606 2707 1758 2783 habeant
1782 2711 1925 2784 forsitan

516 2831 760 2930 promovendi,
782 2831 828 2907 dc
845 2833 1026 2928 utriusque
1051 2833 1180 2906 meritis
1196 2833 1389 2908 ceunomo
1408 2854 1550 2906 suorum
1569 2833 1763 2910 concivium
1783 2843 1818 2908 et
1834 2855 1924 2908 exa·

515 2957 699 3032 minatione
715 2957 859 3032 sollicita
877 2959 1058 3048 doceatur3
1077 2959 1125 3032 ita
1138 2959 1232 3054 quod
1250 2960 1287 3032 in
1305 2959 1442 3033 officiali
1460 2959 1695 3055 pmmovendo
1709 2959 1870 3034 discretio
1887 2969 1923 3034 at

515 3081 683 3156 inremota
700 3079 749 3178 (t)
765 3083 898 3174 justitia
920 3093 1151 3156 conservetur.
1175 3086 1225 3157 De
1241 3085 1450 3158 notariorum
1469 3093 1504 3157 et
1519 3083 1680 3176 judicum
1706 3085 1867 3158 manibus
1884 3087 1922 3158 in

515 3203 740 3280 conficiendis
762 3207 912 3302 publicis
929 3205 1146 3280 documentis
1164 3207 1291 3280 veritas
1313 3207 1515 3282 intemerata
1534 3207 1715 3304 procedat,
1737 3207 1922 3303 inquibus

511 3329 542 3404 si
559 3330 691 3404 falsitas
709 3330 813 3404 inerit
829 3331 886 3404 vel
904 3333 1098 3426 corruptela
1115 3332 1276 3427 probata,
1294 3353 1364 3404 nou
1383 3331 1606 3405 mutilationis
1622 3353 1746 3404 manus
1764 3339 1802 3402 ut
1821 3331 1917 3423 olim,

511 3453 574 3530 sod
597 3454 860 3553 decapitationis
879 3455 1088 3551 supplicium
1110 3456 1268 3528 ultimum
1293 3457 1495 3530 temerarius
1516 3455 1675 3553 patietur.
1698 3454 1838 3528 ludices
1858 3477 1920 3528 se-

510 3579 664 3655 cuudum
693 3582 837 3654 formam
868 3579 1149 3654 constitutionum
1178 3592 1371 3654 nostrarum
1398 3591 1432 3656 et
1456 3583 1537 3674 jura
1561 3580 1757 3655 communia
1782 3591 1817 3654 et
1837 3602 1919 3654 con·

509 3704 712 3779 suetudines
734 3705 940 3801 approbatas
965 3727 1035 3800 que
1052 3705 1352 3780 constitutionibus
1373 3728 1443 3779 nou
1469 3707 1649 3796 resistunt,
1672 3703 1719 3778 de
1737 3705 1918 3801 purissima

509 3830 718 3904 conscientia
735 3851 859 3903 causas
881 3828 1044 3922 audiant,
1064 3841 1104 3903 ut
1122 3839 1234 3904 umen
1253 3832 1347 3928 ipsas
1363 3854 1428 3906 nec
1446 3832 1528 3905 alibi
1546 3853 1650 3926 quam
1668 3830 1763 3926 apud
1782 3831 1918 3922 bajulos

508 3954 687 4028 civitatum
710 3955 746 4028 in
769 3954 865 4030 curie
892 3963 1008 4028 nostre
1030 3955 1178 4052 pretorio
1207 3956 1267 4029 ubi
1295 3968 1550 4030 consueverunt
1570 3957 1651 4050 jura
1671 3955 1832 4045 decerni,
1861 3955 1916 4028 vel

507 4075 602 4172 apud
622 4078 728 4152 alium
756 4080 817 4174 qui
842 4078 1072 4173 jurisdictioni
1100 4089 1231 4175 preest,
1259 4079 1446 4153 discutiant
1472 4090 1507 4154 ct
1534 4080 1679 4154 audiant
1702 4077 1912 4174 questiones.

507 4201 609 4286 Quod
636 4203 728 4276 enim
755 4204 943 4297 judicibus·
960 4203 1167 4302 supradictis
1195 4203 1379 4278 ordinariis
1403 4204 1662 4298 jurisdictiones
1691 4201 1916 4277 concedimus

549 4403 590 4485 (a)
612 4405 662 4469 Sic
681 4409 713 4470 ln
730 4411 826 4488 prima
845 4410 986 4484 odltlono;
1001 4411 1045 4471 alc
1063 4425 1181 4488 quoque
1198 4409 1335 4472 Affllctua
1347 4410 1452 4489 leglssa
1468 4410 1596 4472 ridetur.
1610 4409 1644 4470 lu
1658 4409 1724 4471 allis
1744 4407 1839 4469 omui
1856 4407 1916 4469 ciri

502 4508 640 4576 illrutrcr.
1839 4561 1844 4569 .

546 4617 587 4700 (b)
607 4622 642 4682 ld
660 4628 722 4699 ast,
736 4627 779 4682 ut
789 4621 980 4696 arbitramur,
993 4621 1170 4683 immnuta.
1183 4623 1266 4686 Allaa
1278 4623 1449 4703 disjunctim
1462 4621 1495 4680 iu
1507 4627 1631 4698 munta,
1645 4620 1679 4680 iu
1691 4623 1809 4694 amoto,
1824 4623 1914 4696 atqua

505 4729 592 4788 edam
606 4727 849 4806 apudAtlllctum
862 4728 897 4788 io
908 4744 1034 4805 ramma,
1049 4729 1135 4793 male.
