4320 5918
251 599 350 658 lnorcr.
365 591 408 678 8.]
703 585 903 649 HISTORIA
927 586 1221 652 ulruomaulca
1607 585 1664 648 531

253 742 293 804 ut
307 739 440 830 patrem
458 727 550 802 lilius
567 744 630 800 seu
651 743 863 820 quemquam
886 721 1137 798 benemeritum
1156 724 1341 822 quisquam
1363 723 1470 818 gratis
1491 720 1665 796 offendere

253 856 426 944 moliatur,
442 853 568 927 dilecto
582 848 654 923 filio
666 848 815 921 Henrico
828 856 911 922 nato
923 848 1137 946 imperatoris
1152 848 1328 944 ejusdem,
1344 849 1406 946 qui
1421 857 1584 944 tanquam
1601 869 1666 922 nec

253 981 333 1054 visu
351 1001 418 1054 nec
435 975 558 1052 auditu
581 973 772 1074 perceperit
793 995 863 1069 que
884 974 1101 1070 genitoribus
1121 998 1143 1051 a
1164 973 1245 1050 filiis
1266 975 1460 1049 reverentia
1484 972 1663 1064 debeatur,

251 1103 374 1178 divine
387 1103 474 1198 legis
489 1102 669 1176 immemor
686 1107 722 1172 et
737 1099 928 1174 allectionis
950 1099 1101 1174 humane
1123 1109 1337 1196 contemptur
1352 1098 1445 1172 dicto
1465 1097 1665 1196 imperatori

252 1249 291 1304 se
312 1237 445 1326 petram
466 1225 670 1324 opposuisse
692 1223 846 1300 scandali
865 1222 1077 1321 perhibetur,
1098 1226 1234 1300 nullum
1253 1225 1290 1298 in
1312 1232 1479 1320 concepta
1496 1245 1666 1320 prosecu-

252 1353 348 1428 tione
371 1350 526 1447 nequitie
547 1349 706 1447 prestetis
718 1349 920 1443 consilium,
939 1349 1110 1424 auxilium
1123 1351 1179 1424 uel
1197 1351 1366 1443 levorem,
1384 1347 1448 1424 sed
1464 1349 1579 1446 ipsum
1597 1370 1666 1446 po-

252 1477 335 1572 tius,
353 1497 460 1574 quem
474 1497 545 1549 non
568 1474 703 1570 absque
725 1473 825 1570 gravi
843 1483 923 1548 nota
945 1473 1132 1570 procedere
1149 1473 1197 1550 ad
1215 1497 1397 1550 excessum
1418 1483 1490 1546 tam
1511 1474 1667 1548 detesta-

252 1601 332 1676 bilis
355 1599 632 1676 inconvenientia
650 1598 867 1696 permisistis,
887 1597 984 1696 quod
1001 1601 1098 1674 velut
1118 1600 1288 1674 aratione
1310 1598 1489 1673 dissonum
1510 1607 1544 1672 et
1560 1598 1666 1674 actori

248 1725 382 1820 justitie
402 1725 541 1822 penitus
559 1722 739 1796 inimicum
756 1721 899 1818 indigne
917 1725 1070 1818 gerimus
1090 1733 1126 1798 et
1142 1723 1340 1798 omnimode
1357 1723 1600 1820 reprobamus,
1620 1723 1666 1798 de

253 1851 349 1926 invio
366 1849 578 1926 discriminis
594 1846 781 1946 prudenter
798 1857 833 1922 et
849 1849 1034 1923 efficaciter
1050 1848 1098 1924 ad
1114 1848 1331 1924 rectitudinis
1353 1850 1511 1926 semitam
1529 1849 1666 1924 sublato

253 1974 422 2052 tarditatis
440 1973 620 2048 obstaculo
636 1973 828 2064 reducatis;
846 1974 961 2048 solerti
982 1973 1099 2050 studio
1116 1982 1337 2071 procurantes
1354 1975 1451 2070 quod
1468 1975 1514 2048 ab
1528 1975 1667 2072 incepta

251 2101 443 2178 temeritate
464 2098 635 2174 desistens
660 2119 766 2194 quam
791 2099 934 2172 ulterius
958 2097 1118 2196 protendi
1137 2100 1320 2186 nolumus,
1337 2099 1400 2174 sed
1417 2099 1567 2194 succidi,
1587 2121 1665 2198 pre-

251 2227 365 2301 sertim
390 2246 472 2300 cum
492 2223 547 2298 his
568 2224 744 2322 potissime
762 2225 974 2322 temporibus
995 2245 1060 2324 pro
1081 2247 1248 2300 succursu
1267 2225 1370 2300 Terre
1389 2227 1514 2300 Sancte
1539 2225 1665 2302 debeat

253 2352 289 2424 in
307 2371 395 2450 pace
412 2349 574 2458 cunstitui
589 2350 798 2426 universitas
815 2348 971 2424 fidelium
994 2350 1194 2444 nationum,
1217 2351 1361 2426 lustinus
1378 2350 1425 2426 ad
1442 2350 1665 2426 obtinendam

254 2475 360 2572 patris
382 2473 664 2550 benedictionem
686 2486 721 2550 et
738 2476 881 2570 gratim
904 2475 1125 2572 accingatur,
1149 2475 1265 2572 impiis
1287 2475 1561 2572 colligationibus
1580 2497 1668 2570 quas

253 2608 371 2674 cuntm
390 2601 504 2696 ipsum
520 2597 764 2676 damnabiliter
776 2601 901 2675 fecisse
919 2599 1135 2694 dignoscitur
1151 2600 1339 2674 dissolutis.
1352 2601 1498 2692 Verum,
1517 2609 1557 2673 ut
1572 2599 1667 2698 quod

253 2723 402 2822 petimus
418 2745 460 2800 eo
479 2725 614 2826 facilius
633 2735 866 2822 consequatur
877 2725 1037 2800 ellectum
1053 2746 1124 2822 quo
1138 2725 1260 2799 vacuis
1279 2724 1472 2820 aliquorum
1491 2724 1669 2822 exceptio·

254 2848 357 2924 nibus
376 2871 447 2924 non
466 2849 618 2925 extiterit
637 2849 862 2948 impeditum,
884 2849 1084 2944 omnesqui
1104 2857 1223 2922 contra
1238 2849 1473 2943 juramentum
1493 2847 1668 2924 fidelitatis

252 2973 406 3071 predicto
424 2975 622 3072 imperatori
645 2975 824 3072 prestitum
845 2973 977 3072 prelato
993 2973 1101 3048 nubili
1118 2973 1323 3068 juramentis
1342 2974 1493 3072 prestitis
1512 2973 1667 3052 adhese-

252 3109 345 3191 runt,
364 3097 531 3172 duximus
544 3097 790 3192 absolvendos,
804 3098 862 3173 illa
876 3098 971 3174 irrita
984 3097 1221 3176 decernentes.

301 3223 425 3296 Datum
439 3221 586 3316 Perusii,
608 3223 654 3298 lll
670 3221 751 3297 idus
767 3221 894 3318 martii,
910 3243 1003 3298 anno
1014 3221 1104 3296 vlll.

486 3523 1430 3538 Qffl'm

307 3799 510 3912 Gregorius
528 3827 629 3914 papa
648 3803 825 3914 episcopo
847 3801 1131 3915 Ratisponensi,
1151 3804 1358 3916 imperialis
1376 3806 1487 3891 aulae
1503 3807 1661 3893 cancel-
1721 3832 1840 3932 ,130me

252 3932 363 4043 lario,
382 3935 541 4020 mundat
568 3947 612 4020 ot
637 3935 947 4048 Herbipolensem
969 3951 1008 4024 et
1029 3941 1308 4052 Augustensem
1327 3941 1521 4052 episcopos
1539 3943 1664 4029 abba·

250 4077 403 4177 temque
420 4068 648 4154 Fuldensem
667 4071 735 4182 qui
753 4073 835 4185 regi
852 4072 1015 4158 chricc
1032 4073 1206 4184 nequiter
1224 4073 1495 4186 adhaeserunt,
1516 4103 1665 4164 necnon

250 4197 348 4284 duos
365 4201 655 4313 Herbipolcnses
672 4208 875 4292 canonicos
892 4208 960 4319 qni
977 4207 1233 4294 Mediolanum
1246 4220 1378 4293 contra
1395 4209 1666 4321 imperatorem

250 4331 417 4442 iverunt,
439 4337 489 4418 ad
507 4338 760 4446 praesentiam
779 4339 888 4425 Sedis
906 4343 1144 4452 Apostolicae
1158 4342 1287 4426 venire
1304 4343 1520 4454 compellat.

331 4521 461 4601 (bdlder.
476 4528 585 4604 partlm
604 4528 780 4605 linusano„
801 4528 911 4592 donat
933 4527 1036 4604 mter..
1051 4530 1090 4593 ad
1103 4547 1173 4593 ann.
1190 4527 1283 4612 §lll,
1299 4538 1330 4593 el
1341 4531 1562 4605 Wuuunwmrr,
1578 4531 1659 4595 lt'oua

368 4627 474 4692 adad
490 4629 622 4714 capua,
637 4641 661 4696 t.
676 4637 753 4716 l,p.
768 4647 823 4714 54,
836 4653 874 4699 ex
892 4639 959 4700 cod.
973 4641 1044 4701 eccl.
1061 4637 1094 4702 S.
1113 4638 1268 4714 Andrum
1283 4640 1425 4719 lntegrlus
1437 4655 1507 4700 vcro
1520 4639 1658 4723 florum,

371 4737 473 4798 Kaisar
482 4736 596 4803 Friedr.
612 4742 651 4816 11,
666 4744 806 4822 append„
824 4762 855 4823 p.
873 4753 942 4822 ³49,
956 4746 989 4808 n·
1004 4755 1054 4822 ab,
1069 4753 1205 4828 erogem
1221 4745 1356 4826 aegon,
1370 4745 1423 4808 llb.
1438 4743 1522 4825 vui,
1535 4755 1570 4808 n⁰
1585 4755 1657 4810 ael.
