4360 5908
246 607 344 670 lenm.
362 607 405 685 5.]
695 603 893 666 HISTORIA
919 601 1213 667 nlluottnulcn.
1602 605 1659 668 291

328 740 419 823 (uult.
433 756 483 819 ep.
503 739 623 814 Mosnn,
640 735 810 802 Omdrnctt
823 739 937 820 Garri,
954 751 984 805 a·
997 757 1077 822 pars,
1092 741 1212 803 docum.
1226 749 1260 800 n⁰
1274 747 1342 816 tte,
1358 755 1397 800 ex
1409 741 1493 818 eople
1506 741 1659 806 llenseler.

367 865 435 928 sup.
450 854 566 928 numgr.
580 849 750 926 descripte.)

296 1035 490 1110 Frideriens
499 1034 561 1108 Dei
573 1034 684 1129 gratia
693 1036 922 1108 Romanorum
936 1037 1120 1132 imperator
1133 1056 1269 1131 semper
1280 1035 1659 1129 angustus‚Jerusalem

247 1169 282 1232 et
294 1160 496 1234 Sicilierex.
512 1159 578 1233 Per
592 1181 734 1256 presens
750 1159 916 1256 scriptum
932 1169 1052 1232 notum
1069 1158 1143 1232 fieri
1161 1159 1324 1232 volumus
1338 1159 1512 1232 universis
1525 1159 1659 1256 imperii

246 1284 408 1361 fidelibus
426 1295 496 1359 tam
519 1285 736 1381 presentibus
753 1307 860 1381 quam
882 1287 1006 1358 futuris
1023 1284 1119 1381 quod
1144 1283 1289 1358 dilectus
1311 1285 1469 1380 princeps
1491 1294 1606 1358 noster
1620 1285 1656 1360 C.

244 1409 455 1486 venerabilis
467 1409 754 1506 Osemburgomis
774 1411 960 1508 episeopus
974 1419 1090 1485 nostro
1110 1409 1252 1484 culmini
1271 1409 1661 1506 supplicavitquatenns

246 1535 445 1612 advocatias
464 1535 675 1631 conquisitas
689 1557 794 1634 super
805 1536 906 1608 bonis
923 1558 1041 1610 menso
1058 1557 1121 1608 sne
1137 1545 1172 1609 et
1189 1535 1330 1632 capituli
1348 1535 1487 1629 majoris
1511 1545 1547 1610 et
1572 1537 1659 1612 alia·

245 1682 324 1732 rnm
343 1660 565 1734 eeclesiarum
583 1660 863 1753 conventualium
884 1659 959 1733 sive
974 1658 1244 1756 parrochialium
1256 1669 1291 1733 et
1312 1681 1400 1756 quas
1425 1659 1461 1731 in
1484 1669 1659 1756 posterum

246 1785 291 1857 ab
315 1784 360 1856 iis
381 1784 442 1878 qni
453 1786 532 1878 jure
551 1793 697 1880 possunt
720 1805 778 1856 eas
802 1785 957 1858 conferre
974 1784 1216 1880 conquisierit,
1234 1784 1301 1856 sibi
1321 1793 1355 1857 et
1373 1784 1516 1858 ecclesie
1533 1807 1595 1858 sue
1614 1784 1660 1859 de

246 1917 359 1982 nostra
375 1905 581 1981 confirmare
588 1907 699 2004 gratia
715 1906 952 2002 dignaremur.
970 1909 1040 1982 Nos
1054 1917 1168 1981 autem
1185 1907 1399 1981 attendentes
1414 1913 1491 2002 ejus
1504 1909 1659 2008 episcopi

246 2025 413 2128 principis
426 2032 533 2104 nostri
551 2030 769 2106 devotionem
785 2055 891 2128 quam
908 2031 956 2106 ad
976 2054 1040 2106 nos
1057 2041 1092 2105 et
1113 2031 1160 2106 ad
1178 2031 1361 2128 imperinm
1379 2035 1468 2126 gerit
1486 2045 1521 2108 et
1537 2034 1657 2126 habet,

245 2156 291 2232 de
311 2157 430 2230 innata
450 2155 685 2231 munificentie
702 2167 818 2232 nostre
836 2159 945 2254 gratia
967 2157 1211 2232 confirmamus
1228 2157 1342 2232 eidem
1365 2169 1400 2232 et
1427 2159 1572 2232 ecclesie
1595 2181 1658 2234 sne

244 2281 448 2357 advocatias
468 2281 620 2378 legitime
637 2283 821 2378 acquisitas
839 2305 945 2380 snper
962 2282 1065 2356 honis
1082 2304 1200 2356 mense
1223 2304 1286 2356 sue
1304 2292 1339 2356 et
1360 2281 1501 2378 capituli
1520 2285 1660 2376 majoris

244 2417 280 2480 et
300 2408 446 2482 aliarum
464 2409 745 2482 conventualium
760 2417 795 2481 et
807 2407 1076 2505 parrochialinm
1093 2406 1328 2501 ecclesiarum,
1346 2416 1381 2482 et
1392 2429 1481 2504 quas
1493 2408 1661 2482 valebunt

240 2537 334 2626 juste
347 2533 384 2604 in
403 2536 579 2630 posterum
597 2532 742 2630 adipisci
761 2533 807 2606 ab
825 2533 893 2606 hiis
910 2533 972 2630 qui
992 2533 1148 2610 conferre
1168 2541 1330 2630 poterunt
1343 2533 1446 2630 pleno
1454 2534 1552 2626 jure;
1572 2555 1659 2630 pre-

243 2637 352 2731 sentis
366 2657 485 2754 scripti
501 2658 704 2732 auctoritate
722 2658 927 2734 mandantes
942 2667 1115 2755 quatenus
1131 2659 1248 2730 nullus
1267 2658 1312 2731 sit
1332 2658 1394 2754 qui
1413 2657 1574 2732 eumdem
1586 2660 1660 2756 epi·

244 2770 401 2878 scopum,
422 2782 602 2856 ecclesiam
627 2805 747 2876 suam,
768 2783 961 2881 capitulum
977 2784 1090 2876 majus
1106 2791 1141 2856 et
1158 2783 1244 2858 aliae
1262 2782 1423 2856 ecclesias
1444 2781 1660 2878 supradictas

244 2915 362 2980 contra
376 2907 547 3003 presentis
569 2916 684 2982 nostre
703 2907 972 2984 confirmationis
989 2909 1153 3006 paginam
1177 2928 1282 3004 super
1297 2907 1365 2980 hoo
1380 2906 1561 2980 molestare
1575 2929 1659 3004 pre-

243 3040 369 3104 sumat.
391 3031 493 3118 Qnod
513 3032 574 3128 qui
596 3035 844 3130 presumpserit
862 3033 1094 3129 indignationi
1113 3041 1228 3106 nostre
1249 3053 1288 3106 se
1307 3032 1442 3106 noverit
1461 3032 1655 3126 subjacere.

244 3155 302 3230 Ad
320 3156 426 3250 hujus
444 3155 561 3252 itaque
575 3158 844 3233 confirmationis
861 3169 976 3233 nostre
991 3159 1191 3232 memoriam
1215 3167 1250 3232 et
1264 3157 1422 3232 stabilem
1440 3155 1655 3248 firmitatem,

243 3304 383 3378 presens
400 3282 566 3380 scriptum
585 3281 660 3358 fieri
677 3294 712 3358 et
726 3284 839 3380 sigillo
852 3285 1039 3380 majestatis
1055 3293 1170 3358 nostre
1180 3284 1349 3378 jussimus
1363 3282 1581 3358 communiri.

293 3408 405 3501 Hujus
418 3417 531 3482 autem
551 3409 599 3482 rei
618 3417 722 3482 testes
739 3419 839 3482 sunt:
851 3413 891 3484 B.
908 3410 1102 3508 patriarcha
1116 3409 1421 3505 aquilegensis...
1443 3405 1658 3502 Magdebur-

243 3533 363 3630 gensis
388 3542 423 3607 et
450 3536 634 3608 Ravennae
657 3533 974 3633 archiepiscopi,...
1004 3534 1311 3630 Bahinbergensis,
1334 3535 1370 3607 S.
1400 3533 1657 3630 Ratispnnensis

243 3658 430 3754 imperialis
457 3661 537 3732 aule
568 3659 811 3754 cancellarius,
844 3660 1078 3753 Brixinensis,
1114 3659 1398 3752 Wormaciensis,
1432 3659 1654 3756 Reginensis,

244 3783 449 3857 Mutinensis
466 3793 501 3857 et
518 3785 697 3858 Imolonsis
716 3787 886 3882 episcopi,
906 3786 949 3859 A.
973 3785 1048 3860 dux
1069 3785 1238 3873 Saxonis,
1259 3785 1303 3860 A.
1326 3784 1403 3859 dux
1415 3785 1570 3860 Moravie
1588 3783 1654 3885 (a),

244 3905 286 3977 0.
304 3907 379 3980 dux
395 3907 561 3998 Meuania,
580 3911 620 3983 B.
640 3909 918 4004 dnxKarinthie,
941 3933 1055 3985 comes
1069 3913 1111 3985 Η.
1132 3912 1178 3986 de
1193 3911 1405 4007 Ortemberg,
1427 3933 1544 3985 comes
1555 3912 1598 3985 Η.
1612 3911 1658 3988 de

243 4031 491 4124 Waldenbero,
521 4033 562 4106 G.
587 4029 662 4132 (C.)
685 4035 868 4132 pincerna,
888 4015 1100 4110 Gottelridus
1126 4046 1161 4111 et
1183 4037 1361 4110 Conradns
1387 4035 1432 4111 de
1460 4036 1654 4128 Hohenloe,

243 4155 444 4230 warnerius
462 4167 496 4232 et
512 4158 691 4256 Philippus
708 4159 753 4235 de
769 4161 965 4256 Bollandia,
986 4171 1021 4236 et
1038 4163 1096 4236 alii
1114 4162 1351 4258 quamplures.

292 4281 417 4355 Datum
434 4283 613 4376 llavenne,
639 4306 730 4358 anno
755 4285 928 4360 dominice
950 4286 1194 4360 incarnationis
1219 4285 1400 4360 millesimo
1421 4285 1656 4360 ducentesimo

245 4403 417 4483 tricesimo
442 4407 572 4502 primo,
601 4431 720 4484 mense
728 4411 900 4504 januarii,
927 4413 1047 4507 quinte
1064 4410 1279 4504 indictionis,
1306 4412 1496 4508 imperante
1514 4409 1655 4486 domino
1723 4433 1724 4437 ‘

245 4537 362 4602 nostro
382 4531 556 4606 Friderico
575 4534 637 4606 Dei
663 4537 776 4630 gratia
801 4537 1026 4612 invictissimo
1042 4538 1272 4612 Romanorum
1296 4539 1499 4634 imperatore
1523 4559 1659 4634 semper

287 4757 330 4842 (a)
348 4761 397 4825 Sle
411 4765 443 4825 ln
455 4765 610 4844 lmpresso,
624 4767 675 4830 sed
689 4769 782 4849 male,
796 4775 826 4830 et
839 4769 1067 4848 superabundat.
