4308 5910
1041 595 1403 661 cou'srlru‘rlontus

979 928 1181 1005 TITULUS
1205 930 1280 1004 XL.
1309 935 1360 1006 ΙΘ
1384 929 1414 1026 (t
1424 929 1474 1025 9).
1574 1033 1576 1044 Ι

662 1102 712 1174 Dr
731 1103 865 1195 injuriis
881 1106 1064 1180 cumuletur
1080 1108 1232 1202 peram
1249 1129 1308 1181 seu
1326 1106 1516 1203 qututtter
1531 1107 1608 1181 eliis
1626 1108 1794 1202 irrequttir.

1082 1307 1155 1357 unx
1180 1307 1381 1358 nuurnrns.

467 1517 470 1524 ⁴
531 1553 535 1560 ν
567 1458 758 1530 observent
777 1458 1040 1554 diligentissime
1060 1460 1201 1554 judiees
1221 1471 1259 1534 ut
1281 1462 1318 1534 in
1345 1463 1564 1538 accusatione
1588 1463 1792 1556 injuriarum
1815 1461 1931 1536 curiu-

520 1583 604 1655 iium
634 1603 858 1679 personarum
885 1583 1089 1680 dignitatem
1113 1585 1351 1676 eonsidersnt;
1375 1597 1410 1662 et
1432 1588 1536 1681 juxta
1565 1607 1789 1684 persunmnm
1814 1588 1933 1682 quaii-

522 1715 639 1795 tutem‚
661 1727 782 1781 eurum
798 1709 929 1803 quibus
945 1711 1044 1783 inerit
1059 1711 1148 1784 iacta
1166 1710 1294 1804 injurie
1311 1721 1347 1786 et
1365 1733 1484 1786 eornm
1500 1711 1563 1807 qni
1578 1711 1727 1802 suriunt,
1743 1721 1778 1786 et
1791 1711 1934 1806 quando

521 1841 557 1904 et
584 1831 645 1905 nbi
677 1831 876 1924 hujusmodi
907 1835 1114 1908 temeritates
1144 1845 1408 1930 presumuntur,
1440 1837 1646 1912 sententium
1685 1838 1808 1912 ierunt.
1846 1835 1935 1931 Ipsis

521 1965 635 2028 autern
660 1957 748 2030 iaetu
777 1956 905 2050 injuria
927 1979 996 2032 non
1021 1959 1109 2054 ipsis
1130 1957 1318 2052 duntaxat,
1343 1959 1418 2034 sed·
1436 1959 1540 2034 etium
1557 1959 1612 2036 ad
1635 1959 1729 2056 regie
1754 1957 1936 2054 dignitatis

520 2087 654 2176 spectat
670 2080 849 2156 offensam.

981 2285 1184 2364 TITULUS
1209 2287 1303 2358 XLI.
1332 2291 1364 2358 K
1389 2285 1481 2384 (20).

588 2465 635 2536 De
656 2463 792 2557 repulsu
811 2463 1002 2560 offiruiium
1024 2475 1056 2536 et
1073 2486 1160 2560 penu
1177 2487 1240 2560 pro
1259 2487 1370 2537 eonem
1390 2465 1575 2538 emeritus
1600 2465 1781 2538 constitura
1800 2463 1863 2561 (a).

961 2665 1196 2718 rurnnnruu
1225 2665 1496 2716 rnrnnnrcus.

569 2821 638 2896 Eos
662 2830 796 2896 tantum
818 2822 981 2896 officiales
1010 2833 1146 2898 nostrus
1169 2824 1367 2898 officialium
1398 2823 1444 2897 de
1470 2823 1573 2898 illatis
1598 2822 1684 2918 ipsis
1711 2821 1849 2915 inJ'uriis
1874 2842 1940 2895 uo·

523 2946 639 3018 lumus
664 2947 882 3042 prerogativa
908 2946 1026 3037 letari,
1051 2949 1114 3044 qni
1144 2948 1294 3022 officium
1325 2947 1522 3022 exercende
1549 2947 1769 3022 summissum
1794 2945 1941 3040 injurias

437 3049 441 3062 ⁵
523 3071 657 3167 aliquus
682 3072 872 3168 patiuntur,
893 3093 962 3146 nen
981 3073 1042 3168 qni
1060 3073 1315 3150 inimicitiarum
1336 3095 1478 3148 suarum
1497 3071 1673 3146 vindictas
1691 3073 1754 3146 vei
1772 3093 1837 3144 sna
1861 3071 1939 3166 pri-

523 3205 604 3270 vata
623 3179 762 3292 negotia'
787 3197 1039 3293 pertractando,
1061 3197 1146 3272 dum
1169 3199 1305 3295 aliquos
1331 3199 1504 3291 subjectos
1523 3208 1656 3271 nostros
1681 3195 1836 3270 indebite
1855 3216 1940 3292 per-

525 3331 737 3416 sequuntur,
765 3321 919 3418 ipserum
942 3323 1105 3418 exigente
1133 3325 1286 3419 nequitia
1310 3346 1332 3396 a
1354 3321 1515 3396 fidelibus
1536 3321 1660 3396 nostris
1687 3320 1846 3415 injuriam
1875 3341 1940 3416 pa·

528 3445 672 3518 tinntur.
710 3445 884 3519 Interdum
914 3468 997 3522 veru
1028 3445 1159 3522 nedum
1186 3447 1350 3522 officiales
1381 3443 1581 3538 hujusmodi
1609 3445 1645 3516 in
1676 3465 1760 3516 easn
1791 3443 1940 3537 presenti
1966 3489 1973 3498 -

527 3571 742 3668 premgetiva
764 3571 868 3646 officii
895 3571 1048 3666 gaudere
1068 3575 1249 3666 nolumus,
1269 3573 1339 3646 imo
1359 3579 1451 3645 tanto
1473 3573 1626 3667 ipsorum
1651 3589 1818 3642 exeussus
1845 3567 1941 3640 velu-

528 3705 642 3769 mento
655 3693 959 3770 administrationis
971 3706 1085 3772 nostre
1098 3697 1298 3772 commissos
1310 3695 1472 3794 prosequi
1487 3695 1725 3770 desideramus
1739 3693 1936 3780 instantius,

526 3827 657 3916 quantu
684 3821 721 3893 in
749 3841 856 3914 grave
876 3819 1096 3916 dispendium
1121 3821 1354 3914 subjectorum
1372 3831 1408 3894 et
1429 3830 1544 3894 nostre
1570 3817 1758 3910 majestatis
1780 3815 1941 3908 injuriam

414 4043 416 4048 Ι
529 3945 681 4040 ipsorum
703 3943 919 4019 dissimulata
940 3945 1109 4034 facinore,
1128 3947 1190 4042 qni
1210 3955 1359 4020 nostram
1384 3945 1533 4039 effigiem
1557 3951 1804 4039 representem,
1820 3937 1940 4014 reduci

530 4071 667 4142 valeant
692 4079 727 4142 et
752 4071 990 4166 experimento
1015 4071 1146 4144 visibili
1166 4094 1230 4146 nos
1258 4073 1323 4168 ipsi
1346 4071 1580 4167 persensimus
1597 4069 1671 4160 jam
1688 4065 1845 4138 reducta.
1871 4065 1941 4137 Eos

531 4197 646 4288 itaque
664 4194 726 4289 qni
739 4195 919 4270 occasione
933 4195 1124 4270 officiorum
1138 4197 1370 4293 quorumlibet
1384 4192 1483 4294 [ipsis
1497 4195 1543 4267 ab
1556 4192 1725 4266 ordinatis
1743 4190 1869 4264 nostris
1885 4191 1941 4262 vel

532 4341 553 4391 a
583 4327 695 4391 nostra
723 4318 958 4394 munifieentia
985 4319 1280 4420 summissurum]‚
1301 4321 1435 4416 aliquid
1461 4341 1522 4416 per
1543 4319 1706 4412 injuriam
1735 4339 1756 4390 a
1781 4315 1943 4390 fidelibus

533 4443 657 4516 nostris
673 4442 896 4528 abstulerint,
913 4445 1041 4538 quibus
1059 4444 1121 4518 din
1148 4445 1289 4519 forsitan
1313 4455 1394 4518 ante
1419 4453 1617 4539 suseeptum
1644 4441 1795 4514 officium
1822 4438 1944 4534 depre-

574 4641 617 4724 (a)
638 4643 749 4706 Graues
762 4643 869 4721 rusius,
885 4645 938 4708 sed
950 4647 1049 4708 minus
1058 4649 1139 4724 juste
1155 4665 1163 4706 r
1177 4645 1369 4726 Qrmnduuum
1381 4643 1517 4728 ffciulu
1528 4646 1641 4728 injuria
1655 4643 1750 4728 effecti
1763 4641 1846 4722 officii
1852 4659 1941 4724 prut-

532 4751 663 4832 roqutiuu
675 4747 829 4830 laetentur,
845 4760 872 4816 et
884 4750 919 4815 da
927 4771 1024 4834 poena
1037 4754 1181 4835 iujuriam
1192 4751 1281 4816 alicui
1292 4753 1496 4836 infermitum.
