4308 5910
760 582 885 644 anolo
911 580 1105 643 slclnlam
1574 569 1629 629 15ἰΙ

223 718 324 791 lebas
341 736 522 790 mensuras
533 722 569 788 et
581 734 708 788 cannes
725 723 761 787 et
779 715 932 810 pondera
948 712 1176 789 distrahentes
1193 707 1317 781 nostris
1330 699 1630 780 constitutionibus

224 841 437 937 prestitutas,
452 839 489 912 in
512 837 701 935 peregrinis
721 838 876 938 deceptis
893 839 939 913 ab
954 839 1005 912 eis
1019 835 1181 910 volumus
1197 829 1378 928 duplicari.
1394 827 1630 902 Delensionem

223 965 350 1040 etenim
377 974 413 1038 et
437 963 616 1038 scientiam
645 971 798 1038 nosbam
826 962 1012 1038 succedere
1039 960 1203 1033 volumus
1231 956 1306 1030 loco
1330 950 1572 1026 imbecillitatis
1597 958 1630 1022 ct

224 1089 416 1186 ignorantie
433 1087 678 1186 pradictomm.

769 1333 968 1408 TITULUS
995 1331 1092 1404 Llll.

365 1513 412 1582 De
433 1512 653 1584 detinentibus
670 1511 835 1584 animalia
849 1510 962 1584 alieno
979 1520 1011 1580 et
1029 1509 1069 1580 de
1086 1507 1218 1578 dumam
1234 1504 1491 1598 [monterionem.

684 1709 904 1759 turatino}
928 1705 1173 1757 ”URBICUS-

273 1865 337 1938 Per
362 1865 545 1939 universas
572 1864 767 1962 provincias
793 1865 891 1958 regni
918 1863 1025 1936 nostri
1054 1861 1215 1935 volumus
1237 1855 1471 1952 infrascriptos
1495 1855 1633 1928 assisias

223 1987 470 2062 inviolabiliter
487 1989 663 2063 observari
681 1987 746 2085 (l),
764 2010 853 2084 quas
874 1988 911 2060 in
936 1987 1032 2059 curia
1059 1994 1173 2058 nostra
1193 1982 1440 2057 deliberatione
1466 2001 1633 2076 perpensa

222 2123 257 2185 ct
274 2112 406 2186 salubri
427 2114 570 2187 consilio
593 2123 785 2187 nostrorum
808 2110 963 2186 lldelium
985 2107 1203 2185 determinari
1225 2106 1432 2182 mandamus
1450 2117 1485 2179 et
1506 2105 1633 2200 siugu-

221 2239 335 2310 lorum
361 2238 557 2310 ministeriis
579 2237 793 2312 considerata
817 2235 982 2332 qualitate
1005 2233 1137 2326 taxari;
1160 2254 1248 2330 quas
1275 2232 1379 2307 etiam
1403 2231 1549 2326 singulis
1571 2252 1634 2303 ca·

221 2361 381 2435 merariis
398 2362 578 2458 regionum
601 2363 668 2436 sub
695 2361 809 2456 sigillo
832 2371 947 2435 nostre
973 2357 1188 2432 celsitudinis
1211 2356 1423 2456 precipimus
1444 2354 1630 2452 designari.

664 2655 866 2728 TITULUS
898 2655 987 2727 Ltv.
1015 2655 1077 2725 ΑΒ
1101 2651 1191 2749 (32).

679 2835 727 2906 De
744 2835 847 2926 [artis
862 2845 892 2904 et
916 2831 1092 2904 latrociniis
1110 2829 1123 2924 (
1144 2832 1170 2926 ).

712 3033 785 3084 anx
816 3033 1056 3084 onrnnnauns
1085 3007 1149 3105 (b).

274 3189 436 3262 Pervenit
459 3187 505 3262 ad
523 3209 627 3261 aures
645 3189 751 3278 nostri
769 3189 930 3260 culminis
945 3187 1041 3283 quod
1066 3190 1156 3260 lurla
1181 3187 1330 3282 plurima
1346 3197 1381 3259 et
1402 3187 1579 3262 latrocinia
1596 3189 1632 3261 in

219 3311 350 3409 Apulia
377 3313 545 3386 hactenus
569 3313 870 3386 committebantur
896 3313 940 3386 de
965 3312 1191 3402 animalibus,
1214 3333 1285 3408 qne
1305 3311 1456 3406 quadam
1484 3335 1574 3386 vana
1598 3325 1633 3386 et

220 3437 320 3509 inani
341 3439 564 3512 excusatione
583 3439 695 3512 velata
716 3437 940 3512 remanebant
962 3439 1089 3533 pariter
1113 3448 1148 3511 et
1169 3437 1293 3510 inulta.
1322 3437 1408 3510 Nam
1431 3459 1510 3511 cum
1536 3439 1632 3533 apud

220 3562 359 3656 aliquos
373 3561 534 3636 animalia
551 3561 823 3660 reperiebantur,
839 3563 929 3635 banc
943 3559 1202 3636 excusationem
1217 3560 1459 3658 pretendentes
1472 3561 1635 3636 videlieet

220 3683 321 3780 quod
336 3707 378 3760 ea
394 3685 588 3760 invenerint
606 3687 814 3780 oberrantis,
834 3687 891 3761 vel
913 3685 959 3762 de
980 3709 1084 3760 manu
1111 3687 1283 3762 latronum
1305 3685 1534 3784 arripuerint,
1554 3709 1633 3761 cum

264 3861 308 3944 (u)
330 3861 441 3926 Graece
455 3880 464 3924 t
479 3863 522 3926 Ile
532 3860 655 3944 perditis
667 3861 850 3926 animalibus.

262 3967 307 4050 (b)
330 3969 380 4032 Slc
392 3971 425 4032 ln
443 3971 511 4032 ond.
528 3979 618 4033 ⁴62⁵.
633 3971 691 4050 Ap.
707 3970 829 4034 Carcanl
848 3990 925 4032 rnna
939 3991 1026 4046 euna
1040 3979 1138 4034 nostm
1152 3973 1298 4034 tmlentla
1310 3973 1409 4034 mlum
1420 3979 1515 4048 κοῖος
1529 3973 1569 4036 cl.
1584 3976 1633 4036 ln·

221 4074 268 4135 lna
281 4077 330 4136 ot.
345 4074 424 4137 LVI.

893 4243 963 4251 ..ι-
968 4242 1186 4252 *nan—nn..—

185 4351 194 4362 ·
259 4333 299 4410 (t)
318 4335 369 4392 llic
389 4337 475 4408 agitrn
492 4337 526 4396 de
542 4339 660 4413 qumque
678 4339 761 4397 titulis
780 4340 827 4414 qui
849 4340 876 4396 iu
894 4339 984 4398 latinis
1003 4341 1164 4399 editionibus
1187 4341 1339 4400 immediate
1350 4349 1509 4417 mquuntur,
1521 4359 1634 4417 quonam
1696 4397 1702 4408 .

221 4433 330 4506 priores
344 4431 486 4492 Gmdelmo
499 4435 569 4510 regi,
584 4437 746 4512 posteriores
760 4437 895 4495 lemene
911 4437 963 4510 ipsi
979 4437 1146 4495 adscribendi
1159 4439 1440 4498 succlamantem
1453 4439 1635 4498 dereeadem

224 4530 330 4602 timlue,
349 4532 427 4604 quasi
441 4533 467 4589 in
480 4549 561 4592 unam
574 4535 792 4594 constitutionem
806 4535 927 4593 redactos
939 4541 968 4592 et
982 4551 1035 4593 uon
1054 4536 1082 4592 in
1095 4536 1190 4610 Apulia
1207 4537 1402 4606 tantummodo,
1420 4537 1469 4595 sed
1481 4553 1531 4611 per
1550 4544 1636 4596 totum

223 4626 334 4686 Siciliae
345 4643 457 4702 regnum
470 4630 567 4689 debinc
578 4632 775 4702 observandos,
789 4633 877 4692 denuo
889 4633 1041 4708 publicasse
1050 4635 1154 4693 videtur
1165 4636 1324 4709 imperator;
1341 4635 1392 4693 hoc
1401 4635 1490 4694 addito
1500 4636 1637 4709 prooemio

224 4724 300 4796 quod
311 4724 423 4800 munus,
434 4726 496 4786 licet
513 4727 541 4786 in
554 4745 651 4804 graeco
663 4736 692 4788 ct
703 4730 731 4788 in
745 4731 804 4789 cod.
821 4733 891 4788 ibib
904 4730 984 4788 desit.
