4320 5918
925 617 930 628 .
972 568 1184 632 saluatum
1208 567 1383 632 SECUNDI
1697 570 1777 652 [tiss.
1797 571 1885 634 luas

264 1185 447 1294 offlam
528 1165 759 1273 Friderious,
792 1167 1052 1250 Romanorum
1088 1167 1311 1278 imperator,
1339 1167 1580 1279 priuilegium
1615 1149 1772 1250 renovat
1806 1187 1886 1272 quo

291 1293 419 1348 ΜΝ·
473 1311 596 1384 totum
628 1302 823 1412 negotium
853 1303 902 1383 de
932 1300 1376 1406 munatianensis
1408 1302 1563 1386 Trevisii
1593 1311 1631 1384 at
1660 1295 1885 1382 Romaniola

472 1433 697 1546 provisioni,
718 1433 980 1544 compositioni
1007 1443 1044 1518 et
1070 1433 1280 1520 laudationi
1303 1435 1444 1520 summi
1462 1432 1649 1546 pontificis
1666 1427 1881 1515 oommittit.

554 1649 566 1729 (
573 1649 726 1711 Memorat
749 1651 782 1710 tu
806 1647 952 1711 sennaar.
974 1645 1152 1731 minoio.
1173 1645 1250 1710 licet.
1270 1649 1390 1710 Roman
1410 1667 1448 1711 ex
1471 1647 1538 1710 eoo.
1563 1645 1645 1709 eard.
1669 1643 1810 1744 Ottobont
1832 1660 1878 1722 apt

591 1757 743 1818 Maerens
755 1757 943 1836 emeseno,
956 1754 1091 1837 Amplior.
1110 1753 1228 1825 allece,
1249 1763 1273 1818 t.
1293 1757 1408 1830 11,eo1.
1428 1764 1522 1830 4444,
1542 1761 1573 1816 et
1594 1757 1626 1814 ln
1641 1749 1772 1833 Catuloo
1786 1749 1881 1812 ctare

593 1863 677 1926 Rom.
691 1861 812 1932 ecem..
828 1881 876 1942 ap.
895 1865 1076 1944 Memnon,
1090 1863 1238 1946 Antiquit.
1254 1859 1334 1938 nat,
1347 1869 1373 1926 t.
1383 1865 1443 1944 VI,
1456 1880 1488 1942 p.
1504 1865 1569 1936 86.)

520 2053 644 2127 Littera
664 2052 835 2128 Frederici
862 2053 1092 2126 Romanorum
1120 2051 1355 2149 imperatoris,
1374 2051 1468 2146 regis
1484 2049 1672 2126 Jerusalem
1690 2059 1725 2124 et
1744 2047 1879 2136 Sicilie,

469 2199 532 2275 per
556 2199 662 2274 quam
686 2189 805 2252 notum
834 2179 914 2251 tacit
937 2177 1102 2251 omnibus
1119 2177 1217 2272 quod
1242 2178 1315 2274 ipse
1338 2185 1447 2250 totum
1471 2175 1649 2271 negotium
1674 2175 1809 2248 illorum
1837 2171 1883 2247 de

471 2301 693 2394 bombardia,
715 2302 867 2376 marchia
888 2302 1031 2376 Treviaii
1052 2311 1087 2376 ot
1103 2301 1322 2393 Romaniola,
1339 2301 1400 2398 qui
1423 2300 1633 2375 videbantur
1657 2299 1722 2373 sibi
1750 2309 1785 2372 et
1810 2301 1884 2372 im·-

468 2426 565 2524 pen'o
581 2427 772 2519 adversari,
790 2437 858 2500 um
873 2450 978 2526 super
995 2425 1193 2502 detentione
1206 2427 1376 2523 regalium
1395 2425 1577 2524 imperitet
1593 2427 1739 2500 aliomm
1751 2423 1883 2518 jurium

467 2571 572 2645 quam
591 2550 637 2625 de
653 2551 825 2647 preteritis
840 2551 1043 2624 excessibus
1058 2571 1279 2647 quocumque
1297 2551 1401 2626 modo
1419 2573 1482 2648 per
1507 2571 1567 2625 eos
1592 2561 1709 2625 eontra
1729 2548 1883 2645 impera-

467 2683 576 2748 torem
599 2685 634 2749 et
651 2675 837 2771 imperinm
857 2676 1070 2770 oommissie,
1092 2675 1248 2767 oonsilio,
1270 2675 1478 2773 provisioni,
1496 2673 1736 2772 oompositioni
1753 2683 1789 2748 et
1805 2673 1883 2746 lau-

469 2797 599 2874 dationi
622 2799 755 2874 domini
773 2799 929 2894 Gregorii
948 2801 1075 2874 summi
1090 2799 1263 2896 pontificis
1280 2821 1344 2897 pro
1368 2799 1464 2896 pacis
1483 2809 1518 2874 et
1540 2807 1651 2873 statos
1669 2797 1804 2894 imperii
1826 2817 1881 2872 re-

469 2924 671 2999 formatione
689 2925 880 3012 commisit;
898 2935 932 3000 at
948 2925 1051 3000 etiam
1069 2925 1200 3022 siquid
1218 2925 1293 3022 ipse
1306 2927 1492 3022 imperator
1500 2933 1619 2999 eontra
1634 2923 1727 3020 ipsos
1741 2924 1879 3008 fenerat,

470 3059 580 3122 totum
603 3049 713 3145 ipsius
741 3049 871 3124 domini
899 3071 990 3147 pape
1010 3051 1152 3125 arbitrio
1176 3061 1211 3124 et
1237 3049 1425 3147 provisioni
1449 3049 1638 3139 eommisit‚
1660 3059 1696 3122 et
1717 3047 1883 3145 promittit

471 3183 590 3248 tenere
606 3173 774 3270 quiequid
791 3196 856 3270 per
873 3175 1052 3250 dominnm
1066 3196 1193 3271 papam
1208 3173 1312 3248 tuerit
1324 3173 1521 3250 ordinatum
1537 3184 1573 3249 et
1585 3194 1649 3271 pro
1663 3171 1883 3247 observantia

472 3293 608 3368 illorum
621 3293 705 3368 dare
721 3295 897 3369 cautiones
910 3294 1067 3386 idoneas,
1087 3294 1117 3368 si
1133 3315 1196 3391 per
1212 3303 1344 3391 partam
1358 3295 1461 3369 aliam
1478 3293 1545 3368 sibi
1562 3291 1687 3368 dentur
1705 3291 1719 3388 (
1744 3290 1771 3386 ).

522 3417 646 3488 Datum
661 3415 754 3510 apud
767 3413 1093 3507 Montemtlaseonis,
1103 3435 1196 3489 anno
1206 3414 1379 3490 dominiee
1389 3413 1631 3490 incarnationis
1640 3411 1880 3502 MCCXXXW,

473 3561 593 3614 mense
610 3541 831 3636 septembris,
852 3540 1039 3615 indictione
1056 3541 1145 3614 v111.

531 4126 735 4238 Gregorius
760 4149 860 4235 papa
884 4121 1093 4206 rectoribus
1121 4121 1316 4206 Sooietutis
1337 4119 1587 4206 Lombardiae
1605 4117 1735 4202 soribit
1750 4117 1882 4226 impe-

476 4272 640 4344 ratorem
666 4270 790 4344 totum
816 4259 1012 4372 negotium
1035 4257 1140 4370 quod
1158 4257 1256 4341 inter
1273 4257 1401 4367 ipsum
1418 4267 1455 4340 et
1472 4253 1710 4338 Lombardos
1726 4250 1884 4334 vertitur

512 4525 546 4602 (4)
563 4525 619 4584 noe
638 4523 805 4599 noviomum
819 4525 955 4582 manatio
975 4521 1057 4582 ruisse
1069 4521 1175 4581 videtur
1186 4520 1295 4580 aanor
1306 4519 1474 4578 instrrrmemi
1487 4517 1542 4576 dati
1555 4517 1678 4592 Canum,
1692 4528 1783 4572 mense
1795 4511 1883 4586 apriti,

475 4625 548 4700 quod
564 4639 656 4700 supro,
672 4639 702 4697 p.
714 4624 776 4679 466.
789 4621 928 4680 cneorum
939 4627 1079 4680 eontextus
1096 4623 1142 4697 qui
1154 4637 1225 4680 nuno
1245 4619 1351 4690 deficit,
1365 4619 1444 4695 quari
1456 4616 1587 4692 νομαίων
1607 4615 1633 4672 iu
1653 4611 1766 4688 apamia
1778 4609 1882 4682 Grego-

474 4725 506 4784 nii
519 4723 573 4796 lx,
586 4723 651 4783 dun
664 4720 775 4782 viterbii
787 4723 818 4779 2⁴
835 4719 922 4780 martti
934 4723 1014 4780 ⁴236.
