4320 5918
502 461 563 524 548
1004 462 1215 524 lnlouttlct
1240 461 1413 523 secono!
1729 457 1809 538 [tiu.
1829 461 1910 522 1235

504 593 726 670 medictatem
754 595 839 670 fisco
864 605 1002 686 nocuo,
1031 597 1201 694 reliquom
1218 597 1307 694 ponti
1328 596 1380 692 (c)
1404 593 1552 690 predicti
1581 595 1776 667 moonteni
1792 598 1913 670 exeol-

503 721 667 796 vendam.
689 722 733 794 Ut
753 729 869 794 entem
886 721 951 794 hec
970 732 1085 796 nostro
1102 720 1317 795 confirmatio
1333 719 1439 794 robor
1456 717 1611 791 obtinent
1627 725 1793 812 perpetue
1807 717 1910 790 firmi·

503 843 594 936 totio,
615 867 755 940 presens
773 845 993 941 privilegium
1017 844 1092 918 fieri
1114 856 1149 918 et
1169 845 1286 941 sigillo
1302 841 1490 936 moJoetntie
1507 849 1622 914 noelle
1634 841 1804 932 jneeimne
1819 863 1910 914 cou-

501 991 643 1042 mnnln.

551 1095 660 1186 liujus
675 1093 726 1166 rei
743 1103 942 1168 lentescunt
960 1122 969 1166 z
986 1093 1208 1169 Eberhardne
1222 1093 1481 1190 Solzpungenee'e
1493 1091 1782 1187 acchiepiscopus,
1798 1089 1907 1162 Elli-

500 1219 618 1290 bertus
649 1217 944 1313 Bnbenbergeneie
975 1219 1180 1316 epiecopus,
1212 1218 1418 1294 Chunredue
1447 1215 1676 1312 Fr'ningeneie
1702 1215 1903 1310 epiecopus,

500 1341 695 1414 Fridericne
710 1341 787 1416 dux
799 1341 952 1430 Auulnio,
970 1341 1191 1418 Bernhardue
1206 1341 1282 1416 dux
1299 1343 1495 1433 Kal-intllie,
1514 1341 1562 1414 ll.
1582 1339 1658 1414 dux
1675 1339 1902 1431 lotharingie,

498 1467 712 1540 Hermunnue
734 1468 896 1562 magister
916 1467 1094 1563 hospitelis
1116 1467 1397 1558 Teutonicorum,
1417 1487 1532 1540 eomes
1549 1467 1764 1538 Hermennue
1782 1463 1829 1538 dc
1846 1464 1903 1536 Or-

497 1589 684 1683 lemnnde,
715 1609 830 1664 comes
857 1589 1085 1664 Meinhardue
1107 1591 1153 1664 de
1178 1591 1304 1682 eone,
1333 1611 1450 1666 comcs
1476 1589 1657 1664 Heinnicue
1683 1587 1728 1662 de
1753 1588 1903 1660 Graileo·

497 1713 599 1810 pech,
621 1767 682 1786 ...
702 1735 818 1788 comos
842 1714 888 1788 de
904 1715 1018 1806 Soloe,
1043 1714 1226 1788 Heinricoo
1242 1715 1471 1788 mnmcelcne
1492 1713 1538 1788 de
1561 1710 1777 1808 Bopinheim,
1794 1722 1832 1785 et
1848 1712 1900 1784 alii

494 1837 730 1932 quamplures.

544 1961 688 2052 Signum
707 1961 838 2037 donnini
860 1959 1022 2036 Fridorici
1049 1961 1214 2052 secundi,
1230 1964 1292 2036 Dei
1310 1963 1420 2058 gratio
1435 1964 1668 2037 Romanorum
1690 1964 1900 2059 imperatorie

542 2209 626 2280 Actu
642 2218 723 2280 eunt
739 2209 802 2282 hec
816 2230 907 2282 enno
924 2207 1097 2283 dominice
1111 2210 1355 2284 incarnationis
1370 2211 1415 2284 ll.
1430 2209 1494 2282 CC.
1505 2210 1645 2301 XXXV,
1663 2231 1783 2284 menne
1796 2211 1895 2300 meio,

493 2329 681 2404 indictione
702 2331 779 2404 Vlll
789 2384 800 2422 ,
820 2332 1009 2428 imperante
1028 2332 1169 2408 donnino
1192 2341 1309 2406 nostro
1326 2332 1500 2406 Friderioo
1518 2333 1693 2424 secundo,
1712 2334 1775 2406 Dei
1792 2335 1896 2428 gratie

492 2454 716 2528 invictissimo
741 2455 971 2528 Romanorum
993 2455 1198 2551 imperatore
1223 2477 1359 2554 semper
1387 2465 1555 2550 angusto,
1579 2456 1767 2530 Jerusalem
1790 2469 1826 2530 et
1845 2457 1896 2529 Si·

491 2579 570 2652 cilie
582 2601 676 2674 rege,
693 2599 785 2652 enno
802 2579 946 2652 llomani
962 2579 1098 2676 imperii
1111 2580 1188 2672 ejus
1206 2581 1282 2672 XV,
1302 2579 1400 2675 logni
1415 2601 1500 2654 veno
1516 2581 1631 2654 Sicilie
1647 2580 1832 2671 xxxvlll,
1851 2583 1895 2654 le

489 2703 610 2776 liciter.
630 2701 752 2776 Amen.

536 2829 658 2902 [letum
680 2827 776 2923 opud
793 2828 929 2900 Novum
948 2828 1073 2901 Forum
1092 2828 1127 2900 in
1146 2829 1247 2904 stiria
1262 2827 1334 2926 (t),
1354 2851 1447 2904 enno
1463 2838 1499 2902 et
1515 2849 1634 2904 mense
1655 2838 1689 2902 ot
1711 2829 1895 2904 indictione

486 2950 696 3047 prescriptio.

782 3239 847 3247 ...n-—
864 3239 930 3248 ς...-
937 3240 978 3246 --ι
985 3239 1677 3252 mnu-um

273 3503 455 3604 ‘'timu‘’
538 3502 749 3587 Fniderious
767 3505 800 3587 ll
818 3505 935 3616 hujus
954 3508 1139 3616 nominis,
1158 3509 1389 3594 Theutonine
1406 3523 1533 3622 portes
1550 3515 1745 3627 ingressus
1755 3579 1767 3624 ‚
1790 3521 1890 3629 apud

482 3661 553 3718 nos
572 3633 632 3748 (2)
653 3637 896 3748 solempniter
914 3653 1111 3752 susceptus
1138 3653 1195 3728 est
1220 3657 1358 3755 quarto
1384 3645 1479 3729 ferie
1505 3647 1604 3730 inire
1630 3651 1885 3736 Pentecosten.

481 3769 652 3851 Cironic.
673 3775 837 3854 Admont.
864 3773 914 3856 ad
938 3800 1030 3857 eun.
1056 3777 1174 3884 1255,
1204 3804 1268 3887 ep.
1294 3777 1430 3887 Pnnnz,
1451 3787 1609 3866 Monnm.
1632 3789 1751 3864 Germ.
1773 3783 1886 3887 uiso,

480 3914 507 3984 t.
530 3901 605 4010 IX,
625 3930 665 4014 p.
687 3909 779 3988 595.

520 4088 561 4168 (a)
584 4092 641 4168 Ap.
664 4091 720 4154 Ρη
733 4089 875 4176 reliquum
883 4103 1015 4176 mum,
1030 4099 1129 4160 minoe
1141 4105 1220 4160 recte
1268 4149 1271 4156 ,

480 4273 705 4286 ...-...*

511 4370 547 4443 (Ι)
566 4369 673 4430 Scilicet
685 4373 844 4446 Necmortt,
857 4375 927 4433 inter
938 4373 1063 4435 Fnieench
1072 4383 1100 4435 et
1109 4377 1274 4452 ludenburg.

509 4467 547 4536 (ὲ)
565 4463 672 4526 Scilicet
683 4469 755 4543 opud
767 4467 893 4542 Amul,
901 4471 1038 4532 celebrem
1052 4473 1157 4548 styriae
1170 4474 1317 4546 abbatiam,
1330 4475 1527 4550 supernomen
1540 4478 1622 4548 Butos,
1636 4495 1688 4538 non
1697 4481 1790 4554 pnocol
1800 4498 1817 4539 a
1827 4483 1887 4540 ltot·

474 4569 609 4620 tettmanu.
1205 4593 1210 4604 “
