4372 5918
505 567 544 630 rc
1036 551 1390 641 cousuruuurouus

508 705 638 779 cienter
658 707 860 800 instructos,
889 707 919 780 si
938 707 1005 784 hoc
1028 712 1212 807 elegerint,
1235 715 1375 788 valeant
1390 712 1427 785 iu
1435 711 1579 807 judiciis
1596 735 1815 812 comparem
1844 720 1919 795 sive

504 830 580 924 ipse
593 837 756 902 accusent
770 850 870 902 suam
887 839 948 904 aut
959 854 1101 907 suorum
1118 835 1281 930 iujuriam
1291 843 1549 940 prosequentes,
1566 836 1642 912 sive
1658 838 1704 910 ab
1721 840 1798 914 aliis
1815 863 1918 918 accu-

504 963 636 1028 sentur.
663 955 838 1029 Sententia
855 964 970 1030 temen
996 958 1034 1031 in
1057 960 1294 1036 criminalibus
1315 970 1387 1034 mm
1406 959 1443 1033 iu
1468 961 1617 1058 presenti
1642 985 1748 1058 quam
1771 967 1808 1038 in
1832 991 1915 1044 casu

503 1079 694 1176 prescripto
705 1077 756 1176 (o)
769 1089 885 1155 contra
895 1081 1200 1182 ipsasprincipules
1212 1107 1379 1184 personas
1387 1085 1549 1160 effectum
1564 1085 1722 1162 debitum
1737 1092 1911 1169 sortiatur.

984 1371 1186 1444 TITULUS
1212 1372 1279 1446 lll.
1306 1377 1334 1444 Γ
1359 1369 1423 1464 (3).

919 1529 974 1603 Dc
994 1533 1192 1625 forbannitis
1211 1545 1243 1606 et
1263 1535 1488 1628 [orjndicutis.

1047 1719 1138 1769 rnsu
1163 1720 1360 1771 aususaus.

545 1859 674 1931 Penam
691 1878 812 1930 eorum
833 1857 896 1951 qui
920 1857 955 1930 in
981 1861 1196 1934 contumacia
1218 1869 1441 1956 perseverant
1465 1859 1580 1956 dignis
1605 1857 1800 1957 dispendiis
1822 1883 1907 1958 pru-

496 1985 595 2079 sequi
613 1984 810 2079 cupientes,
829 1983 1014 2057 statuimus
1034 1987 1160 2081 siquis
1177 1987 1449 2061 inlraannuma
1472 1987 1530 2062 die
1547 1987 1654 2061 baum
1678 1987 1763 2062 editi
1781 2010 1906 2062 nume

496 2107 644 2181 randum
671 2129 786 2180 coram
814 2107 977 2202 magistro
998 2111 1185 2202 justitiario
1212 2113 1268 2185 vel
1292 2111 1478 2206 justitiario
1502 2110 1564 2206 qui
1588 2131 1670 2185 eum
1701 2111 1906 2186 banniverat

494 2233 637 2305 minime
652 2231 880 2326 comparuerit
901 2233 1081 2307 ueletiam
1098 2256 1215 2308 coram
1234 2257 1433 2309 successore
1452 2235 1631 2329 ejusdem,
1650 2235 1753 2310 bonis
1770 2237 1843 2309 suis
1866 2212 1905 2310 ut

492 2355 720 2452 prescriptum
748 2365 801 2427 est
827 2353 1004 2446 infiscatis,
1034 2367 1112 2453 post
1140 2359 1251 2453 ipsius
1269 2357 1352 2430 anni
1381 2357 1566 2433 decursum
1599 2383 1661 2456 per
1687 2359 1902 2434 bannitorem

492 2478 654 2552 eumdem
671 2476 872 2572 forjudicari
888 2478 1048 2570 debebit,
1076 2481 1172 2554 nulla
1190 2484 1331 2555 omniuo
1356 2483 1492 2556 licentia
1515 2492 1633 2580 postea
1650 2494 1849 2558 remanente
1865 2507 1903 2558 se

491 2623 596 2698 super
617 2601 800 2698 principali
818 2625 923 2677 causa
941 2605 1096 2678 criminis
1117 2604 1350 2698 delendoudi;
1373 2607 1437 2681 sed
1463 2607 1606 2704 perinde
1627 2607 1797 2682 habeatur
1813 2630 1855 2682 ac
1871 2610 1900 2681 si

489 2728 667 2802 mntessus
683 2724 729 2800 de
746 2726 890 2800 crimine
907 2727 953 2802 de
970 2751 1041 2824 quo
1060 2741 1242 2804 accusatus
1259 2731 1375 2824 luerit,
1395 2741 1485 2806 esset
1502 2753 1565 2829 per
1584 2731 1799 2806 definitivam
1815 2755 1901 2806 sen-

489 2853 630 2926 tentiam
662 2849 910 2926 coudemnatus
941 2880 950 2925 :
982 2855 1034 2928 sic
1061 2856 1288 2948 iurjudicatus
1312 2856 1509 2952 habebitur,
1538 2867 1641 2953 prout
1666 2858 1702 2930 in
1726 2859 1901 2955 aliquibus

488 2977 594 3050 nostri
618 2976 754 3072 imperii
779 2978 936 3072 partibus
963 2991 1198 3076 nuncupatur,
1223 2981 1323 3076 quasi
1350 2981 1432 3055 ioris
1458 3003 1596 3055 omnem
1620 2981 1755 3056 aditum
1774 2981 1899 3077 judicii

489 3099 707 3172 constitutus.
731 3099 771 3172 ln
789 3109 923 3173 tantum
940 3101 989 3197 (b)
1008 3103 1074 3175 sibi
1090 3103 1216 3196 judicii
1239 3105 1357 3178 limine
1376 3103 1623 3201 precludentur
1639 3105 1736 3200 quod
1754 3129 1793 3180 se
1814 3127 1898 3180 cou-

488 3234 657 3296 tumacem
672 3224 776 3296 etiam
794 3225 901 3298 fuisse
927 3247 1055 3320 negare
1073 3249 1143 3300 nou
1170 3227 1292 3323 possit,
1311 3228 1373 3324 qui
1400 3249 1465 3302 nec
1487 3251 1550 3324 per
1573 3251 1612 3302 se
1633 3238 1730 3303 tanto
1746 3239 1900 3326 tempore

485 3349 680 3446 comparuit
708 3369 772 3421 uec
796 3371 858 3445 per
875 3350 981 3424 alium
1006 3352 1267 3448 pretendentem
1289 3353 1478 3448 legitimam
1496 3375 1634 3427 causam
1659 3376 1723 3428 sue
1744 3354 1898 3427 absentie

483 3481 518 3547 et
535 3472 737 3569 probantem
754 3475 869 3547 extitit
886 3486 1084 3549 excusatus.
1104 3476 1206 3550 Nulla
1220 3477 1288 3549 sibi
1302 3478 1542 3573 appellationis
1556 3501 1619 3552 seu
1638 3479 1897 3575 supplicationis

482 3595 636 3671 remedia
653 3598 879 3691 iurjudicatus
892 3619 1073 3694 superesse
1089 3609 1286 3696 cognoscat,
1306 3602 1425 3696 quoad
1448 3604 1564 3675 omnia
1587 3604 1659 3676 sere
1681 3623 1744 3699 pro
1762 3614 1897 3676 mortuo

480 3721 648 3795 habeatur
666 3731 701 3795 et
717 3723 826 3795 bostis
844 3722 1005 3819 publicus
1027 3733 1218 3820 reputetur,
1238 3725 1288 3799 sic
1312 3735 1351 3798 ut
1371 3726 1416 3798 ab
1429 3727 1592 3801 omnibus
1609 3726 1804 3800 offendatur
1827 3728 1896 3798 im·

480 3867 592 3941 puns;
612 3843 702 3918 adeo
716 3856 755 3919 ut
772 3845 801 3918 si
818 3845 932 3942 ipsum
951 3846 1115 3920 occiderit
1134 3847 1273 3944 aliquis,
1294 3849 1424 3921 nullam
1442 3849 1587 3945 proinde
1604 3850 1816 3922 calumniam
1834 3871 1895 3924 ve·

479 3981 612 4060 ceatur,
636 3970 699 4042 sed
723 3973 895 4065 premium
914 3993 935 4044 a
954 3972 1062 4066 gratia
1082 3973 1274 4047 serenitatis
1292 3984 1407 4046 nostre
1425 3983 1609 4070 expectet:
1634 3973 1794 4047 videlicet
1810 3983 1848 4046 ut
1864 3975 1893 4046 si

478 4077 643 4168 occiderit
666 4103 727 4165 aut
761 4095 891 4190 ceperit
921 4097 1102 4169 bannitum
1132 4098 1189 4171 vel
1214 4097 1459 4190 iurjudicatum
1498 4095 1561 4194 (c),
1595 4095 1794 4192 siquidem
1820 4096 1893 4192 ipse

479 4216 645 4288 bannitus
661 4226 722 4288 aut
744 4218 970 4310 iurjudicatus
987 4221 1090 4293 luerit
1103 4219 1165 4316 qui
1190 4221 1370 4294 bannitum
1387 4231 1449 4294 aut
1465 4220 1708 4316 iurjudicatum
1729 4219 1891 4316 predictis

517 4392 555 4475 (o)
577 4393 688 4456 Graece
706 4411 713 4452 :
730 4393 882 4456 Sententia
895 4404 992 4458 autom
1007 4405 1067 4458 tom
1080 4397 1114 4458 in
1127 4395 1428 4461 crintinolibutocrnis
1440 4417 1527 4481 potunt
1540 4399 1574 4460 in
1581 4396 1731 4479 matti
1742 4413 1822 4476 mm,
1831 4401 1889 4458 etc.

520 4497 561 4580 (b)
582 4501 618 4562 ln
632 4501 719 4562 edltls
732 4502 874 4579 intnn'm5
885 4505 1060 4581 corrigimus
1073 4521 1111 4564 ex
1125 4521 1230 4583 gruem
1240 4511 1271 4567 et
1286 4523 1323 4566 cx
1337 4506 1404 4568 eod.
1420 4513 1510 4566 462⁵.

519 4607 556 4686 (c)
579 4607 690 4668 Graece
704 4625 713 4668 ε
728 4604 858 4668 uidelicet
878 4608 905 4667 n·
922 4609 1028 4686 coperit
1045 4611 1174 4672 corrutone
1193 4609 1316 4690 (solllcet
1327 4609 1666 4694 sociumlsorjndicotunt
1677 4607 1724 4672 nt
1733 4603 1889 4670 condecit:

473 4715 556 4796 quod
569 4715 688 4792 propius
700 4715 791 4776 latino
804 4715 897 4777 codici
911 4715 1077 4793 respondet.
