4360 5908
249 575 412 667 rustes]
700 585 901 648 rrrsronm
921 581 1218 646 nrrnosmrrcs.
1604 585 1662 648 sor

241 717 446 821 tnuigqtur]
459 719 665 816 corruptela.
681 721 870 794 Statuimus
882 721 998 814 itaque
1016 718 1222 791 sanctientss
1236 727 1276 790 ut
1288 717 1430 790 heretici
1443 739 1665 815 quocumque

249 850 390 920 nomino
415 835 631 935 censeantur,
651 833 864 941 ubicumque
887 865 950 940 per
974 842 1157 938 imperinm
1185 841 1361 938 dampnati
1384 843 1512 915 luerint
1533 845 1578 916 ab
1599 846 1664 918 Ec-

242 959 354 1045 clesia
378 980 414 1044 et
437 968 584 1043 seculari
613 969 746 1062 judicio
768 968 954 1063 assignati,
987 965 1288 1041 animadversione
1315 967 1432 1040 debita
1457 969 1658 1064 puniantur.

250 1097 286 1168 Si
298 1085 359 1190 qni
373 1117 457 1168 vero
476 1083 527 1168 ds'
539 1093 704 1190 predictis
718 1103 900 1191 postquam
918 1093 1043 1164 luerint
1062 1091 1287 1188 deprehensi,
1307 1092 1414 1165 territi
1432 1103 1525 1166 metu
1545 1096 1663 1168 mortis

242 1211 365 1293 redire
377 1209 554 1296 soluerint
565 1218 611 1292 ud
626 1217 707 1292 tidei
717 1219 895 1305 unitatem,
908 1217 1011 1309 juxta
1020 1215 1202 1290 canonicas
1214 1217 1408 1290 sanctiones
1421 1216 1469 1290 ad
1481 1219 1657 1313 agendum

250 1343 473 1440 penitentiam
504 1344 541 1416 in
571 1354 775 1440 perpetuum
805 1349 990 1417 carcerem
1004 1342 1235 1416 retrudantur.
1268 1343 1423 1416 Preterea
1451 1343 1662 1439 quicumque

251 1467 393 1542 heretici
414 1457 540 1564 reperti
560 1469 687 1540 luerint
707 1469 742 1541 in
769 1467 985 1556 civitatibus,
1011 1466 1127 1563 opidis
1153 1489 1215 1540 ssu
1237 1467 1322 1539 locis
1341 1467 1419 1540 aliis
1440 1468 1573 1562 imperii
1600 1489 1662 1564 per

253 1593 473 1688 inquisitores
494 1593 540 1666 ab
556 1592 742 1688 apostolica
766 1585 850 1666 sede
867 1590 969 1665 datos
993 1601 1029 1664 et
1049 1591 1136 1664 ulios
1161 1590 1355 1664 orthodoxe
1374 1589 1455 1664 fidei
1482 1592 1658 1684 relatores,

243 1716 301 1787 hii
320 1716 381 1811 qui
396 1708 671 1810 jurisdictionem
694 1715 825 1788 ibidem
848 1715 1033 1788 habuerint
1053 1713 1099 1788 ad
1121 1714 1361 1809 inquisitorum
1382 1716 1581 1788 stallorum
1600 1737 1659 1790 ea·

251 1831 455 1913 tholioornm
472 1841 626 1914 virorum
649 1840 934 1932 insinuationem,
955 1861 1014 1913 eos
1032 1861 1155 1935 capere
1172 1847 1352 1912 teneantur
1369 1849 1404 1912 et
1419 1851 1538 1936 captos
1553 1841 1662 1914 artius

244 1957 440 2058 custodire,
462 1957 573 2040 donec
593 1987 656 2061 psr
676 1987 857 2038 censuram
873 1965 1137 2039 ecclesiasticam
1155 1964 1422 2061 condempnatus
1445 1964 1659 2060 dampnabili

252 2081 359 2160 morte
375 2089 548 2184 perimant
568 2089 629 2184 qui
648 2087 731 2162 fidoi
750 2089 873 2162 etrite
890 2099 1103 2163 sacramenta
1122 2088 1370 2184 dampnabunt.
1392 2087 1502 2162 Simili
1523 2109 1662 2185 quoque

246 2233 341 2307 pena
365 2214 468 2309 plecti
493 2235 675 2288 censemus
702 2235 823 2288 omnes
848 2234 937 2308 qnos
965 2213 1011 2286 ad
1039 2213 1226 2287 lovendnm
1255 2213 1480 2287 hereticorum
1512 2235 1661 2288 srmrsm

252 2337 367 2412 callidi
395 2339 503 2413 hostis
529 2341 655 2414 astutia
675 2339 818 2412 suscitat
842 2338 1048 2431 advocatos,
1075 2339 1132 2413 vel
1157 2347 1255 2434 paret
1280 2338 1417 2412 illicitos
1441 2338 1660 2432 duismense,

252 2463 403 2536 maxime
421 2486 500 2537 cum
522 2465 657 2537 lacinus
676 2485 763 2560 quos
781 2464 938 2560 inquinat
956 2473 1077 2560 equet‚
1098 2463 1165 2535 nisi
1187 2463 1375 2538 monitione
1396 2465 1563 2560 premissa
1582 2465 1662 2538 des·

251 2587 380 2659 titerint
394 2598 429 2660 et
446 2609 566 2662 eornm
592 2588 664 2662 vite
689 2587 854 2662 duxerint
877 2590 1141 2663 consulendum.
1167 2590 1235 2662 Eos
1253 2599 1406 2687 preterea
1429 2590 1490 2683 qui
1513 2591 1663 2664 convicti

252 2710 288 2782 in
305 2733 376 2785 uno
389 2713 466 2786 loco
481 2713 526 2787 ds
545 2712 657 2787 heresi
676 2713 723 2788 ad
741 2715 809 2788 aliu
827 2715 902 2788 loca
917 2737 958 2794 ss,
972 2715 1180 2788 tmnslsrunt
1193 2723 1232 2786 nt
1247 2714 1382 2787 cautius
1397 2714 1529 2810 possint
1549 2715 1661 2788 effun-

253 2835 335 2910 dere
351 2837 449 2912 virus
469 2838 621 2912 heretice
636 2839 832 2936 pravitatis,
853 2839 1005 2914 debitam
1028 2861 1209 2914 censemus
1233 2841 1348 2912 subire
1369 2839 1576 2932 vindictam,
1598 2838 1659 2912 ubi

252 2983 357 3056 super
377 2962 443 3036 hoc
468 2985 530 3059 psr
551 2963 644 3038 viros
666 2965 712 3038 ab
737 2965 861 3039 eodem
885 2987 1000 3040 errore
1025 2987 1209 3040 conversos
1234 2965 1281 3038 ud
1308 2964 1412 3039 fidem
1442 2985 1575 3038 necnon
1602 2987 1663 3060 per

248 3084 337 3158 nlius
355 3088 416 3182 qui
436 3109 496 3162 ens
518 3088 563 3164 de
584 3089 696 3162 heresi
715 3090 955 3180 convicerunt,
973 3091 1068 3186 quod
1086 3091 1122 3162 in
1146 3092 1212 3164 huc
1229 3113 1310 3164 casn
1330 3091 1420 3165 licite
1439 3091 1660 3164 concedimus

252 3209 462 3302 laciendum,
478 3212 624 3288 evidens
641 3214 874 3288 testimonium
890 3215 1071 3289 habeatnr.
1087 3217 1170 3288 ltsm
1184 3217 1302 3288 mortis
1314 3217 1483 3290 sententie
1492 3214 1660 3289 duximus

252 3333 464 3410 addicendos
481 3339 510 3411 si
526 3359 615 3434 quos
630 3339 855 3414 hereticorum
872 3340 918 3414 ad
935 3339 1108 3433 judicium
1127 3349 1267 3432 tractoS,
1285 3341 1321 3435 in
1337 3351 1493 3414 sxtrsno
1508 3342 1580 3414 vite
1595 3363 1658 3438 pe·

252 3459 360 3533 riculo
381 3461 528 3536 heresim
550 3463 765 3557 abjurantes,
785 3464 1005 3560 postmodum
1028 3465 1073 3540 de
1091 3467 1176 3540 laiso
1194 3467 1391 3559 juramento
1415 3465 1603 3540 constiterit
1623 3475 1658 3540 et

253 3579 324 3656 fide
342 3586 484 3659 mentita
503 3588 675 3680 convinci,
698 3609 740 3660 ac
759 3609 819 3662 sos
840 3587 1022 3681 eontigerit
1042 3589 1200 3682 ejusdem
1223 3589 1333 3661 morbi
1356 3598 1581 3684 spontaneam
1604 3589 1657 3661 in-

253 3729 389 3784 currere
412 3711 621 3802 recidivam,
640 3721 682 3784 ut
698 3713 765 3786 sibi
783 3713 1038 3808 dampnabilius
1062 3714 1225 3809 iniquitas
1246 3714 1291 3786 sit
1312 3715 1451 3787 mentita
1473 3725 1507 3788 st
1534 3735 1656 3808 penam

253 3831 403 3906 debitam
417 3835 638 3910 mendacium
659 3858 728 3911 non
745 3837 883 3912 evadat.
907 3838 1016 3912 Omne
1032 3839 1174 3934 insuper
1193 3837 1466 3935 proclamationis
1482 3859 1524 3912 ac
1540 3837 1658 3934 appel·

253 3955 388 4030 lationis
405 3959 611 4032 beneficium
634 3959 680 4034 ab
701 3961 878 4055 hereticis,
904 3963 1172 4058 receptatoribus
1193 3973 1228 4036 et
1251 3962 1441 4035 fautoribus
1465 3961 1655 4035 eorundem

252 4081 390 4178 penitus
415 4105 635 4170 amovemus3
656 4085 811 4160 volentes
830 4097 870 4160 ut
894 4086 939 4161 de
955 4085 1082 4160 linibus
1097 4087 1297 4162 Alemannis
1318 4087 1354 4158 in
1372 4086 1501 4184 quibus
1519 4107 1655 4182 semper

252 4207 365 4280 extitit
381 4206 454 4284 lida
472 4208 578 4300 fides,
595 4211 745 4286 heretice
761 4212 850 4287 labis
870 4213 1045 4308 genimina
1067 4213 1180 4286 modis
1201 4213 1362 4288 omnibus
1384 4211 1575 4287 deleantur.
1596 4211 1659 4283 Cs-

253 4340 362 4406 temm
378 4335 461 4432 quia
474 4345 604 4432 quanto
620 4339 752 4432 maj0ra
766 4337 886 4411 divine
901 4348 991 4412 nutu
1005 4337 1233 4411 miserationis
1249 4338 1443 4434 accepimus
1456 4346 1490 4410 et
1503 4337 1657 4410 altiorem

252 4457 366 4530 locum
387 4480 448 4558 prs
465 4457 544 4534 liliis
559 4460 740 4536 hominum
756 4463 965 4560 optinsmns,
983 4471 1078 4536 tanto
1102 4462 1279 4537 devotiora
1300 4462 1468 4536 debemus
1490 4461 1659 4556 obsequia

251 4583 471 4676 gratitudinis
498 4587 707 4680 conserenti3
736 4588 763 4660 si
794 4588 936 4684 quando
968 4588 1075 4684 igitur
1101 4588 1137 4660 in
1164 4588 1269 4662 nostri
1300 4587 1485 4661 maledicos
1512 4585 1659 4660 nominis

251 4707 357 4778 nostri
375 4709 536 4782 culminis
556 4711 777 4786 excandescit
794 4713 992 4805 auctoritas,
1008 4713 1037 4785 si
1059 4734 1136 4786 reos
1150 4714 1222 4786 lese
1246 4711 1430 4807 majestatis
1450 4709 1484 4782 in
1504 4707 1659 4806 personis
