4288 5912
527 507 587 569 tll
1027 506 1242 572 rnlnnltlcl
1265 505 1443 570 sscnllnt
1750 506 1832 588 [lin.
1850 507 1937 571 12:32

525 643 692 718 llenricns
713 639 1003 718 Psdebnrinensis
1018 644 1218 744 episcopas,
1245 643 1416 720 ilenricns
1440 640 1640 718 leodiensis
1663 643 1859 742 episcopas.
1886 646 1941 721 llil

526 766 681 864 predicte
706 767 852 842 ecclesie
878 767 1257 846 riolamrssllbsrtstis
1278 767 1686 845 excommunicaverunt.
1716 769 1774 842 llil
1800 791 1942 868 qnoque

525 891 622 986 regni
635 890 808 988 principes
820 889 1109 968 alternantem
1128 917 1138 966 ι
1157 893 1237 968 dnx
1254 893 1405 968 monis
1420 892 1589 986 Magnos,
1600 891 1690 966 ’ἀοι
1706 893 1940 968 loutariorum

526 1014 729 1104 Conradus,·
752 1014 904 1089 mnrehio
932 1013 1158 1110 chelridns‚
1185 1015 1394 1094 adelbertus
1420 1037 1538 1092 comes
1562 1015 1811 1111 lieniriginsis,
1845 1017 1939 1092 Gnno

525 1159 641 1212 eomes
665 1135 733 1234 (a),
759 1136 935 1214 Amoldns
962 1161 1094 1234 onmes,
1124 1141 1294 1217 ilenrions
1316 1159 1434 1216 comes
1457 1139 1504 1216 tle
1524 1141 1632 1235 hoo,
1663 1139 1873 1218 Godelridns
1890 1141 1938 1217 rle

525 1261 641 1342 Kenio
657 1263 702 1361 (l)
718 1278 849 1356 comes,
871 1263 954 1338 item
967 1263 1008 1338 G.
1030 1263 1123 1338 illins
1135 1267 1225 1362 ejus,
1241 1287 1323 1340 enm
1336 1265 1454 1340 mnltis
1468 1264 1559 1340 aliis.

573 1390 642 1464 Nos
657 1411 700 1464 ea
714 1398 828 1464 entem
844 1390 903 1486 pia
915 1391 998 1464 moti
1014 1391 1290 1466 consideratione
1305 1390 1403 1488 qnod
1415 1389 1560 1465 ecclesia
1582 1389 1659 1488 ipen
1677 1412 1700 1465 a
1717 1390 1844 1466 nostris
1856 1412 1938 1488 pre-

526 1514 763 1590 decessoribus
787 1514 1035 1592 reeordationis
1063 1515 1181 1593 inclita
1206 1527 1260 1592 est
1287 1515 1449 1610 landate,
1476 1517 1633 1592 ndentes
1661 1537 1740 1590 eam
1772 1525 1936 1612 tanquam

526 1648 677 1716 nostram
687 1661 858 1716 cameram
873 1642 1055 1739 specialem
1068 1637 1133 1742 [in]
1148 1643 1220 1716 snis
1233 1643 1334 1718 bonis
1347 1640 1787 1736 etlibertatibnsrcgereet
1801 1641 1935 1734 lovere3

527 1765 742 1842 attendentes
753 1767 895 1864 insuper
908 1765 1014 1842 fidem
1027 1789 1150 1864 pnrom
1161 1777 1197 1843 et
1213 1769 1432 1846 devotionem
1445 1766 1612 1842 sinceram
1629 1789 1736 1862 qnam
1748 1766 1938 1864 prepositus

527 1901 563 1968 et
579 1892 771 1990 capitulum
785 1892 929 1968 ecclesie
943 1901 1146 1987 memorale,
1166 1891 1287 1968 fideles
1304 1892 1432 1987 nostri,
1452 1913 1536 1988 erga
1553 1893 1765 1986 maiestatem
1789 1899 1938 1964 nostram

526 2017 693 2092 hactenns
715 2016 912 2092 habuerunt
928 2039 970 2092 ec
986 2018 1199 2094 inoeoeanter
1214 2019 1343 2094 habere
1359 2026 1561 2111 noscuntur,
1581 2015 1804 2114 privilegium
1826 2014 1937 2112 ipsnm

528 2141 575 2217 de
589 2141 698 2218 verbo
711 2141 758 2218 ad
771 2143 914 2218 verbnm
930 2145 1108 2218 transcribi
1117 2143 1286 2240 jmsimns
1298 2151 1333 2220 et
1354 2165 1397 2220 es
1414 2165 1486 2241 qne
1503 2141 1724 2218 eontinentur
1745 2139 1782 2212 in
1799 2161 1843 2215 eo
1864 2161 1939 2237 pre·

529 2268 599 2342 late
628 2267 771 2343 ecclesie
801 2266 847 2343 de
877 2267 1098 2364 benignitatis
1123 2277 1239 2344 nostre
1272 2269 1382 2364 grstia
1407 2277 1576 2366 perpetuo
1604 2265 1864 2342 confirmamus.
1897 2264 1939 2338 llt

530 2399 647 2466 antem
672 2391 739 2468 hoc
761 2393 975 2491 transcriptic
1001 2403 1036 2468 et
1061 2392 1275 2470 confirmatio
1302 2403 1418 2469 nosne
1447 2393 1554 2468 robur
1579 2401 1747 2492 perpetue
1773 2389 1938 2464 firmitatis

527 2517 698 2610 obtineat,
726 2539 866 2614 presens
883 2519 1106 2616 privilegiam
1121 2521 1226 2598 scribi
1247 2531 1284 2596 et
1299 2519 1488 2615 majestatis
1505 2527 1623 2595 nosne
1639 2517 1753 2612 sigilio
1770 2515 1936 2612 jnssimns

532 2643 747 2718 communiri.

576 2769 688 2864 llnjns
704 2771 754 2845 roi
780 2777 884 2844 testes
905 2778 987 2844 snnt
1006 2795 1015 2842 ε
1036 2769 1299 2846 Panormitanns
1321 2779 1358 2845 et
1373 2769 1558 2867 Qpnanns
1575 2764 1843 2864 archicpiscopi,
1867 2765 1938 2838 lta—

530 2894 691 2968 vellensis
703 2894 899 2992 episeopus,
918 2894 1121 2968 Thomasins
1134 2893 1338 2972 llocrrarnm
1355 2915 1485 2989 onmes,
1500 2891 1654 2968 marchio
1665 2892 1794 2981 unos,
1811 2889 1938 2964 lliocar

531 3018 598 3094 dus
614 3020 836 3110 camerarios,
851 3028 886 3096 et
897 3019 955 3094 alii
970 3020 1205 3116 quamplures.
1635 3025 1638 3032 ⁴

578 3145 724 3242 Signnm
745 3144 878 3219 domini
899 3145 1065 3220 Fniderioi
1090 3143 1233 3220 secundi
1255 3144 1318 3218 llei
1343 3145 1455 3240 gmtia
1472 3140 1692 3219 invictissimi
1711 3141 1938 3214 Romanorum

530 3271 747 3368 imperatoris
764 3292 900 3368 semper
914 3270 1072 3366 angusti,
1088 3271 1279 3346 Jerusalem
1295 3277 1330 3344 et
1346 3269 1464 3344 Sicilie
1480 3269 1585 3366 regis.
1605 3260 1893 3368 [llonnprcmmnl

578 3398 667 3472 Acta
696 3405 778 3470 snnt
805 3395 870 3470 hee
898 3416 991 3470 anno
1019 3395 1195 3471 dominice
1221 3394 1467 3470 incarnationis
1496 3393 1680 3468 millesimo
1708 3389 1939 3465 ducentesimo

531 3521 708 3618 trigesimo
721 3521 889 3614 meando,
909 3543 1029 3596 mense
1040 3521 1244 3614 decembris,
1260 3530 1359 3596 sexte
1370 3519 1580 3612 indictionis,
1597 3515 1790 3616 imperante
1804 3515 1939 3590 domino

530 3655 645 3720 nostro
663 3647 842 3722 Frederico
856 3645 1023 3740 meando,
1045 3647 1106 3720 Dei
1124 3646 1235 3742 gratia
1251 3645 1478 3720 invictissimo
1496 3646 1727 3719 llomanorum
1741 3642 1940 3738 imperatore

529 3791 666 3867 semper
689 3780 855 3868 angusto,
882 3771 1066 3846 Ierusalem
1088 3781 1124 3845 et
1152 3771 1267 3845 Sicilie
1292 3787 1393 3866 rege,
1421 3775 1514 3844 anno
1539 3767 1684 3844 Romani
1711 3765 1847 3864 imperii
1868 3763 1939 3856 ejus

531 3895 800 3987 tertiodecimo,
825 3895 924 3990 regni
943 3897 1127 3971 ierusalem
1150 3905 1275 3970 octeno
1296 3903 1332 3970 et
1354 3893 1455 3990 regni
1470 3893 1586 3968 Sicilie
1613 3890 1785 3966 tricesimo
1802 3888 1936 3986 qninto,

532 4020 685 4094 lelioiter.
706 4020 835 4096 Amen:
1527 4029 1531 4039 “
1890 4048 1893 4058 ¹
1925 4023 1929 4054 ³

578 4147 704 4220 Datum
717 4144 814 4242 epod
828 4144 1006 4223 Procinam
1020 4142 1080 4243 (c),
1096 4164 1205 4237 anno,
1221 4165 1341 4220 mense
1352 4155 1390 4219 et
1408 4143 1595 4220 indictione
1609 4141 1820 4242 prescriptis.

574 4322 614 4402 (a)
636 4339 686 4402 ap.
707 4323 851 4386 lllraenm
864 4319 1034 4386 adalberio
1047 4339 1152 4400 conta,
1168 4323 1323 4399 Haecine,
1337 4321 1525 4402 Faciles-icto,
1542 4322 1635 4398 cmm,
1650 4320 1777 4384 masta.

574 4431 615 4512 (ὖ)
636 4448 685 4510 ap.
708 4431 853 4494 llllraenm
869 4429 1039 4512 chcsriclnr
1051 4429 1087 4494 dc
1097 4428 1211 4494 lecto.

573 4537 614 4620 (c)
634 4540 756 4622 Lsffltur
768 4541 801 4602 ln
813 4553 1007 4622 pergameno,
1026 4541 1079 4603 sed
1092 4541 1169 4604 mals
1181 4539 1347 4602 Prostanna.
