4288 5912
204 577 304 636 {roton
320 568 363 655 d]
655 564 850 628 HISTORIA
877 523 1182 629 DIPLOMATICA:
1553 565 1615 630 425

206 707 339 799 Salem,
366 700 599 778 Cisteroiensis
620 700 769 792 ordinis,
796 711 831 775 et
856 702 1101 776 monachorum
1124 723 1204 774 oum
1224 721 1266 774 eo
1284 700 1523 774 tamulantium
1541 702 1614 774 Deo

209 830 304 922 vivo,
334 827 579 903 monasterium
602 826 717 922 ipsam
737 847 807 899 nna
827 848 908 900 oum
921 827 1082 900 omnibns
1103 823 1376 922 possessionibus
1390 825 1462 898 suis
1474 848 1516 899 ao
1533 847 1617 922 per·

207 954 303 1028 sonis
316 963 386 1028 mm
401 950 640 1027 ecclesiasticis
653 971 759 1046 qnam
773 949 960 1025 mundanis
973 973 1038 1024 noo
1050 973 1120 1023 non
1135 960 1169 1024 et
1182 951 1346 1024 omuibus
1352 949 1490 1044 juribus
1501 949 1617 1024 eidem

208 1079 353 1152 ecclesie
367 1075 618 1174 pertinentibus
626 1071 689 1172 (a),
706 1075 897 1148 subnoetra
912 1084 947 1149 et
964 1074 1101 1171 imperii
1113 1076 1323 1171 protentione
1337 1075 1523 1171 recipimus
1538 1097 1617 1170 sps-

209 1203 303 1298 oiali3
325 1201 565 1276 oonbrmantes
580 1199 694 1274 eidem
710 1199 828 1274 omnia
841 1199 1039 1296 privilegia,
1060 1200 1293 1274 immunitates
1309 1209 1345 1274 ot
1358 1200 1531 1274 libertates
1546 1219 1619 1273 mo·

209 1328 359 1402 nasterio
370 1326 438 1424 ipsi
451 1348 473 1399 a
486 1324 588 1400 nobis
600 1324 657 1399 vel
672 1324 947 1422 progenitoribus
957 1325 1081 1398 nostris
1090 1322 1170 1398 dive
1180 1324 1426 1399 reeordationis
1437 1345 1616 1418 conoesea3

208 1451 402 1550 specialiter
430 1459 546 1525 autem
573 1450 718 1547 gratiam
743 1447 916 1523 karissimi
938 1447 999 1522 filii
1027 1449 1133 1522 nostri
1152 1450 1195 1522 H.
1221 1449 1363 1523 illustris
1389 1450 1619 1524 Romanorum

208 1577 301 1674 regis
318 1575 502 1668 gratiosius
519 1584 783 1672 prosequentes,
804 1573 1026 1648 eoneedimus
1040 1583 1074 1647 et
1087 1571 1328 1648 confirmamus
1345 1571 1459 1648 eidem
1477 1573 1620 1670 privile-

210 1702 306 1796 gium
324 1701 482 1795 ejusdem
509 1699 572 1772 filii
590 1703 697 1775 nostri
715 1698 781 1796 (t),
800 1721 863 1796 per
880 1698 975 1794 qnod
995 1698 1047 1772 eis
1058 1698 1137 1774 talis
1154 1696 1353 1773 eonceditur
1371 1700 1569 1774 immunitas
1585 1708 1620 1773 et

213 1826 353 1898 libertas
368 1835 408 1898 ut
422 1825 583 1900 homiues
602 1824 796 1900 habitantes
819 1825 856 1898 in
881 1823 1043 1898 domibus
1059 1845 1147 1919 quas
1163 1823 1293 1898 habant
1309 1823 1345 1898 in
1365 1825 1567 1921 Ezzalingeu
1586 1834 1620 1898 et

212 1949 250 2021 in
264 1950 362 2023 Uima
377 1948 425 2047 (b)
441 1949 478 2022 in
499 1949 604 2022 nullis
622 1947 744 2042 datiis,
768 1949 885 2040 talliis,
913 1949 1077 2044 precariis
1095 1959 1155 2022 ant
1172 1948 1451 2045 quibuscumque
1470 1949 1621 2023 oolleotis

211 2073 258 2148 ad
274 2074 532 2170 requisitionem
549 2083 700 2148 nostram
715 2095 778 2147 sen
790 2095 1027 2148 suceessorum
1043 2083 1236 2148 nostrorum
1252 2075 1309 2147 vel
1323 2094 1621 2170 quorumcumque

211 2197 411 2272 officialium
425 2199 580 2272 conferre
594 2220 675 2272 oum
687 2199 777 2272 alliis
789 2197 861 2295 (aa)
874 2207 1071 2292 teneantur,
1087 2199 1186 2274 seda
1203 2199 1365 2296 predictis
1376 2200 1537 2274 omnibus
1551 2209 1622 2274 tam

211 2325 289 2398 lona
305 2325 436 2420 prefata
457 2345 562 2418 quam
579 2322 736 2398 homines
752 2323 861 2398 libera
877 2333 913 2398 et
930 2319 1129 2422 immun[i]a
1146 2324 1398 2420 inperpetuum
1415 2346 1621 2400 conserven-

214 2459 283 2521 tur.
302 2451 497 2524 statuentes
513 2458 552 2521 nt
572 2449 667 2524 nulla
683 2469 832 2545 persona
847 2449 917 2522 alta
935 2449 992 2524 vel
1010 2448 1167 2542 humilis,
1189 2450 1418 2523 aeclesiastica
1440 2450 1495 2522 vet
1518 2469 1624 2522 seon-

213 2567 312 2656 laris‚
339 2577 457 2642 eontra
481 2567 571 2642 hano
595 2579 710 2644 nostre
735 2568 966 2644 consessionis
995 2577 1030 2642 et
1050 2567 1315 2644 confirmationis
1339 2569 1483 2664 gretiam
1505 2568 1625 2642 venire

213 2703 402 2790 presumat.
428 2693 530 2779 Quod
556 2693 619 2789 qui
644 2693 783 2787 feeerit,
814 2701 927 2791 preter
956 2691 1229 2788 indignationem
1249 2693 1369 2768 divine
1386 2692 1572 2786 majestatis
1587 2703 1625 2766 et

214 2827 382 2909 nostram,
402 2825 540 2892 eentum
554 2817 660 2890 libras
674 2817 771 2910 anri,
790 2817 973 2892 medietate
988 2818 1150 2910 injuriam
1162 2817 1288 2914 passis,
1307 2816 1491 2892 medietate
1506 2826 1624 2892 nostro

214 2941 325 3014 erario
339 2939 537 3031 inferenda,
558 2963 597 3015 so
612 2942 747 3016 noverit
761 2963 837 3016 esse
850 2940 1082 3016 multandum.
1098 2941 1154 3016 Ad
1170 2941 1274 3034 hujus
1284 2941 1402 3038 itaque
1417 2952 1532 3016 nostre
1542 2963 1625 3016 oon·

216 3066 380 3138 oessionis
390 3075 425 3139 et
436 3063 705 3141 confirmationis
718 3066 917 3142 memoriam
929 3075 964 3139 et
976 3067 1081 3140 robur
1093 3075 1259 3164 perpetuo
1269 3067 1470 3161 valiturum,
1485 3090 1626 3164 presens

215 3189 382 3286 scriptum
400 3188 473 3262 fleri
489 3199 524 3264 et
539 3191 635 3270 bulla
652 3212 758 3266 aurea
773 3191 908 3289 typario
931 3202 1047 3264 nostre
1070 3191 1256 3284 majestatis
1273 3191 1447 3289 impressa
1460 3194 1626 3288 jussimus

214 3313 374 3408 insigniri
388 3313 402 3408 (
418 3313 445 3410 ).

263 3440 349 3512 Data
372 3437 468 3534 apud
486 3439 694 3530 Canusium,
714 3459 807 3514 anno
824 3440 961 3514 Domini
981 3439 1261 3534 menuitur,
1290 3463 1409 3518 mense
1430 3443 1621 3536 februario,

216 3562 404 3637 indictione
419 3571 517 3638 sexta
536 3562 596 3660 (d)

258 3740 300 3821 (a)
322 3741 369 3802 Ibi
389 3759 508 3821 quoqne
527 3760 577 3821 ap.
596 3743 694 3822 Luntg
712 3745 827 3806 muna.

259 3847 302 3930 (b)
325 3849 404 3926 Qum
416 3846 523 3912 babeat
540 3849 575 3910 in
593 3846 774 3932 Baetisque
793 3856 822 3912 et
838 3849 872 3911 r‘n
892 3844 985 3928 Ulmo,
998 3856 1063 3914 tum
1076 3867 1125 3930 ap.
1140 3851 1254 3932 Lnntg,
1269 3857 1334 3914 tum
1346 3853 1380 3912 tn
1396 3853 1461 3931 tpso
1473 3852 1626 3933 privilegio

217 3953 337 4016 flanuot
349 3953 468 4018 rimant.

262 4057 299 4138 (r)
326 4060 407 4121 Haeo
418 4061 523 4122 nloma
536 4061 626 4122 verbe
637 4059 687 4123 Ad
697 4059 784 4144 injur
796 4079 890 4144 usque
901 4063 941 4126 ad
953 4063 1090 4145 impeiri
1102 4079 1151 4142 ap.
1165 4063 1263 4144 Lnnig
1274 4081 1393 4144 quoque
1405 4065 1524 4129 desunt.

261 4161 305 4245 (d)
326 4166 384 4244 Ap.
398 4166 649 4248 Lnntgreptr'ma;
662 4170 749 4244 maia,

255 4456 291 4528 (t)
310 4455 349 4515 ct.
366 4471 459 4532 supra,
473 4464 539 4518 toan
553 4458 600 4532 111,
615 4477 644 4536 p.
663 4463 725 4536 tot),
735 4462 902 4538 privilegiam
912 4465 946 4523 do
959 4481 1029 4524 anno
1041 4469 1120 4537 4229,
1134 4467 1169 4525 2³
1181 4464 1308 4524 ootobris.
