4320 5918
239 583 337 644 lantrr.
353 581 408 660 801
686 579 887 642 lllS'lthlA
906 576 1201 641 ulammaulas.
1589 579 1646 640 511

239 716 339 790 etatis
349 735 457 811 quam
476 711 683 810 posteritatis
707 735 911 789 meoessure
929 713 1085 788 notitiam
1101 711 1269 786 duximus
1289 709 1531 806 perferendum
1552 714 1650 808 quod

241 862 305 915 uos
334 839 564 938 permittimus
597 845 632 911 et
665 837 887 912 eeneedimus
920 839 1017 934 regia
1044 837 1245 910 auctoritate
1269 843 1384 908 nostra
1412 837 1649 931 prenominato

238 964 451 1040 Eistedemis
474 962 620 1038 eeclesia
642 964 771 1058 presuli
796 963 942 1058 suisque
957 962 994 1034 in
1012 983 1118 1037 evum
1141 959 1397 1035 suecessoribus
1414 969 1453 1032 nt
1472 962 1648 1056 quotiens·

239 1110 389 1182 cumque
412 1087 593 1182 eontigerit
616 1085 711 1180 quod
734 1086 976 1162 ministeriales
1000 1086 1127 1179 nostri,
1147 1085 1223 1159 sive
1244 1083 1417 1158 masculus
1445 1085 1547 1158 tuerit
1572 1087 1648 1158 sive

239 1211 385 1301 femina,
415 1212 625 1307 pertinentes
650 1210 794 1306 imperio
817 1219 884 1284 aut
898 1210 999 1284 nobis
1019 1232 1067 1284 ex
1081 1209 1271 1284 hereditate
1284 1209 1517 1282 eontraxerint
1533 1211 1650 1283 matri·

239 1335 534 1430 moniumreljam
545 1344 885 1408 contraxeruntoum
898 1335 1177 1408 ministerialibus
1186 1333 1329 1408 eoelesie
1342 1342 1534 1428 prenotate,
1551 1337 1650 1429 pueri

238 1459 489 1536 descendentes
509 1459 555 1532 ab
577 1459 628 1532 eis
643 1479 732 1554 eque
751 1458 967 1551 dividantur,
985 1459 1033 1532 ita
1050 1456 1146 1554 quod
1164 1458 1258 1554 prior
1276 1467 1361 1530 natu
1383 1457 1460 1532 sive
1474 1459 1651 1532 masculus

240 1585 342 1659 luerit
357 1586 434 1658 sive
447 1584 575 1660 femina
592 1582 826 1658 conditionem
840 1583 948 1680 patris
961 1592 1145 1680 sequatur,
1171 1581 1347 1657 secundus
1366 1603 1449 1655 vero
1467 1592 1549 1655 natu
1567 1603 1650 1657 eon·

239 1709 407 1784 ditionem
423 1709 560 1798 matris,
588 1717 623 1781 et
638 1708 689 1781 sio
704 1707 749 1781 de
772 1708 915 1803 reliquis
935 1708 980 1781 ab
1004 1708 1087 1805 ipsis
1105 1707 1325 1804 procreandis
1343 1705 1401 1780 liat
1414 1707 1553 1800 valjam
1570 1715 1650 1804 pross·

240 1835 460 1924 creatis,etsi
472 1855 573 1930 pares
583 1833 724 1925 luerint,
735 1832 901 1908 medietas
911 1833 1058 1930 imperio
1068 1835 1125 1906 rel
1136 1833 1236 1906 uobis
1244 1833 1301 1906 vel
1310 1831 1498 1904 heredibus
1509 1834 1648 1924 nostris,

239 1957 373 2056 reliqua
397 1979 478 2056 pars
492 1958 636 2032 eoelesie
654 1957 849 2032 Eistedensi
866 1959 1046 2055 pertineat.
1063 1959 1099 2032 Si
1122 1979 1208 2032 vero
1226 1958 1324 2055 pueri
1340 1958 1510 2053 procreati
1525 1959 1652 2032 luerint

239 2085 405 2181 impares,
424 2085 520 2158 solus
535 2084 594 2156 ille
610 2085 672 2180 qui
689 2095 862 2180 superest,
879 2092 914 2158 et
927 2084 960 2156 si
984 2083 1086 2157 luerit
1106 2105 1198 2156 unus
1216 2093 1351 2156 tantum
1366 2091 1401 2156 et
1423 2103 1493 2156 non
1512 2083 1648 2179 plures,

239 2218 416 2304 paternam
428 2231 489 2282 eos
509 2209 672 2282 volumus
683 2208 823 2304 assequi
837 2207 1087 2299 oonditionem3
1106 2207 1172 2282 beo
1190 2207 1306 2282 omnia
1322 2206 1466 2304 imperio
1485 2207 1653 2302 nobisque

240 2343 274 2406 et
283 2333 408 2407 nostris
421 2333 610 2408 heredibus
622 2333 804 2412 eeclesiam
812 2333 1023 2430 sepedictam
1038 2341 1073 2406 et
1088 2333 1165 2426 ejus
1177 2331 1355 2429 episeopus
1366 2331 1519 2404 vicissim
1534 2331 1653 2405 deeer·

240 2466 360 2531 nentes
371 2459 568 2532 observare.
581 2456 865 2532 Coneedimusad
877 2457 945 2532 hee
962 2457 1076 2532 eidem
1093 2457 1257 2554 episeopo
1267 2465 1302 2530 et
1312 2455 1387 2529 suis
1398 2457 1654 2530 snecmsoribus

239 2589 280 2654 ut
303 2581 340 2654 in
366 2583 506 2656 civitate
529 2581 722 2656 Eistedensi
744 2581 919 2657 nundinas
942 2583 1109 2656 annuales
1134 2582 1282 2656 celebret
1304 2601 1365 2675 per
1390 2579 1652 2674 quatuordecim

240 2705 317 2780 dies
329 2705 534 2800 duraturas,
557 2707 648 2780 sieut
664 2707 748 2782 olim
766 2705 898 2782 ibidem
921 2706 1073 2780 edehres
1090 2702 1199 2778 luisse
1211 2713 1462 2796 memorantur,
1481 2705 1653 2780 universis

241 2831 510 2927 negotiatoribus
530 2853 653 2928 paoem
674 2829 898 2928 providentes
917 2840 952 2905 et
975 2831 1043 2903 sub
1066 2837 1183 2903 nostra
1207 2849 1270 2904 eos
1294 2829 1449 2902 volentes
1472 2829 1589 2904 eundo
1605 2830 1653 2906 ad

240 2957 410 3052 prelatum
428 2958 541 3030 lorum
559 2966 594 3030 et
608 2955 788 3031 redeundo
804 2956 934 3030 babere
956 2954 1153 3029 muriam.
1175 2951 1365 3026 Statuimus
1384 2953 1491 3048 igitur
1507 2962 1542 3027 et
1557 2955 1653 3051 regia

240 3080 442 3156 auctoritate
462 3079 604 3155 firmiter
627 3079 885 3156 observandum
912 3078 1132 3154 decernimus
1158 3087 1197 3151 ut
1219 3078 1316 3152 nulla
1336 3099 1481 3174 persona
1503 3081 1572 3154 alta
1595 3081 1653 3154 vel

239 3203 400 3297 humilis,
420 3205 648 3280 ecelesiastica
661 3205 718 3279 vel
735 3205 917 3297 seeulams,
937 3204 1028 3279 bane
1040 3211 1155 3276 nostre
1173 3202 1405 3276 consessionis
1420 3203 1571 3278 divalem
1589 3227 1653 3300 pa·

239 3329 356 3423 ginam
369 3328 621 3425 infringereve!
635 3331 669 3404 ei
683 3349 826 3427 quoquo
837 3327 943 3402 modo
957 3327 1083 3402 audeat
1093 3328 1277 3400 contraire.
1292 3326 1395 3414 Quod
1406 3329 1468 3422 qui
1487 3329 1601 3404 leeent
1615 3331 1650 3402 in

239 3453 403 3527 ultionem
427 3454 707 3551 transgressionis
719 3453 972 3550 quinquaginta
986 3451 1092 3526 libras
1112 3452 1189 3525 anri
1202 3463 1399 3548 componat,
1415 3475 1563 3547 querum
1577 3475 1652 3526 me·

240 3576 351 3652 dietas
367 3577 450 3652 fiseo
464 3589 595 3673 nostro,
605 3578 746 3655 residua
762 3600 846 3654 rere
858 3599 938 3676 pars
949 3577 1112 3671 iujuriam
1125 3576 1236 3672 passis
1248 3578 1475 3673 persolvatur.
1485 3577 1541 3652 Ad
1552 3579 1652 3670 eujus

239 3702 289 3776 rei
305 3705 470 3796 majorem
483 3703 708 3797 evidentiam,
720 3703 787 3780 boe
799 3724 940 3801 presens
954 3701 1174 3798 privilegium
1190 3703 1362 3776 eonseribi
1375 3712 1410 3776 et
1423 3703 1517 3776 bulla
1535 3710 1651 3778 nostra

240 3847 345 3901 aurea
360 3827 506 3902 lenimus
520 3828 693 3924 insigniri.

288 3951 400 4046 Hujus
417 3953 467 4026 rei
478 3959 582 4029 testes
595 3961 702 4028 sunt:
735 4007 772 4026 ..
798 4008 807 4026 .
834 3951 1371 4047 Tbaratiensisarohiepiseopus,
1400 4004 1411 4022 .
1441 4003 1450 4022 .
1483 3950 1653 4026 .lllones·

240 4075 396 4149 teriensis
414 4078 617 4174 episeopus,
636 4075 843 4152 chunradus
854 4076 1151 4172 Wiroeburgensis
1168 4076 1353 4172 episeopus
1371 4075 1558 4170 imperialis
1574 4077 1653 4150 aule

239 4201 482 4296 cancellarius,
507 4224 622 4277 eomes
634 4202 888 4278 Frid'oriousde
902 4197 1105 4296 dbenberg,
1122 4221 1237 4275 eomes
1248 4201 1367 4297 lloppo
1380 4198 1425 4274 de
1438 4199 1651 4295 Werdheim,

240 4345 355 4400 eomes
386 4327 571 4402 Helorinus
599 4328 645 4403 de
675 4329 882 4418 Ortenbere,
918 4326 1039 4399 Chuno
1072 4325 1118 4400 de
1145 4325 1382 4412 liineenbere,
1411 4325 1651 4418 Drushardus,

239 4450 452 4524 Wernberus
478 4452 524 4526 de
540 4452 717 4528 Benlaude
731 4463 767 4527 et
787 4454 890 4527 irater
908 4473 994 4524 snus
1014 4450 1212 4547 Philippus,
1232 4449 1437 4523 chunradus
1456 4449 1591 4545 dapifer
1607 4449 1654 4526 de

240 4573 454 4668 lietenbure,
482 4576 676 4651 Friderieus
700 4577 837 4675 dapifer
858 4574 905 4650 de
931 4575 1112 4671 Walpure,
1143 4573 1354 4648 Ludewicus
1384 4573 1430 4648 de
1457 4574 1652 4666 Niobastet,

241 4699 417 4796 Nidiugus
433 4699 477 4776 d'e
490 4701 764 4798 wiroehmg‚st
781 4700 839 4776 alii
855 4700 1093 4798 quamplures.
1520 4731 1523 4738 ·
