4360 5908
482 579 549 644 aaa
993 575 1208 640 rnrunnror
1232 571 1410 638 sncouur
1718 571 1798 658 [nn.
1816 575 1902 640 rasa

535 712 731 788 Fridericus
748 713 811 790 oei
834 713 946 807 matio
965 713 1197 788 Romanorum
1218 711 1405 808 imperator
1425 729 1563 805 semper
1579 717 1765 806 aogomos,
1781 711 1905 786 Hiero·

487 840 596 914 salem
614 846 650 912 et
666 836 782 910 Sicilie
796 858 875 912 rex.
893 838 958 912 Per
978 859 1121 934 presens
1137 835 1303 932 scriptum
1326 842 1447 910 notum
1463 830 1538 906 beri
1552 833 1714 908 volomus
1733 835 1905 910 universis

489 961 625 1058 imperii
640 960 802 1036 fidelibus
811 970 882 1036 tam
891 961 1111 1059 presentibus
1120 981 1226 1056 quam
1239 955 1471 1056 futurisquod
1480 955 1611 1048 nos,ad
1621 958 1905 1055 supplicationem

490 1087 699 1160 venerabilis
711 1087 847 1162 abbatis
858 1088 895 1160 in
906 1086 1134 1162 Bebenhusen
1151 1084 1263 1160 fidelis
1276 1086 1402 1178 nostri,
1423 1085 1577 1181 inspecta
1586 1105 1727 1181 quoque
1740 1086 1906 1182 religione

487 1209 620 1284 ibidem
635 1210 836 1306 degentium
849 1233 920 1308 qua
938 1210 1060 1286 divino
1075 1211 1185 1284 cultui
1200 1210 1423 1304 famulantur,
1439 1208 1559 1285 divine
1571 1209 1708 1306 pietatis
1730 1211 1856 1284 intuito
1869 1223 1906 1286 et

489 1355 551 1430 pro
578 1335 731 1410 remedio
759 1337 954 1410 animamm
984 1334 1146 1410 divomm
1172 1344 1400 1432 augustomm
1423 1335 1682 1431 progenitorum
1712 1345 1905 1411 nostrornm

489 1461 654 1536 memorie
670 1463 855 1538 recolende
872 1485 915 1537 ac
931 1462 1168 1536 incolumitate
1185 1472 1302 1536 nostra
1317 1469 1353 1534 et
1368 1459 1481 1534 salute
1496 1460 1610 1534 anime
1627 1470 1755 1552 nosne,
1774 1463 1906 1536 exemi·

489 1607 567 1660 mus
585 1585 677 1662 bona
692 1609 757 1662 sua
771 1610 842 1684 qne
856 1588 1102 1662 monasterium
1117 1594 1345 1662 memoratum
1363 1584 1400 1658 in
1423 1584 1626 1680 Emelingeu
1647 1587 1742 1680 juste
1763 1595 1854 1662 tenet
1868 1599 1905 1662 et

488 1710 641 1808 possidet
654 1733 695 1786 ao
709 1712 746 1783 iu
760 1721 860 1786 antea
867 1714 964 1806 justo
976 1712 1076 1786 titulo
1090 1711 1215 1810 poterit
1228 1710 1387 1808 adipisci,
1399 1709 1445 1786 ab
1454 1710 1551 1784 omni
1566 1709 1648 1784 data
1661 1719 1696 1785 et
1708 1711 1900 1805 exaoboue,

487 1845 523 1908 et
540 1835 656 1932 ipsum
677 1837 840 1910 volomus
854 1836 980 1912 amodo
1004 1837 1041 1910 in
1058 1834 1191 1910 eisdem
1210 1835 1311 1910 bonis
1334 1855 1411 1910 esse
1430 1835 1578 1909 libemm
1593 1843 1628 1908 et
1643 1834 1818 1922 immune;
1836 1837 1903 1910 mi-

489 1958 723 2035 nisterialibus
742 1972 777 2036 et
793 1962 929 2036 civibus
944 1962 1102 2056 ejusdem
1118 1962 1184 2036 loci
1197 1959 1391 2057 specialiter
1402 1959 1597 2034 inhibentes
1607 1961 1772 2056 quatinus
1787 1962 1904 2036 nullus

488 2103 570 2158 enm
588 2093 706 2160 contra
730 2087 898 2184 presentis
921 2086 1152 2184 exemptionis
1170 2094 1206 2160 et
1222 2075 1448 2158 immunitatis
1467 2094 1583 2160 nostre
1596 2086 1761 2182 paginam
1776 2087 1904 2162 moles-

488 2217 562 2282 tare
577 2211 875 2304 presumathod
892 2213 953 2308 qni
968 2211 1230 2310 presumpserit,
1246 2220 1410 2308 tanquam
1426 2209 1583 2284 mandati
1595 2212 1702 2286 nostri
1717 2221 1904 2310 transgres-

487 2353 621 2426 sorem,
643 2355 681 2406 se
697 2335 833 2408 noverit
854 2335 1084 2432 indignationi
1111 2338 1217 2410 noetri
1243 2335 1404 2410 culminis
1427 2335 1616 2430 subjacere.
1637 2335 1814 2410 litantem
1838 2339 1903 2414 bec

488 2467 602 2532 nostra
617 2460 794 2556 exemptio
813 2459 911 2536 firma
928 2483 1065 2559 semper
1082 2469 1118 2536 et
1132 2461 1339 2536 inconcussa
1351 2471 1564 2558 permaneat,
1580 2481 1723 2558 presens
1736 2463 1902 2560 scripturn

486 2580 561 2654 fieri
578 2581 723 2655 lecimus
736 2584 849 2679 sigillo
862 2585 1052 2679 majestatie
1069 2595 1184 2660 nostre
1201 2586 1386 2658 monitum.

536 2708 649 2801 Hujus
666 2708 716 2782 rei
731 2717 834 2784 testes
852 2720 934 2784 sunt
951 2713 987 2784 S.
1006 2709 1231 2806 Mogontinos
1255 2710 1554 2807 archiepiscopus,
1580 2711 1622 2784 Il.
1644 2713 1902 2812 Solzbnrgensie

485 2829 784 2928 archiepiscopus,
803 2833 844 2906 lt.
863 2833 1157 2930 Papenbergensis
1169 2834 1372 2933 episcopus,
1392 2836 1429 2910 S.
1446 2835 1704 2932 llatisponensis
1719 2839 1901 2938 episcopos

485 2953 674 3050 imperialis
684 2957 764 3032 aule
781 2958 1025 3053 cancellarios,
1046 2960 1089 3032 ll.
1105 2959 1371 3034 Wormacieosis
1386 2959 1587 3057 episcopus,
1608 2961 1645 3036 C.
1664 2962 1773 3038 abbas
1785 2965 1901 3040 Sancti

486 3075 593 3171 Galli,
621 3081 666 3152 Η.
692 3081 846 3158 marchio
864 3082 910 3157 de
925 3084 1061 3176 Badeo,
1082 3083 1124 3156 G.
1141 3094 1177 3158 et
1192 3085 1229 3158 C.
1249 3085 1371 3160 fratres
1391 3083 1437 3160 de
1453 3083 1668 3178 llobeulooh,
1690 3087 1900 3164 Wemberus

485 3199 621 3298 dapiier
635 3203 680 3278 de
695 3205 879 3300 Bollanda,
900 3206 937 3280 C.
958 3207 1005 3282 de
1022 3207 1265 3304 clinganberc,
1293 3209 1351 3283 W.
1370 3209 1416 3283 de
1428 3210 1610 3306 Limpurg,
1636 3211 1673 3286 C.
1689 3213 1735 3288 de
1752 3215 1900 3290 Winter-

483 3335 605 3400 stetten
623 3329 800 3425 pincerne,
816 3332 859 3404 H.
874 3331 920 3408 de
933 3331 1189 3431 Sremberc(o),
1205 3336 1248 3406 H.
1267 3332 1524 3410 deWaltresten
1541 3345 1576 3408 et
1591 3336 1651 3410 alii
1661 3342 1896 3436 quamplures.

532 3453 619 3530 Acta
637 3465 720 3530 eunt
735 3457 801 3532 bec
817 3480 910 3532 auno
926 3457 1099 3536 dominice
1117 3460 1359 3536 incarnationis
1374 3461 1605 3555 MCCXXXll,
1633 3485 1751 3540 mense
1763 3468 1896 3564 aprilis,

482 3575 682 3655 indictionis
701 3579 839 3678 quinte,
860 3583 1050 3681 imperante
1073 3585 1214 3660 domino
1227 3595 1342 3660 nostro
1355 3585 1526 3662 Friderico
1544 3589 1573 3660 ll
1589 3588 1650 3662 Dei
1666 3591 1777 3684 gratia
1788 3591 1899 3666 inrio-

485 3702 617 3778 tissimo
629 3706 863 3781 Romanorum
878 3708 1083 3806 imperatore
1096 3731 1234 3810 semper
1243 3719 1408 3806 augusto,
1428 3712 1616 3786 Jerusalem
1632 3723 1666 3786 et
1674 3715 1789 3790 Sicilie
1801 3737 1895 3812 rege,

483 3849 576 3902 auno
604 3829 740 3928 imperii
769 3834 845 3926 ejus
873 3833 1100 3930 duodecimo,
1135 3836 1234 3932 regni
1260 3837 1471 3912 Hierusalem
1495 3838 1659 3936 septimo,
1690 3841 1789 3935 regui
1815 3861 1899 3916 vero

485 3951 599 4028 Sicilie
613 3956 789 4050 trigesimo
802 3967 942 4054 quarto,
964 3960 1118 4034 feliciter.
1132 3959 1257 4036 Amen.

534 4079 659 4154 Datum
677 4083 772 4179 apud
787 4081 967 4160 Civitatem
979 4085 1016 4158 in
1034 4085 1157 4176 Priola,
1179 4105 1286 4177 anno,
1304 4094 1474 4161 menseet
1485 4085 1674 4164 indictione
1687 4091 1895 4187 prescriptis.

525 4305 570 4392 (o)
590 4312 673 4376 Idem
687 4315 810 4382 iorsltan
823 4321 876 4400 qul
889 4317 966 4383 loire
978 4316 1013 4382 dc
1025 4316 1198 4404 Licbaberp.
