4360 5908
244 577 345 639 iunrcr.
361 577 406 656 5.]
701 561 897 632 HISTORIA
922 569 1216 632 DIPLOMATICA.
1596 561 1657 625 363

241 716 320 808 jure
347 723 381 785 et
407 709 529 785 eadem
556 707 695 804 speciali
716 707 825 802 gratia
850 707 923 780 suis
953 709 1176 802 proventibus
1200 704 1434 798 indulgemus.
1465 705 1659 775 statuentes

246 837 373 934 pariter
390 845 425 908 et
446 833 649 908 mandantes
675 841 847 926 quatenus
875 832 970 905 nulla
993 833 1134 906 omuino
1160 852 1305 928 persona
1328 829 1397 902 alta
1418 829 1474 900 vel
1498 827 1656 917 humitis,

245 961 479 1034 ecclesiastica
502 959 558 1032 vel
580 956 762 1050 secularis,
792 955 953 1029 eumdem
978 957 1210 1030 venerabilem
1232 955 1452 1051 episcopum,
1479 951 1660 1024 ecclesiam

246 1093 394 1159 suamet
408 1103 626 1158 successores
642 1103 724 1156 suos
741 1083 831 1154 circa
850 1081 939 1153 hanc
957 1081 1212 1154 concessionem
1229 1090 1264 1153 et
1277 1079 1498 1152 donationem
1511 1085 1661 1152 nostram

247 1232 353 1306 super
366 1208 529 1306 predictis
540 1207 711 1302 impedire
729 1229 793 1280 seu
807 1205 988 1280 molestare
1005 1215 1192 1300 presumat.
1213 1203 1316 1292 Quod
1338 1203 1399 1298 qui
1417 1199 1664 1296 presumpserit

247 1335 521 1429 indignationem
544 1341 697 1404 nostram
718 1353 757 1404 sc
782 1331 1162 1404 noveritineursurum.
1189 1329 1399 1421 Adjicientes
1422 1327 1468 1400 de
1486 1329 1664 1420 majestate

249 1469 365 1533 nostra
382 1481 519 1532 cesarea
545 1456 642 1551 quod
663 1455 693 1530 si
713 1457 851 1530 fortuna
872 1455 958 1546 sibi,
980 1456 1180 1562 ecclesieet
1199 1453 1455 1560 successoribus
1481 1452 1554 1525 suis
1574 1450 1661 1548 arri-

250 1583 374 1674 dente,
396 1591 558 1656 montaua
581 1582 657 1654 auri
677 1591 712 1654 st
735 1581 868 1674 argenti
892 1581 945 1652 vol
971 1582 1155 1674 cujuslibet
1173 1580 1315 1688 alterius
1334 1577 1461 1653 metalli
1485 1577 1665 1685 contigerit

239 1707 425 1805 ¹suscitari,
446 1717 616 1780 monetam
636 1707 712 1779 auri
732 1707 788 1778 vel
806 1705 936 1800 argenti
955 1705 1028 1800 ipse
1051 1706 1174 1800 suique
1204 1686 1418 1778 successores
1442 1702 1528 1774 cudi
1552 1703 1665 1776 facere

250 1834 388 1906 valeant
412 1843 447 1905 et
468 1832 640 1906 fabricari.
661 1830 718 1904 dd
735 1830 840 1924 hujus
856 1831 973 1926 itaque
989 1831 1222 1926 concessionis
1241 1811 1441 1905 memoriam
1456 1839 1491 1901 et
1507 1828 1663 1902 stabilem

254 1957 467 2049 firmitatem,
495 1980 637 2054 presens
656 1957 820 2052 scriptum
839 1955 914 2029 fieri
929 1957 1096 2049 jussimus
1114 1957 1301 2050 maJestatis
1322 1964 1437 2030 nostre
1450 1954 1562 2048 sigillo
1581 1977 1665 2058 mu-

252 2081 377 2153 nitum.

300 2207 412 2300 Hujus
435 2206 485 2278 rei
508 2215 611 2278 testes
633 2215 745 2277 sunt:
772 2207 812 2278 B.
838 2205 1033 2301 patriarcha
1055 2203 1374 2300 Aquilegiensis,...
1404 2203 1664 2297 salzburgensis

254 2327 574 2428 [archi]episcopns,
586 2332 626 2404 E.
636 2329 685 2425 (a)
695 2331 972 2424 Bambsrgensis,
984 2332 1019 2403 S.
1033 2329 1289 2402 Ratisbonensis
1299 2329 1486 2424 imperialis
1495 2327 1574 2400 aule
1583 2351 1664 2400 can·

129 2526 141 2542 ,
254 2457 477 2548 cellarius,...
492 2455 748 2552 Herbipoiensis
763 2466 798 2528 et
811 2457 852 2528 Η.
872 2453 920 2553 (b)
933 2455 1201 2548 Wormpciensis
1214 2453 1380 2550 episcopi,
1397 2455 1437 2544 Β.
1454 2453 1530 2527 dun
1546 2453 1664 2526 Carin-

254 2582 388 2674 thie,...
409 2581 633 2654 duxdnstrie
646 2589 680 2654 et
690 2581 804 2676 Styrie
822 2579 892 2677 (t),
910 2579 1134 2657 Gebehardus
1148 2577 1409 2655 deArnenstein
1426 2577 1514 2650 sacri
1529 2577 1666 2674 imperii

254 2706 290 2777 in
311 2706 406 2778 italia
422 2707 573 2800 legatus,
595 2704 787 2778 Richardus
801 2706 1030 2796 camerarius,
1051 2714 1086 2778 et
1104 2704 1163 2776 alii
1180 2704 1387 2797 complures.

302 2829 389 2902 Acta
405 2837 488 2900 sunt
505 2827 569 2901 hec
592 2850 685 2902 anno
702 2829 876 2906 dominice
899 2829 1141 2905 incarnationis
1166 2826 1394 2918 MCCXXXH,
1420 2847 1538 2898 mense
1555 2825 1664 2918 maio,

254 2954 376 3048 quinte
393 2953 611 3046 indictionis,
631 2956 821 3050 imperante
839 2953 980 3028 domino
996 2965 1111 3030 nostro
1125 2952 1296 3027 Friderico
1312 2953 1340 3023 11
1354 2951 1580 3024 invictissimo
1594 2953 1667 3025 Ro-

256 3099 436 3150 manorum
461 3079 665 3174 imperatore
689 3102 826 3176 semper
850 3091 1015 3174 augusto,
1046 3079 1232 3153 Jerusalem
1255 3087 1289 3151 et
1313 3057 1429 3150 Sicilie
1450 3100 1549 3172 rege,
1576 3100 1668 3150 anno

255 3205 397 3276 Romani
416 3205 550 3300 imperii
568 3206 644 3297 ejus
662 3207 724 3277 XII
734 3260 744 3297 ,
774 3205 870 3300 regni
894 3207 1082 3279 Jerusalem
1099 3206 1158 3278 vll
1176 3213 1210 3277 et
1240 3203 1337 3298 regni
1357 3202 1473 3276 Sicilie
1491 3198 1664 3294 XXXIIII,

257 3329 412 3404 feliciter.
426 3328 550 3404 Amen.
1412 3419 1416 3426 ‚

305 3455 431 3527 Datum
448 3453 545 3549 apud
560 3455 698 3529 Portum
714 3455 859 3542 Naeuio,
880 3478 989 3550 anno,
1006 3475 1136 3548 mense,
1157 3454 1345 3529 indictione
1359 3453 1567 3551 prescriptis.

298 3631 341 3712 (a)
363 3631 421 3710 Ap.
436 3631 534 3710 Lonig
546 3633 598 3712 B.,
612 3633 700 3696 male.

299 3737 338 3817 (d)
360 3739 474 3800 Ibidem
489 3738 546 3807 St,
563 3740 650 3801 mule.

294 4030 332 4104 (t)
350 4030 407 4086 Hac
424 4029 503 4088 unica
520 4031 579 4088 rice
597 4031 747 4090 Fridericus
764 4031 819 4090 dux
831 4033 957 4091 nustriae
970 4033 1040 4091 inter
1055 4038 1137 4091 testes
1150 4031 1241 4090 curias
1254 4030 1386 4106 imperiali
1399 4031 1555 4092 mentes
1567 4049 1672 4093 memu-

257 4136 342 4188 ratur.
355 4128 433 4188 Unde
444 4129 521 4187 facile
533 4129 744 4188 animadvertere
756 4131 819 4188 licet
830 4131 906 4188 ilium
921 4129 1025 4189 tardius
1036 4131 1186 4189 advenisse.
1206 4131 1284 4188 Extat
1296 4135 1386 4188 autem
1399 4129 1606 4190 instrumentum
1617 4150 1673 4208 quo

257 4231 317 4302 ipse
327 4228 381 4285 dux
393 4227 420 4284 in
432 4227 541 4285 feudum
552 4229 675 4286 concedit
689 4229 780 4286 Utrico
790 4229 874 4286 Pitter
888 4229 922 4286 ds
936 4230 1056 4301 Ragonio
1077 4229 1160 4286 turris
1179 4243 1245 4286 suae
1257 4228 1285 4284 in
1298 4227 1381 4286 Portu
1391 4229 1494 4287 Naonis
1505 4231 1672 4303 custodiam,

258 4327 352 4382 datum
366 4326 437 4399 apud
454 4327 565 4384 Portum
576 4327 708 4398 Naronem,
722 4341 792 4384 anno
804 4329 881 4398 tm,
893 4330 927 4384 tt
939 4326 1013 4383 maii.
1029 4329 1167 4385 Memorat.
1182 4342 1216 4383 cx
1226 4325 1335 4385 archivo
1346 4325 1496 4386 vindobon.
1510 4344 1554 4402 ap.
1564 4325 1672 4402 Coum,

260 4421 459 4490 Notizcobtctt,
473 4425 575 4496 depost.
587 4424 697 4484 Frtder.
712 4425 839 4482 doctrice
851 4423 928 4482 decu
942 4425 976 4483 ed
986 4440 1061 4498 ann„
1072 4431 1101 4484 et
1114 4440 1159 4498 ap.
1173 4425 1317 4496 Mnrnnun,
1330 4423 1518 4499 natantem
1529 4425 1672 4499 depectere,

260 4536 289 4592 p.
306 4523 367 4591 teo,
381 4531 412 4576 n⁰
430 4526 474 4579 tt.
