4288 5912
180 565 281 626 lunum
296 562 350 640 6.]“
633 559 835 624 HISTORIA
848 559 1149 624 otrtottuutctt.
1535 557 1593 620 391

231 1133 463 1243 FridericuS,
473 1135 734 1221 Romanorum
752 1137 972 1248 imperator,
985 1137 1237 1222 lanuensibus
1255 1137 1384 1220 scribit
1402 1165 1442 1220 se
1460 1164 1593 1222 eorum
1638 1162 1784 1274 [fflffip

179 1267 335 1350 nuntios
371 1267 535 1380 benigne
570 1271 772 1379 recepisse,
800 1269 1028 1381 offensisque
1063 1270 1272 1381 praeteritis
1307 1271 1494 1378 remissis,
1525 1271 1593 1355 Ja-

179 1425 344 1484 nuenses
362 1401 429 1512 qui
448 1402 760 1486 custodiebantur
777 1403 817 1484 in
835 1429 954 1516 regno
974 1429 1043 1488 suo
1061 1413 1099 1488 et
1115 1431 1176 1487 res
1194 1429 1327 1487 eorum
1345 1415 1473 1515 captas
1491 1405 1592 1490 libe-

178 1531 256 1614 rari
284 1531 463 1644 jussisse,
492 1561 654 1620 monens
690 1535 804 1620 utin
841 1535 1015 1620 futurum
1047 1563 1139 1620 suae
1168 1535 1369 1647 majestati.
1392 1539 1591 1622 intendant

177 1665 428 1776 complacere.

257 1880 350 1962 (eut.
364 1883 397 1944 in
409 1880 539 1946 cunm
555 1881 686 1962 (Bura.
703 1881 839 1964 Sarma),
850 1879 962 1945 Aonal.
982 1881 1135 1964 omrem,
1149 1900 1198 1963 ap.
1213 1883 1392 1949 Mummii..
1406 1885 1514 1967 Sm'pt.
1528 1903 1589 1951 rer.

296 1985 482 2070 1ta1.,t.vl,
496 2007 529 2069 p.
545 1997 657 2071 tot‚ct
669 2007 719 2069 ap.
734 1991 853 2068 Lama,
871 1989 940 2055 Cod.
952 1988 1019 2054 Ital
1036 1987 1167 2072 diplom,
1182 1997 1205 2056 t.
1222 1993 1268 2070 11,
1281 2010 1313 2072 p.
1324 2002 1415 2056 aaut.
1430 1995 1504 2058 ceu.
1519 2013 1588 2058 cum

296 2097 362 2158 cod.
376 2099 458 2162 Mus.
471 2097 607 2160 Britann.
625 2101 746 2176 taott.)

221 2281 442 2376 Frederieuu
470 2287 533 2360 Dei
559 2287 670 2380 gratia
698 2285 928 2362 Romanomm
960 2285 1147 2382 imperator
1174 2293 1210 2358 et
1237 2307 1374 2382 semper
1398 2295 1585 2382 augustas,

173 2409 362 2490 Jerusalem
379 2419 413 2481 et
425 2409 541 2482 Sicilie
556 2431 638 2500 rex,
657 2409 799 2484 consilio
811 2407 942 2506 totique
956 2410 1129 2484 communi
1145 2411 1255 2490 lanua
1270 2407 1321 2506 (l)
1339 2409 1500 2484 fidelibus
1514 2412 1587 2484 suis

173 2534 317 2638 gratiam
336 2555 433 2606 suam
452 2544 487 2607 et
508 2534 636 2612 bonam
653 2534 878 2608 voluntatem.
903 2535 1042 2629 Recepit
1064 2534 1266 2606 excellentia
1293 2543 1410 2607 nostra
1436 2535 1586 2630 benigne

173 2657 314 2730 nuntios
330 2668 465 2732 vestros
480 2655 533 2754 (2)
548 2680 637 2752 quos
656 2680 736 2730 cum
760 2658 883 2731 vestris
903 2657 1024 2730 litteris
1042 2659 1088 2731 ad
1105 2668 1255 2730 nostram
1273 2659 1479 2754 presentiam
1499 2660 1587 2733 des-

172 2781 325 2872 tinastis,
343 2791 377 2854 et
391 2791 461 2855 tam
475 2803 517 2856 ea
530 2804 599 2878 que
614 2804 728 2856 coram
745 2777 846 2856 nobis
859 2790 1014 2878 exparte
1030 2785 1144 2856 vestra
1158 2793 1409 2880 proposuerunt
1422 2795 1584 2858 oretenus

171 2929 365 3002 quamque
388 2909 499 2981 littere
520 2908 741 2982 continebant
758 2907 993 2981 intelleximus
1010 2907 1203 3002 diligenter.
1224 2908 1314 2980 Sane
1333 2907 1412 2981 licet
1433 2910 1583 3002 quedam

172 3031 300 3105 suerint
315 3039 515 3129 attemptata
538 3055 601 3129 per
618 3053 682 3106 vos
703 3033 741 3105 in
758 3033 888 3128 quibus
907 3041 1023 3106 nostra
1041 3031 1204 3106 serenitas
1220 3031 1284 3103 vix
1302 3031 1415 3126 potuit
1436 3055 1506 3106 non
1523 3035 1582 3106 oi-

171 3154 287 3245 fendi,
305 3177 369 3230 noe
388 3165 503 3229 umen
525 3157 737 3253 imperialem
759 3155 1059 3231 mansuetudinem
1082 3156 1128 3230 ad
1148 3155 1305 3229 subditos
1325 3167 1459 3230 nostros
1481 3179 1582 3230 exer·

172 3299 251 3353 cere
275 3281 430 3355 volentes
453 3277 519 3354 nec
538 3281 769 3375 dedignantes
791 3281 959 3374 justitiam
982 3302 1062 3353 cum
1093 3281 1272 3353 clementia
1300 3280 1492 3372 moderari,
1518 3283 1581 3354 Ja-

172 3427 323 3478 nuenses
345 3407 406 3500 qui
433 3405 717 3479 custodiebantur
747 3406 783 3478 in
816 3427 923 3500 regno
948 3413 1064 3478 nostro
1092 3415 1127 3478 et
1156 3427 1212 3478 res
1242 3425 1361 3478 eorum
1385 3429 1454 3500 qne
1481 3415 1580 3502 capte

173 3531 307 3604 fuerant
329 3528 379 3626 (3)
399 3531 537 3605 liberari
560 3541 595 3604 et
616 3531 751 3604 restitui
769 3531 955 3624 jussimus,
979 3530 1027 3604 ita
1046 3529 1141 3626 quod
1165 3530 1210 3603 de
1229 3529 1368 3603 offensis
1387 3529 1580 3626 preceden-

172 3655 266 3728 tibus
291 3656 404 3730 taliter
428 3657 569 3730 culmini
587 3665 703 3730 nostro
728 3657 922 3730 satisfacere
945 3656 1112 3730 studeatis
1137 3664 1195 3746 ut,
1221 3657 1312 3728 sicut
1337 3655 1581 3751 premmmissa

172 3781 332 3875 preterita
360 3802 423 3877 per
448 3781 712 3856 satisfactionem
735 3781 888 3856 debitam
913 3780 1083 3855 duxeritis
1110 3779 1334 3868 redimenda,
1360 3780 1410 3851 sie
1437 3780 1581 3851 celsitu.-

172 3905 290 3979 dinem
305 3915 456 3980 nostram
471 3907 672 4003 placabilem
688 3905 734 3980 de
752 3907 843 3980 bono
859 3907 896 3978 in
913 3906 1036 3978 melius
1053 3926 1132 3978 cum
1149 3907 1266 3979 lavore
1284 3906 1393 3998 gratie
1409 3905 1575 3978 sentiatis.

206 4214 246 4286 (t)
264 4215 390 4273 Potestati
411 4231 465 4274 non
479 4215 573 4274 scribit
581 4217 741 4290 'imperator‚
754 4216 799 4290 qui
812 4217 879 4273 tune
891 4221 951 4274 erat
960 4217 1087 4289 'Paganus
1100 4214 1134 4272 de
1148 4215 1229 4273 Petra
1241 4215 1354 4286 Sancta,
1366 4215 1581 4288 mediolanensis.

171 4311 300 4370 sciliceta
314 4313 423 4372 civitate
436 4315 561 4374 socteuu
572 4315 749 4374 lombardiae
760 4313 940 4372 audacissima
952 4314 1090 4371 oriundus.

208 4411 243 4481 (2)
260 4410 367 4467 Scilicet
380 4411 565 4469 Montanarius
579 4413 613 4469 de
627 4413 730 4470 llarino
743 4417 772 4469 et
784 4411 949 4481 Piranthus,
962 4411 1008 4485 qui
1021 4411 1146 4485 quidem,
1158 4409 1345 4484 postllanzini
1358 4416 1386 4466 et
1397 4410 1532 4467 Thaddaei
1545 4411 1580 4468 de

171 4507 270 4564 Suessa
284 4506 456 4581 legationem,
471 4510 504 4568 ad
518 4511 704 4583 imperatorem
725 4509 832 4568 merant
844 4510 968 4568 destinati
981 4511 1016 4567 de
1029 4507 1240 4568 reconciliatione
1254 4509 1400 4566 tractanda.
1420 4508 1459 4566 Cf.
1472 4509 1579 4568 Bura.

171 4603 284 4674 Saum,
300 4603 349 4661 loc.
361 4608 456 4662 citato.

208 4698 245 4774 (3)
265 4699 325 4759 vio.
337 4717 433 4777 supra,
448 4719 477 4778 p.
491 4707 552 4777 ³69,
565 4712 623 4764 not.
635 4709 661 4764 t.
