4372 5918
530 553 571 618 66
650 626 653 632 ,
1063 553 1418 620 coasrlrurtoltus

532 691 764 786 cognitionem
780 693 848 766 boo
865 696 1038 770 contineat
1054 694 1151 790 qnod
1178 690 1380 780 mandatur,
1405 697 1445 762 ut
1468 709 1530 785 per
1554 687 1707 764 libellum
1735 711 1805 765 non
1828 694 1941 769 valcat

531 814 691 910 expediri
712 843 721 886 ε
742 820 946 912 quaomnia
964 821 1126 893 volumus
1149 818 1185 890 in
1209 823 1383 911 posterum
1409 812 1581 906 obtinere,
1607 813 1683 888 sive
1702 814 1848 891 civiliter
1861 819 1939 913 quis

531 939 607 1012 sive
632 938 851 1016 criminaliter
880 944 1075 1041 impetatur.
1105 939 1271 1014 Predictis
1295 948 1412 1012 eutem
1441 937 1555 1012 modis
1582 937 1659 1037 [vel
1679 939 1835 1035 quolibet
1856 963 1940 1038 prc-

531 1061 702 1136 dictorum
723 1063 884 1164 citatus]‚
909 1069 939 1141 si
956 1091 1019 1164 per
1036 1088 1075 1141 se
1091 1087 1161 1141 non
1181 1073 1378 1160 compareat
1401 1083 1466 1138 nec
1487 1063 1533 1138 ab
1553 1065 1623 1138 alio
1646 1063 1799 1160 legitime
1821 1065 1939 1142 delen·

530 1185 633 1260 datur
656 1190 713 1264 vel
734 1212 797 1286 pro
814 1192 891 1288 ipso
908 1193 1063 1288 legitima
1080 1191 1261 1267 excusatio
1280 1200 1504 1288 proponatur,
1522 1187 1735 1282 ajndicibns
1752 1199 1939 1267 contumax

529 1322 717 1407 reputetur.

959 1540 1159 1614 TITULUS
1184 1539 1311 1614 XCIX.
1338 1543 1401 1613 ΟΓ
1417 1534 1504 1634 (73).

836 1733 884 1802 Dc
898 1755 987 1826 penu
1004 1733 1204 1805 contumocie
1221 1732 1258 1804 io
1275 1731 1424 1803 civilibus
1442 1732 1551 1803 cousr'a
1568 1728 1583 1826 (
1604 1727 1631 1825 ).

1073 1946 1165 1994 rnnrr
1190 1945 1393 1995 uncusrua.

577 2109 705 2184 Penam
723 2131 849 2186 novem
871 2112 1052 2188 unciarum
1069 2113 1145 2186 auri
1167 2122 1203 2186 et
1220 2112 1404 2207 tertiaque
1421 2112 1458 2185 iu
1477 2120 1698 2188 contumaces
1713 2114 1879 2192 hactenus
1901 2119 1936 2190 in

523 2233 668 2327 jndiciis
684 2236 861 2311 obtinebat
875 2259 897 2310 a
912 2247 1028 2312 nostra
1041 2237 1219 2334 republica
1235 2237 1509 2334 proscribentcs,
1536 2246 1773 2314 contumacem
1796 2237 1937 2338 [cujus-

527 2381 666 2454 cunque
695 2361 902 2436 conditionis
927 2359 989 2460 sit]
1019 2371 1227 2436 conventum
1254 2361 1400 2436 civiliter
1427 2363 1485 2435 vel
1501 2362 1723 2438 criminaliter
1738 2376 1936 2440 accusatum

525 2484 624 2556 tertia
638 2493 735 2578 perte
749 2485 919 2559 bonorum
936 2487 1115 2559 mobilium
1132 2494 1248 2558 nostro
1264 2486 1374 2558 ererio
1390 2483 1570 2559 inferenda
1585 2486 1622 2556 in
1638 2495 1814 2582 posterum
1827 2490 1935 2562 mulc-

525 2607 590 2682 tari
614 2629 807 2684 censemus.
832 2610 890 2684 Sic
913 2611 1006 2685 enim
1032 2619 1066 2682 et
1086 2607 1299 2702 judiciorum
1323 2609 1426 2704 vigor
1449 2609 1634 2704 augebitur
1655 2618 1691 2684 ct
1713 2631 1935 2706 personarum

525 2741 722 2828 competens
746 2734 908 2810 discretio
933 2734 1131 2808 inducetur.
1157 2734 1364 2828 Plerumque
1386 2735 1514 2808 etenim
1538 2734 1760 2830 contingebat
1785 2737 1935 2831 aliquem

524 2856 630 2930 vilem
647 2866 682 2929 et
700 2879 889 2955 pauperem
907 2859 943 2931 in
963 2857 1128 2955 predictis
1142 2878 1268 2932 novem
1291 2857 1404 2931 unciis
1420 2856 1661 2945 condamnari,
1685 2857 1747 2952 qni
1768 2879 1837 2933 non
1855 2869 1934 2934 tan-

525 2987 598 3052 tum
614 2977 831 3081 [aliquando]
845 2991 879 3056 et
891 2982 1079 3079 aliqnando
1091 2982 1241 3078 amplius
1255 2981 1495 3057 nonhabebat.
1507 2982 1546 3054 ln
1559 2982 1767 3076 quomulcto
1781 2983 1933 3079 pmdicta

523 3104 654 3178 nedum
672 3106 759 3181 fines
776 3109 960 3200 modestie,
976 3108 1039 3184 sed
1056 3108 1250 3184 severitatis
1266 3109 1370 3182 etiam
1386 3108 1550 3182 terminos
1566 3107 1771 3182 excedebat.
1792 3109 1934 3182 Contin-

524 3227 630 3321 gebet
655 3230 829 3306 interdum
855 3233 1007 3308 nobilem
1032 3233 1184 3329 aliquam
1212 3241 1247 3306 et
1272 3233 1308 3304 in
1335 3233 1557 3307 facultatibus
1584 3233 1787 3330 opulentum
1811 3255 1935 3330 penam

523 3353 634 3448 ipsam
659 3355 819 3446 eludere,
850 3359 936 3432 dnm
954 3357 1040 3432 nihil
1058 3359 1129 3432 lere
1151 3356 1299 3430 diminui
1326 3355 1371 3430 de
1392 3356 1599 3454 patrimonio
1620 3356 1845 3452 providebam
1873 3357 1936 3432 scd

523 3489 628 3574 quota
647 3479 800 3556 detracta
816 3483 997 3556 mobilium
1012 3483 1168 3578 equalem
1185 3503 1248 3578 pro
1261 3481 1427 3578 qualitate
1439 3503 1662 3576 personarum
1676 3483 1935 3558 contumacibus

522 3626 647 3700 penam
666 3606 812 3702 imponit
833 3605 894 3702 (b).
923 3607 1106 3698 [Civilibus
1121 3617 1237 3680 antem
1260 3606 1374 3680 canem
1398 3627 1515 3682 coram
1541 3605 1668 3698 bajulis
1689 3607 1863 3701 agitandis
1883 3608 1933 3678 ci·

520 3737 611 3802 tatus
628 3737 833 3823 contumax,
854 3751 918 3826 pro
944 3730 1098 3826 qualibet
1115 3729 1329 3804 contumacia
1347 3739 1382 3803 et
1407 3751 1469 3826 per
1485 3730 1676 3825 quemlibet
1692 3753 1846 3806 mensem
1863 3753 1934 3830 quo

521 3852 557 3922 in
574 3853 649 3946 ipsa
672 3851 863 3948 duraverit,
884 3855 1100 3950 augustalem
1115 3876 1224 3926 nuum
1243 3854 1339 3928 curie
1353 3863 1467 3928 nostre
1485 3855 1689 3950 persolvet]

562 4053 606 4134 (a)
626 4055 737 4118 Graeca
758 4059 931 4137 stmpllclter
947 4077 955 4118 ε
971 4060 1014 4122 De
1030 4077 1127 4139 poree
1151 4057 1360 4135 mammeae,
1383 4063 1414 4119 et
1439 4061 1568 4134 rectius,
1594 4059 1667 4122 dum
1679 4059 1753 4123 haec
1766 4067 1933 4128 constitutio

521 4168 635 4240 praeter
646 4162 781 4225 ultimam
794 4171 907 4241 partem
920 4182 998 4244 quae
1010 4181 1123 4227 novum
1136 4167 1168 4226 tn
1181 4181 1286 4244 graeco
1297 4163 1419 4227 titulum
1431 4165 1576 4246 praefert,
1589 4172 1652 4228 tum
1669 4168 1833 4231 mtmlnales
1845 4185 1934 4248 quam

521 4269 623 4329 elvlles
631 4270 762 4330 actlcnes
772 4272 994 4348 complectatur.

561 4373 603 4455 (b)
625 4375 717 4437 Panlo
730 4376 815 4438 aliter
827 4377 900 4440 haec
912 4380 945 4440 ln
958 4395 1063 4458 graeco
1076 4381 1226 4458 leguntur,
1241 4379 1293 4441 sed
1305 4395 1393 4441 sensu
1406 4379 1493 4458 plane
1504 4381 1608 4442 coda
1620 4397 1628 4440 r
1641 4379 1830 4463 Gontiopelot
1841 4383 1931 4446 iotar-

521 4478 963 4565 dummttemattquematqoa
979 4481 1456 4567 manentemque-'pom
1478 4483 1932 4570 oidilisoom,quaadoquldcm

520 4603 580 4647 non
593 4585 732 4650 sentiebat
744 4588 882 4650 incanui
889 4597 1048 4671 meroem
1059 4589 1259 4666 memsam,
1268 4589 1398 4656 beuta
1409 4589 1510 4675 eliqua
1517 4595 1652 4674 portione
1661 4592 1808 4658 mthrrm
1820 4611 1928 4657 raum.

520 4691 677 4774 Amatam
690 4695 783 4777 ἐρίων
790 4713 848 4779 pro
861 4695 1002 4779 plutima
1009 4715 1336 4780 percommodum
1347 4700 1544 4782 immam.
