4372 5918
1006 545 1365 610 cousuluuutouus

964 791 1165 866 TITULUS
1189 794 1251 868 vt.
1279 799 1310 866 H
1335 791 1400 887 (8).

927 938 982 1013 De
996 945 1166 1015 usurariis
1179 943 1365 1038 puniendis
1381 941 1443 1040 (a).

968 1116 1041 1166 nur
1067 1115 1309 1168 eurnnuuuus
1334 1093 1399 1193 (l).

532 1239 723 1314 statuimus
741 1249 780 1314 ut
796 1243 899 1336 juxta
921 1245 1096 1319 decretum
1114 1245 1244 1320 domini
1262 1268 1353 1344 pape
1370 1244 1416 1319 de
1434 1244 1549 1318 usuris
1563 1263 1673 1340 nuper
1689 1243 1726 1316 iu
1742 1243 1892 1316 Romanu

485 1365 579 1438 curia
609 1369 882 1463 promulgatum,
912 1371 1109 1465 questiones
1134 1374 1390 1464 usurariorum,
1415 1394 1485 1468 que
1515 1370 1562 1445 ad
1588 1369 1720 1444 curiam
1743 1377 1892 1442 nostram

483 1489 633 1565 adducto
652 1492 795 1587 luerint,
815 1494 852 1566 in
870 1495 993 1570 eadem
1009 1495 1219 1572 deliniantur
1235 1509 1271 1572 et
1289 1498 1527 1571 terminentur.

987 1755 1387 1852 wmmwp

941 1929 1162 1980 turuuauou
1191 1929 1435 1980 recusemus».

533 2054 774 2130 Usurariorum
792 2059 1002 2154 nequitiam,
1023 2060 1086 2156 qni
1104 2081 1173 2134 non
1192 2069 1261 2134 tam
1278 2068 1424 2132 utuntur
1444 2057 1618 2154 pecuniis,
1638 2053 1703 2130 sed
1719 2061 1759 2127 ut
1775 2054 1895 2148 loqua-

484 2200 564 2252 mur
587 2180 764 2277 propriuS,
788 2183 994 2278 abutuntur,
1022 2194 1217 2259 sanctorum
1243 2186 1382 2258 Petrum
1406 2183 1583 2258 sententiis
1608 2179 1892 2271 condemnatam,

485 2307 645 2402 persequi
674 2306 913 2404 disponentes,
942 2310 1127 2407 imperialis
1157 2309 1371 2383 celsitudinis
1394 2319 1544 2401 motum,
1573 2328 1679 2402 quem
1705 2325 1770 2378 nos
1791 2304 1895 2377 etiam

485 2451 548 2526 pro
564 2430 702 2506 arbitrio
725 2433 843 2506 celesti
866 2435 1100 2530 suscepimus,
1127 2435 1247 2510 divine
1269 2435 1512 2531 conjungimus
1534 2431 1675 2524 ultioui3
1697 2427 1896 2524 hujusmodi

487 2564 603 2629 nostre
621 2557 871 2632 constitutionis
890 2557 1004 2634 edicto
1024 2560 1186 2633 omnibus
1209 2560 1307 2656 regni
1328 2559 1434 2634 nostri
1453 2557 1615 2634 fidelibus
1637 2564 1672 2632 et
1687 2553 1898 2649 quibuslibet

487 2681 566 2754 aliis
583 2679 619 2753 in
637 2703 744 2778 regno
760 2683 990 2778 morantibus,
1006 2674 1153 2758 etiamsi
1172 2693 1271 2759 extra
1286 2705 1432 2780 regnum
1448 2683 1575 2758 tuerint
1587 2679 1741 2768 oriundi,
1757 2677 1899 2752 firmiter

489 2806 705 2900 iuhibemus,
733 2817 772 2882 ut
800 2810 915 2882 nullus
938 2809 974 2882 iu
1001 2820 1175 2907 posterum
1199 2812 1362 2908 pecunias
1387 2833 1469 2884 suas
1490 2833 1552 2908 per
1574 2831 1613 2882 se
1641 2809 1699 2883 rel
1724 2829 1786 2904 per
1811 2807 1898 2878 alios

490 2941 610 3007 mutuo
639 2933 706 3006 sub
724 2935 860 3030 magnis
885 2935 1001 3008 usuris
1031 2936 1090 3009 vel
1110 2935 1264 3010 minimis
1283 2936 1368 3011 dare
1389 2937 1498 3010 fenori
1526 2933 1655 3011 audeat
1680 2932 1819 3031 publice
1843 2931 1898 3004 vel

489 3059 635 3132 occulte.
655 3059 698 3131 Et
723 3069 762 3132 ut
787 3059 940 3156 ipsorum
962 3061 1133 3154 eudocia,
1161 3063 1223 3158 qui
1249 3084 1313 3136 sue
1343 3063 1463 3136 salutis
1487 3063 1705 3136 immemores
1737 3069 1771 3132 et
1795 3055 1900 3132 edicti

494 3183 600 3257 nostri
619 3185 798 3257 extiterint
817 3187 987 3259 temerarii
1005 3197 1267 3284 contemptores,
1284 3188 1394 3262 inulta
1409 3209 1479 3262 non
1497 3197 1646 3277 mancat,
1660 3185 1811 3282 presenti
1826 3185 1902 3278 lege

493 3309 667 3384 sancimus
687 3318 726 3382 ut
748 3311 950 3407 quicunque
969 3312 1096 3388 amodo
1113 3315 1284 3388 fenerator
1302 3315 1338 3386 iu
1363 3333 1471 3408 regno
1495 3313 1658 3388 iuventus
1678 3311 1800 3403 luerit,
1821 3331 1902 3382 om-

492 3435 590 3508 nium
608 3435 776 3510 bonorum
793 3459 936 3511 suorum
953 3446 1023 3512 tum
1039 3439 1219 3514 mobilium
1234 3461 1340 3535 quam
1358 3439 1532 3514 stabilium
1548 3437 1779 3535 publicatione
1797 3435 1902 3510 dnm-

493 3570 605 3634 uetur.
628 3561 798 3634 Omnibus
816 3561 920 3635 etiam
939 3563 1038 3658 regni
1063 3565 1171 3638 nostri
1195 3563 1358 3638 fidelibus
1382 3563 1605 3638 concedimus
1623 3563 1765 3636 liberam
1784 3568 1902 3656 potes-

494 3696 598 3760 tatam
629 3685 865 3760 usurariorum
900 3687 1088 3782 nequitiam
1114 3689 1151 3761 in
1175 3689 1353 3786 publicum
1380 3687 1579 3780 deferendi,
1602 3709 1666 3760 nec
1687 3709 1707 3760 a
1732 3683 1903 3758 delatione

494 3820 677 3908 propterea
698 3811 824 3908 aliquis
842 3811 1040 3910 repellatur,
1061 3814 1157 3910 quod
1179 3815 1346 3889 damnum
1369 3815 1563 3912 proprium,
1587 3813 1644 3886 vel
1666 3832 1821 3901 suorum,
1846 3807 1902 3881 vel

496 3958 595 4010 suam
618 3937 779 4028 injuriam
805 3937 947 4011 minime
977 3949 1227 4035 persequatur;
1247 3939 1311 4014 sed
1329 3939 1460 4014 crimen
1476 3938 1570 4013 istud
1593 3935 1745 4034 presenti
1762 3936 1839 4029 lege
1860 3933 1905 4006 sit

539 4115 581 4196 (u)
603 4117 640 4176 In
651 4132 756 4195 graeco
770 4134 777 4177 t
791 4115 859 4198 Περὶ
872 4119 919 4176 τοῦ
933 4115 1103 4199 δικαστηρίου
1115 4118 1168 4178 τῶν
1185 4119 1327 4179 τοκιστῶν.

539 4223 581 4304 (b)
603 4227 638 4287 In
651 4241 755 4305 graeco
769 4242 778 4285 t
794 4223 862 4307 Περὶ
875 4227 968 4300 ποινῆς
979 4227 1119 4287 materiis.

537 4522 574 4594 (t)
593 4521 623 4578 ln
640 4517 777 4596 plerisque
790 4518 952 4578 editionibus
964 4524 992 4577 et
1006 4535 1050 4594 ap.
1060 4521 1189 4592 Curcum,
1202 4537 1253 4579 reu
1267 4523 1405 4596 Repertus.
1416 4519 1586 4580 consuimus
1598 4523 1687 4576 umen
1696 4531 1729 4574 ex
1738 4473 1802 4571 edit.
1809 4511 1903 4568 tenet.

500 4627 529 4680 et
538 4635 572 4679 ex
583 4620 669 4678 codic
681 4619 765 4677 Paris.
777 4617 910 4677 blluditur
923 4619 995 4676 enim
1010 4619 1122 4694 tempori
1135 4636 1189 4693 quo
1203 4627 1330 4694 regnante
1342 4619 1492 4678 Alexandro
1503 4619 1541 4676 lll
1553 4617 1607 4675 duo
1618 4616 1710 4674 habita
1723 4617 1786 4672 suut
1796 4607 1907 4668 concilia

500 4719 545 4778 ubl
560 4717 743 4778 usurariorum
756 4733 801 4777 res
814 4717 884 4777 male
895 4733 926 4777 se
937 4718 1050 4776 nimium
1064 4721 1154 4794 gessit.
1164 4719 1202 4777 lie
1212 4718 1355 4779 Guillelmo
1364 4725 1455 4778 autem
1463 4719 1545 4793 bujus
1555 4715 1670 4776 nominis
1682 4711 1799 4773 mundo
1810 4707 1905 4784 agitur.
