4360 5908
194 596 289 656 lumen
306 593 350 672 5.]
641 591 839 654 HISTORIA
863 591 1157 654 otrnottttrtctt.
1547 595 1606 658 311

193 729 321 804 arenis
348 729 438 804 inter
470 728 678 824 emptionem
706 740 741 802 et
769 729 1003 806 venditionem
1029 729 1232 803 officialibus
1261 729 1384 802 nostris
1410 731 1546 804 statutis
1572 733 1608 804 in

193 854 390 928 civitatibus
413 853 539 928 nostris
566 863 602 932 et
629 855 707 928 aliis
731 855 815 932 locis
839 857 876 930 in
901 856 1029 952 quibus
1047 853 1200 950 predicta
1218 854 1422 928 commercia
1442 856 1603 947 iecerint,

192 980 326 1053 solvere
347 987 547 1070 teneantur3
572 989 745 1082 reservata
763 983 888 1056 nostris
907 981 1112 1056 officialibus
1128 981 1296 1054 electione
1312 980 1357 1054 de
1373 980 1544 1055 solutione
1557 981 1605 1079 (a)

193 1102 335 1199 predicti
349 1103 438 1196 juris
454 1103 614 1177 habenda
632 1105 708 1179 sive
723 1106 758 1178 in
781 1106 886 1180 rebus
906 1105 1060 1180 venditis
1075 1106 1129 1178 vel
1146 1105 1183 1176 in
1200 1107 1337 1199 emptis,
1359 1104 1608 1200 quodcumque

192 1230 333 1300 istarum
354 1227 461 1302 iidem
478 1227 640 1302 officiales
655 1229 820 1304 duxerint
842 1228 1063 1324 eligendum,
1084 1229 1238 1324 exceptis
1255 1251 1340 1303 auro
1357 1239 1392 1304 et
1408 1240 1551 1326 argento
1572 1241 1608 1306 et

192 1351 327 1426 cambio
344 1361 576 1444 monetarum,
598 1352 790 1449 dequibus
809 1355 846 1428 in
864 1354 1063 1431 venditione
1084 1355 1142 1428 vel
1161 1353 1334 1449 emptione
1351 1353 1526 1428 dationem
1548 1357 1605 1430 vel

192 1475 445 1552 distractionem
461 1476 508 1575 (b)
525 1480 678 1573 aliquam
693 1481 789 1574 exigi
807 1503 828 1553 a
843 1481 982 1555 Venetis
999 1479 1235 1576 prohibemns.
1255 1478 1484 1554 Concedimus
1501 1481 1603 1555 etiam

193 1610 230 1674 ut
252 1623 361 1676 naves
386 1603 594 1676 Venetorum
621 1603 869 1702 undecumque
893 1604 1050 1678 venerint
1077 1604 1111 1674 in
1135 1603 1284 1676 Siciliam
1309 1604 1519 1699 applicantes
1542 1627 1604 1702 pro

193 1735 261 1800 toto
282 1747 388 1800 onere
406 1728 679 1825 uniuscujusque
696 1731 796 1804 navis
820 1754 924 1804 unam
941 1731 1082 1803 unciam
1103 1737 1237 1802 tantum
1257 1729 1383 1802 nostris
1399 1729 1604 1804 officialibus

192 1851 310 1923 Veneti
329 1852 484 1944 solvant3
501 1853 597 1948 quod
615 1854 646 1928 si
664 1855 837 1930 voluerint
851 1856 986 1950 aliquas
1003 1875 1133 1928 meroes
1145 1875 1261 1928 emere
1282 1854 1336 1928 vel
1358 1855 1539 1928 extraham
1557 1855 1603 1930 de

192 1975 346 2052 blessana
366 1975 426 2072 (c),
443 1977 488 2052 de
504 1977 649 2072 singulis
662 1979 873 2074 quarticollis
886 1979 930 2054 de
946 1989 1024 2053 octo
1032 1979 1194 2053 canteriis
1208 1977 1262 2076 (l)
1274 1989 1309 2052 et
1323 1987 1479 2052 tarenum
1493 1999 1603 2050 unum

191 2101 340 2194 projure
354 2102 500 2176 solvant.
516 2103 674 2176 Panormi
690 2125 772 2178 vero
786 2103 831 2178 de
846 2105 992 2200 gemmis
1004 2125 1107 2200 opere
1119 2103 1217 2176 iactis
1228 2102 1293 2200 (d),
1310 2103 1355 2178 de
1368 2103 1556 2176 armellinis
1569 2113 1604 2176 et

191 2225 266 2298 aliis
274 2227 473 2323 rebusques
483 2229 748 2304 vendiderintet
758 2231 903 2305 emerint
915 2230 1107 2320 ibi‚Veneti
1120 2229 1252 2324 aliquid
1265 2251 1334 2302 non
1343 2225 1600 2325 exsolvendi).

190 2350 346 2424 Preterea
361 2351 583 2426 concedimus
603 2363 642 2426 nt
657 2354 687 2426 si
702 2376 772 2450 que
795 2355 850 2428 vel
869 2354 899 2428 si
916 2355 996 2450 quis
1013 2356 1220 2428 Venetorum
1239 2352 1276 2425 in
1294 2373 1402 2448 regno
1418 2361 1534 2426 nostro
1550 2350 1603 2424 si-

190 2475 267 2548 cilie
284 2477 370 2550 mori
393 2479 590 2570 contigerit,
613 2479 719 2553 libere
740 2480 870 2576 possint
897 2479 1031 2576 absque
1054 2477 1292 2552 contrarietate
1314 2476 1431 2571 aliqua
1453 2474 1602 2548 condere

190 2609 429 2675 testamentum
444 2613 479 2676 et
495 2603 588 2677 licite
599 2587 782 2700 disponere
800 2603 969 2679 derebus
987 2604 1078 2695 suis,
1097 2613 1132 2675 et
1145 2603 1247 2696 juxta
1264 2599 1360 2694 quod
1375 2609 1513 2674 testator
1531 2598 1601 2672 dis·

189 2726 303 2820 posuit
320 2727 536 2801 observetur.
557 2727 687 2824 Siquis
704 2751 786 2804 vero
810 2731 1019 2804 Venetorum
1039 2727 1085 2800 ab
1108 2727 1268 2800 intestato
1288 2725 1325 2797 in
1347 2723 1470 2798 eodem
1492 2743 1601 2816 regno

189 2861 304 2925 nostro
322 2849 515 2944 decederet,
537 2852 749 2948 quicumque
765 2853 917 2926 Venetus
933 2851 1057 2944 aderit,
1079 2852 1171 2924 bona
1189 2849 1342 2922 defuncti
1364 2845 1601 2922 conservanda

188 2977 341 3073 recipere
359 2978 587 3074 permittatur.
609 2978 711 3064 Quod
729 2978 759 3051 si
777 2999 878 3052 nemo
898 2999 1036 3073 presens
1052 2977 1117 3050 iuit
1133 2976 1356 3065 Venetorum,
1376 2974 1515 3067 bajulus
1534 2973 1601 3046 loci

188 3124 228 3175 ea
245 3103 400 3200 recipere
426 3125 467 3177 ac
495 3125 700 3178 conservare
719 3103 845 3178 debeat
866 3103 933 3177 sub
950 3102 1145 3176 testimonio
1164 3101 1334 3174 bonorum
1352 3099 1524 3190 virorum,
1545 3099 1600 3172 vel

188 3227 223 3298 in
246 3227 384 3302 deiectu
411 3228 519 3321 bajuli
542 3229 645 3329 alicui
670 3228 715 3304 de
740 3229 815 3326 ipso
839 3230 914 3303 loco
935 3229 1026 3302 bone
1046 3225 1128 3300 fidei
1151 3235 1185 3298 et
1207 3224 1380 3321 opinionis
1407 3223 1483 3297 viro
1510 3223 1600 3296 bona

188 3351 310 3426 cadem
331 3355 599 3446 committantur,
620 3355 766 3450 singulis
789 3355 825 3428 in
854 3353 1031 3450 publicum
1057 3350 1222 3446 scriptum
1246 3347 1414 3440 redactis,
1437 3353 1471 3420 et
1495 3367 1601 3442 penes

189 3499 292 3572 quem
307 3500 528 3574 quecumque
545 3481 637 3553 bona
651 3480 727 3576 ipsa
743 3478 899 3576 deposita
915 3479 1042 3552 inerint
1056 3477 1112 3549 vel
1128 3484 1279 3572 recepta,
1295 3474 1383 3547 sicut
1396 3491 1456 3568 per
1472 3472 1601 3548 litteras

189 3612 222 3674 et
237 3604 400 3676 nuntium
422 3604 503 3678 duci
522 3606 728 3680 Venetorum
752 3626 856 3700 super
877 3600 969 3703 [hoc]
989 3601 1228 3676 transmissum
1243 3599 1361 3688 inerit,
1383 3598 1440 3672 cui
1458 3595 1602 3671 manda·

188 3727 275 3800 verit
296 3729 528 3824 assignentur.
553 3728 783 3804 Concedimus
807 3729 949 3826 insuper
974 3739 1013 3800 ut
1039 3735 1245 3801 mercatores
1270 3735 1305 3798 et
1327 3723 1483 3798 homines
1506 3721 1602 3816 regni

228 3901 271 3985 (a)
292 3905 346 3983 Ap.
364 3906 505 3967 Fantnnzl
522 3907 665 3987 emptione
677 3904 876 3983 dissolutione,
891 3923 1054 3985 perperam.

227 4009 269 4092 (b)
293 4013 317 4073 A
320 4029 351 4090 p.
364 4013 506 4076 Fantunni
519 4013 745 4090 dioertrucioue,
760 4017 897 4094 pessime.

227 4115 267 4199 (c)
294 4121 353 4198 Ap.
369 4121 509 4183 Fantuzzl
522 4121 557 4183 dc
569 4121 698 4201 Maria,
713 4123 800 4184 male.

227 4222 272 4306 (d)
293 4225 352 4304 dp.
368 4227 511 4290 Fantuml
518 4227 617 4309 secte,
632 4232 731 4292 minus
744 4235 834 4290 recte.

1103 4379 1302 4389 ..--.--ι
1306 4377 1592 4388 ω-ω-κ---ι-η-

221 4463 261 4537 (l)
279 4463 346 4522 Vide
357 4480 452 4540 supra,
461 4483 490 4542 p.
506 4469 570 4538 265,
585 4473 641 4525 not.
654 4470 680 4522 l.

222 4559 258 4633 (2)
277 4559 353 4630 Quas
366 4563 456 4621 omnia
470 4569 565 4638 postea
578 4571 682 4622 rnutata
693 4564 811 4636 luerunt,
819 4579 881 4620 cum
892 4563 962 4621 bello
970 4563 1041 4620 inter
1050 4565 1168 4622 Venetos
1179 4565 1206 4618 et
1217 4559 1382 4617 Fridericum
1395 4565 1496 4628 exorto,
1514 4559 1563 4614 iste
1576 4557 1602 4612 in

187 4657 351 4718 ordinatione
374 4677 504 4720 novorum
519 4669 645 4738 portuum
662 4669 691 4721 et
712 4662 879 4722 amotione
898 4661 1054 4720 victualium
1074 4661 1191 4721 Venetos
1212 4659 1362 4734 specialiter
1381 4655 1526 4732 prohibuit.
1541 4653 1602 4714 Vid.

188 4757 346 4816 mandatum
360 4763 377 4818 t
389 4761 494 4819 octobr.
512 4765 581 4820 ⁴2³9
594 4769 623 4820 et
635 4779 712 4837 seqq.
