4298 5906
524 559 582 622 184
969 558 1106 622 notan
1132 559 1485 624 consttrttrtottns

523 705 638 768 autem
656 695 686 768 si
711 694 915 768 castellanos
935 696 992 768 vel
1014 704 1253 792 procuratores
1277 693 1516 769 denaniorum
1538 714 1601 768 sen
1623 691 1824 768 animalium
1847 715 1933 768 uus·

524 829 676 911 trorum,
704 827 739 894 et
761 819 921 894 custodes
944 817 1162 894 defensurum
1187 829 1381 894 nostrarum
1405 819 1589 894 inveniunt
1613 839 1675 914 per
1698 817 1855 893 fraudem
1879 817 1935 894 vel

524 944 738 1018 manifestam
758 945 1003 1040 negligentiam
1027 947 1116 1019 male
1135 945 1202 1019 sibi
1221 945 1403 1018 commissa
1422 953 1602 1035 tractasse,
1624 943 1720 1039 ipsos
1736 944 1874 1038 capiant
1890 944 1937 1018 de

525 1069 739 1163 personis,et
756 1071 859 1143 nobis
877 1068 1071 1163 significent
1086 1071 1389 1164 transgressionem
1408 1070 1574 1166 ipsorum,
1591 1077 1631 1140 ut
1646 1067 1730 1142 inde
1744 1067 1818 1142 lieri
1838 1091 1935 1143 man·

526 1192 649 1266 demus
666 1203 768 1289 prout
783 1203 899 1268 nostro
914 1195 1129 1290 heneplacito
1152 1195 1327 1268 residebit.
1347 1195 1391 1268 Ut
1405 1204 1519 1268 tamen
1534 1195 1738 1267 castellanos
1753 1193 1799 1268 de
1820 1203 1936 1269 nosba

526 1319 734 1392 conscientia
756 1320 957 1394 constitutos
974 1318 1025 1416 (c)
1046 1319 1092 1393 de
1108 1321 1228 1394 castris
1250 1341 1320 1392 nou
1343 1329 1527 1393 amoveant
1547 1318 1623 1392 sine
1645 1339 1767 1412 cansa,
1787 1341 1936 1414 quornm

526 1445 676 1538 aliquem
692 1445 723 1516 si
741 1444 790 1541 (d)
806 1465 852 1518 ex
871 1443 1033 1540 predictis
1050 1445 1165 1518 musis
1178 1443 1347 1518 removeri
1363 1443 1543 1538 contigerit
1557 1464 1621 1539 per
1636 1441 1795 1536 eusdem,
1815 1445 1937 1518 remoti

526 1568 691 1642 delictum
713 1579 748 1643 et
765 1569 942 1642 substituti
960 1590 1087 1642 nomen
1110 1569 1211 1644 uobis
1229 1567 1424 1664 significent
1442 1566 1612 1654 seriatim,
1633 1577 1674 1638 nt
1689 1565 1735 1641 de
1751 1567 1938 1642 substituto

526 1695 602 1790 ipso
621 1703 683 1768 aut
706 1691 752 1768 de
773 1693 1015 1768 substituendo
1039 1694 1106 1767 alio
1134 1693 1337 1768 mandatum
1364 1693 1411 1766 de
1437 1692 1564 1766 scrinio
1591 1691 1800 1765 conscientie
1821 1702 1939 1766 nonme

526 1819 701 1914 procedat.
733 1817 960 1911 lndustriam,
985 1817 1251 1893 sollicitudinem
1275 1829 1310 1892 et
1333 1817 1546 1912 diligentiam
1569 1816 1832 1892 castellmorum
1853 1838 1938 1892 uos·

526 1957 656 2018 trorum
674 1965 744 2040 que
762 1945 798 2016 in
815 1943 1062 2018 conservandis
1081 1954 1117 2018 et
1132 1943 1348 2020 medicandis
1363 1942 1407 2040 (c)
1426 1943 1546 2018 castris
1567 1953 1603 2016 et
1622 1942 1792 2017 demaniis
1813 1944 1940 2017 nostris

526 2069 726 2162 habuerint,
748 2091 809 2166 per
831 2069 925 2166 ipsos
943 2069 1139 2144 celsitudini
1160 2079 1276 2144 nostre
1296 2070 1511 2164 frequentius
1527 2069 1691 2143 volumus
1711 2067 1882 2161 intimari,
1900 2077 1942 2141 nt

527 2193 821 2292 quemadmodum
836 2195 982 2286 injustos
1001 2203 1037 2267 et
1051 2195 1189 2290 iniquos
1208 2194 1308 2291 penis
1321 2193 1430 2285 affici,
1450 2193 1502 2267 sic
1518 2193 1628 2268 bunos
1644 2201 1680 2268 et
1692 2194 1806 2287 justos
1824 2193 1940 2288 impe-

526 2319 669 2394 rialibus
686 2319 827 2415 premiis
839 2321 1002 2392 volumus
1016 2319 1185 2394 decorari.
1201 2319 1367 2394 Ptedictie
1384 2327 1539 2416 preterea
1555 2317 1729 2412 magistris
1740 2317 1941 2410 justiciariis

526 2453 561 2518 et
594 2443 782 2540 capitaneis
812 2443 938 2515 uostris
962 2445 1180 2538 injunximus
1205 2453 1246 2516 ut
1269 2443 1300 2518 si
1331 2442 1526 2517 invenerint
1551 2442 1702 2539 aliquem
1739 2441 1942 2516 officialium

525 2578 720 2644 nostrornm
741 2589 803 2664 per
825 2569 970 2661 gratiam
989 2579 1051 2642 aut
1069 2569 1189 2644 odium
1210 2569 1430 2644 manifestum
1449 2569 1620 2662 justitiam
1642 2567 1851 2660 detraxisse,
1876 2589 1942 2642 seu

526 2695 709 2791 pecuniam
733 2715 797 2766 seu
816 2693 960 2786 jojeetas
980 2714 1044 2767 seu
1067 2715 1171 2768 canes
1192 2703 1252 2769 aut
1272 2693 1454 2790 accipitres
1475 2702 1536 2766 aut
1552 2690 1686 2787 aliquid
1705 2689 1804 2766 aliud
1827 2699 1943 2788 preter

526 2820 740 2892 meulentum
755 2829 817 2892 aut
840 2819 1062 2915 poculentum
1078 2817 1175 2916 quod
1194 2817 1242 2893 ad
1265 2819 1343 2915 plns
1364 2817 1503 2892 dnobus
1523 2815 1649 2891 diebus
1670 2817 1776 2890 semel
1793 2817 1831 2887 in
1848 2837 1943 2890 anno

528 2951 662 3016 tautum
677 2941 745 3014 sibi
760 2941 921 3033 sufficiat,
942 2942 1130 3039 recepisse,
1151 2943 1207 3034 (ut
1223 2951 1339 3014 tumen
1354 2963 1375 3014 a
1389 2939 1605 3036 litigantibus
1619 2939 1706 3012 nihil
1720 2939 1860 3014 omnino
1875 2960 1944 3014 nec

529 3067 742 3140 esculentum
755 3066 898 3164 recipiat
910 3064 1001 3163 (l);)
1011 3067 1041 3140 si
1055 3067 1100 3140 de
1113 3065 1356 3160 jurisdictione
1369 3087 1434 3139 sua
1446 3065 1492 3138 ab
1505 3065 1624 3160 aliquo
1637 3064 1794 3158 litigante
1805 3085 1945 3162 recepe-

528 3191 587 3282 rit,
599 3213 679 3264 cum
693 3190 835 3264 infamia
853 3192 1009 3286 privatus
1021 3191 1134 3264 officio
1144 3211 1205 3286 per
1218 3191 1312 3286 ipsos
1328 3189 1498 3264 bonorum
1511 3209 1655 3263 suorum
1671 3185 1828 3262 omnium
1845 3185 1944 3262 infis-

528 3315 663 3390 catiune
682 3314 733 3412 (d)
755 3316 955 3406 mulctetur3
977 3325 1129 3388 ceterum
1147 3315 1177 3386 si
1200 3313 1246 3388 de
1262 3314 1341 3389 aliis
1358 3334 1429 3387 non
1446 3313 1661 3410 litigantibus
1680 3311 1741 3409 qui
1762 3321 1877 3388 tamon
1896 3311 1945 3388 de

523 3439 763 3534 jurisdictione
778 3461 841 3512 sua
860 3439 946 3529 siut,
966 3439 1124 3514 officialis
1140 3439 1307 3537 receperit
1322 3439 1457 3535 aliquas
1469 3459 1538 3530 res,
1557 3433 1622 3538 [re]
1639 3445 1781 3535 accepta
1800 3436 1944 3513 domino

527 3565 696 3659 restituta,
714 3566 751 3638 in
767 3563 1003 3660 quadruplum
1018 3563 1102 3639 tisoo
1117 3573 1233 3638 nostro
1251 3563 1447 3638 damnetur.

569 3801 610 3874 (α)
628 3798 686 3876 Ap.
701 3797 867 3860 Carunnm
881 3793 1030 3860 waccar
1035 3839 1046 3872 ‚
1055 3796 1143 3858 male.

569 3901 609 3984 (b)
629 3904 743 3966 lbtdem
755 3904 807 3986 par·
818 3921 865 3980 aa,
880 3921 935 3966 nec
947 3905 1064 3966 mallus.

570 4009 609 4091 (c)
632 4009 796 4074 Medinadr's
809 4013 946 4091 proponit
958 4011 1160 4084 emorousae
1172 4007 1212 4070 ad
1224 4008 1371 4088 Congium
1383 4005 1523 4082 Marem,
1537 4002 1629 4067 verbo
1641 4000 1778 4068 mdiarc.
1790 4001 1943 4068 Mediterr-

527 4113 573 4178 eo
586 4134 656 4179 veru
669 4119 836 4182 ntttdtorem
849 4135 969 4182 sensum
982 4119 1133 4198 axprtmlt.

568 4221 613 4300 (d)
630 4225 679 4288 Stc
691 4228 884 4307 corrigimus,
898 4227 973 4290 dum
993 4229 1027 4288 tn
1046 4227 1197 4305 impressls
1212 4225 1328 4304 tegatur
1336 4238 1395 4304 prr
1409 4222 1538 4304 prorata
1551 4217 1702 4284 mons.
1718 4264 1727 4283 .
1743 4261 1753 4284 .
1769 4263 1779 4284 .
1798 4261 1808 4284 .
1823 4217 1945 4300 infirnu-

549 4331 556 4346 Ι

531 4337 649 4393 troam

531 4501 613 4516 ,ιυ-
621 4503 671 4512 -ηι-

567 4601 602 4678 (t)
619 4602 660 4659 lta
673 4601 701 4658 in
714 4601 766 4660 boc
779 4617 844 4660 casu
858 4602 1029 4678 poculentum
1044 4599 1228 4660 tantummodo
1247 4597 1417 4674 permittitur.
1431 4595 1471 4654 ct.
1486 4601 1577 4655 nmen
1593 4595 1658 4671 quid
1674 4594 1743 4655 iutra
1754 4599 1889 4654 sanata
1908 4593 1943 4652 de

530 4697 669 4758 esculento
679 4705 707 4757 et
717 4699 860 4776 poculento
874 4701 942 4760 intra
953 4700 1023 4760 duos
1033 4699 1091 4759 dies
1101 4696 1320 4768 consummando,
1331 4713 1360 4772 p.
1375 4697 1437 4754 tes.
