4320 5918
264 569 422 649 laurona]
711 565 911 630 HISTORIA
929 563 1223 631 praeostentat.
1337 649 1340 661 ὶ
1613 551 1673 624 547

195 753 199 760 -
263 705 485 799 indulgemus
496 711 532 775 et
546 697 809 792 confirmamus3
831 711 1017 776 statuentes
1031 711 1066 776 et
1083 698 1249 796 imperiali
1264 695 1466 800 auctoritate
1480 695 1673 770 sancientes

266 828 411 901 utnulla
426 826 567 900 omnino
582 824 885 921 personahumilis
902 826 957 900 vel
972 825 1053 918 alta,
1073 821 1237 898 secularis
1247 819 1562 921 velecelesieetica,
1582 819 1674 892 banc

265 951 476 1024 auctoritatis
500 957 615 1023 nostre
636 949 799 1044 pagiuam
824 949 1000 1044 aliquibus
1023 947 1159 1021 (lamnis
1180 944 1382 1038 injuriarum
1407 964 1469 1019 sau
1493 943 1675 1016 calumniis

266 1073 393 1148 audeat
405 1082 585 1148 attentare.
600 1071 703 1159 Quod
715 1073 776 1166 qui
790 1073 907 1146 fecerit
922 1073 1109 1166 majestatis
1120 1093 1203 1146 reue
1215 1067 1469 1164 quinquaginta
1480 1067 1585 1140 libras
1598 1066 1675 1138 euri

266 1197 344 1292 puri
363 1219 425 1294 pro
439 1219 529 1293 pena
550 1207 750 1292 componet,
769 1195 953 1270 dimidium
975 1195 1059 1271 fisco
1082 1189 1269 1292 imperialis
1287 1213 1423 1266 camere
1443 1201 1478 1264 et
1503 1190 1675 1286 reliquum

268 1322 428 1414 injuriam
446 1321 588 1418 patienti
605 1319 761 1393 ecclesie.

316 1447 425 1538 liujus
436 1445 487 1518 rei
503 1453 604 1518 testes
618 1453 700 1517 sunt
714 1471 723 1514 :
738 1443 945 1518 Cbunradus
958 1439 1182 1539 Moguntinus
1192 1441 1484 1538 archiepiscopus,
1500 1437 1678 1532 Philippus

267 1569 480 1642 coloniensis
505 1568 804 1664 archiepiscopus,
826 1570 1044 1642 Hermanuus
1060 1567 1334 1642 lllonusterieusis
1352 1563 1552 1661 episcopus,
1581 1561 1679 1634 Mar-

269 1694 362 1764 tinus
377 1693 558 1766 Misnensis
572 1692 774 1789 episcopus,
795 1692 1003 1768 chunradus
1020 1692 1221 1766 Lubicensis
1238 1692 1378 1778 electus,
1396 1683 1587 1782 liupoldus
1604 1682 1681 1757 dux

268 1816 423 1908 Austris,
442 1815 637 1890 Fridericus
656 1815 732 1890 dux
755 1817 899 1910 Suevie,
922 1817 1112 1892 Lndwicus
1129 1837 1244 1890 comes
1265 1814 1311 1889 de
1332 1809 1583 1910 Spizimbercb,
1605 1808 1680 1880 llu-

270 1941 436 2032 gilbertus
455 1963 570 2014 comes
587 1941 633 2016 de
652 1940 793 2032 Gurtue,
812 1941 993 2016 Heinricus
1012 1963 1128 2014 comes
1151 1940 1196 2014 de
1215 1941 1347 2030 llietee,
1367 1939 1447 2010 Otto
1463 1936 1508 2010 de
1528 1933 1680 2029 lengin-

270 2065 371 2154 bach,
391 2065 649 2138 llerkimbertus
665 2065 709 2138 de
726 2065 930 2159 Haginowe,
950 2065 1092 2138 Khraito
1106 2064 1151 2138 de
1165 2063 1429 2154 Emizinisbacb,
1445 2059 1681 2154 Engilscalcus

270 2189 316 2262 de
344 2189 428 2275 Ura,
459 2191 639 2264 Lutwinus
668 2190 713 2264 de
740 2192 1001 2282 Suuniuberob,
1029 2191 1162 2264 Ulrieus
1185 2189 1230 2264 de
1255 2190 1402 2278 Stowiz,
1428 2186 1611 2260 Heinricus
1636 2184 1681 2258 da

270 2313 514 2401 Duulrinstcin,
536 2323 570 2387 et
586 2315 645 2386 alii
661 2315 895 2410 quamplures.

319 2437 462 2531 Signum
481 2437 642 2510 Friderici
661 2439 892 2512 Romanorum
909 2439 1124 2536 imperatorie
1140 2438 1369 2513 invictissimi.

319 2559 391 2654 Ego
413 2559 610 2634 Gotelritlus
635 2563 825 2658 imperialis
852 2565 933 2638 aule
959 2564 1201 2654 cancellarius,
1226 2563 1304 2638 viee
1328 2559 1504 2634 Cbunradi
1526 2558 1681 2650 ltlogun-

273 2685 342 2758 tiue
359 2685 452 2759 sedi·
470 2687 718 2783 archiepiscopi
735 2699 770 2761 et
785 2688 964 2763 Germania
979 2687 1289 2776 archicancellarii,
1310 2685 1507 2779 recognovi.

320 2809 405 2882 Acta
430 2821 511 2882 suut
539 2811 604 2884 hec
629 2834 722 2886 anno
750 2813 924 2886 dominice
951 2811 1195 2886 iucarnationis
1222 2812 1269 2884 Μ.
1283 2810 1320 2883 C.
1336 2808 1537 2897 LXXXllll,
1567 2805 1682 2881 indic-

273 2934 364 3006 tione
382 2935 409 3006 ll
428 2933 495 3030 (a),
521 2945 686 3030 regnante
708 2936 848 3010 domiuo
869 2935 1042 3010 Friderioo
1066 2932 1297 3009 Romanorum
1325 2935 1528 3030 imperatore
1550 2931 1682 3027 glorio-

273 3058 420 3148 sissimo,
438 3081 530 3132 auno
548 3061 647 3153 regui
665 3062 742 3153 ejus
759 3061 928 3151 XXXllll,
950 3061 1085 3156 imperii
1099 3081 1184 3133 vero
1202 3059 1311 3152 XXX,
1334 3059 1487 3132 inlicitur.
1507 3058 1630 3132 Amen.

320 3183 444 3254 Datum
463 3183 559 3280 apud
577 3183 803 3278 bloguntiam.

320 3305 390 3380 Nos
403 3315 518 3379 autem
536 3307 681 3403 predicti
698 3308 833 3382 abbatis
848 3308 985 3381 devotis
998 3309 1308 3404 supplicationibus
1322 3317 1525 3400 annuentes,
1544 3307 1589 3380 de
1608 3329 1684 3404 spe·

273 3429 352 3502 ciali
377 3431 486 3523 gratia
508 3453 578 3524 qua
602 3433 716 3526 ipsum
734 3433 914 3524 abbatem,
935 3434 1055 3506 iratres
1078 3442 1114 3506 et
1135 3431 1294 3506 eamdem
1313 3433 1490 3506 ecclesiam
1513 3454 1593 3504 cum
1610 3453 1685 3505 om·

274 3553 378 3625 nibus
395 3555 496 3626 bonis
510 3555 584 3626 suis
600 3566 779 3650 protegere
795 3558 956 3630 volumus
976 3567 1012 3629 et
1027 3557 1129 3648 tueri,
1152 3557 1345 3654 predictum
1365 3556 1586 3651 privilegium
1604 3557 1687 3628 huic

273 3687 390 3750 nostro
408 3681 557 3774 presenti
586 3680 768 3776 privilegio
794 3681 839 3754 de
856 3681 963 3755 verbo
982 3681 1030 3756 ad
1053 3680 1200 3755 verbum
1228 3681 1332 3755 inseri
1351 3682 1542 3776 jussimus,
1571 3682 1686 3754 omnia

273 3823 343 3894 qne
360 3803 575 3875 continentur
589 3805 624 3876 in
635 3827 678 3878 eo
694 3805 849 3900 predicto
862 3806 991 3897 abbati,
1009 3806 1171 3878 fratribus
1187 3814 1222 3879 et
1235 3805 1493 3879 successoribus
1509 3827 1630 3879 eornm
1644 3827 1686 3878 ac

274 3935 461 3999 memorato
475 3929 681 4001 monasterio
689 3929 901 4003 auctoritatis
914 3939 1029 4004 nostra
1041 3929 1233 4003 munimine
1246 3939 1412 4027 perpetuo
1428 3929 1681 4004 confirmantes.

273 4051 462 4122 Statnimus
480 4051 585 4145 igitur
601 4062 635 4126 et
652 4054 821 4149 imperiali
835 4054 1009 4127 sancimus
1024 4053 1139 4128 edicto
1156 4067 1327 4148 quatenus
1342 4053 1436 4127 nulla
1453 4075 1599 4150 persona
1617 4055 1685 4128 alta

275 4172 331 4244 vel
349 4173 511 4265 humilis,
542 4177 774 4251 ecclesiastica
800 4179 856 4251 vel
885 4179 1079 4269 mundana,
1104 4185 1220 4252 contra
1237 4180 1402 4274 presentis
1420 4178 1686 4254 confirmationis

275 4304 390 4368 nostre
407 4298 570 4392 paginam
588 4299 762 4394 predictos
777 4301 958 4390 abbatem,
982 4303 1101 4376 iratres
1118 4312 1153 4374 et
1175 4323 1388 4377 successores
1412 4325 1494 4378 suos
1519 4327 1561 4378 ac
1586 4326 1685 4400 sepe·

276 4420 383 4491 latum
406 4423 652 4496 monasterium
675 4425 711 4496 iu
734 4427 850 4520 aliquo
872 4427 1054 4524 molestare
1073 4436 1260 4522 presumat.
1286 4427 1388 4514 Quod
1410 4429 1472 4525 qui
1495 4450 1686 4526 presump-

275 4541 357 4614 serit
374 4553 487 4638 preter
505 4545 777 4640 indignationem
794 4559 945 4623 nostram
964 4560 1101 4624 centurn
1114 4549 1283 4625 librarum
1300 4555 1377 4626 anri
1395 4575 1486 4650 pena
1504 4555 1683 4648 plectatur,

319 4691 359 4772 (a)
382 4693 471 4757 Deest
483 4698 603 4760 omuino
616 4701 721 4761 notitia
733 4703 853 4764 mensis.
