4320 5918
205 625 302 686 burm.
320 626 362 704 'l.]
653 623 851 686 HISTORIA
876 621 1169 684 platonitatem
1556 623 1617 685 tte

205 762 395 836 iordienses
412 759 580 852 majestati
599 769 713 834 nostre
728 759 904 834 humiliter
928 759 1167 856 supplicarunt
1192 766 1232 830 ut
1249 779 1310 830 eos
1326 757 1391 829 sub
1408 759 1617 854 protectione

205 897 320 960 nostra
335 885 552 982 recipientes,
562 885 672 959 bonos
689 909 775 960 usus
790 896 824 960 et
838 888 1042 983 approbatas
1055 883 1324 958 consuetudines
1336 891 1370 955 et
1387 884 1529 979 antiqua
1537 887 1616 978 jura

204 1013 332 1107 quibus
348 1011 515 1084 hactenus
529 1011 583 1084 usi
601 1023 681 1084 sunt
700 1012 766 1084 sibi
784 1021 818 1084 et
829 1010 1015 1085 heredibus
1029 1009 1100 1082 suis
1111 1007 1313 1082 confirmare
1327 1007 1371 1080 de
1383 1011 1616 1102 nostragratia

204 1137 439 1232 dignaremur.
470 1137 541 1209 Nos
567 1137 672 1230 igitur
694 1137 963 1235 supplicationes
984 1157 1104 1209 eorum
1127 1135 1321 1225 benigniter
1345 1133 1561 1206 admittentes
1583 1143 1618 1207 et

204 1263 420 1336 attendentes
435 1283 556 1358 puram
574 1260 678 1334 tidem
701 1271 735 1334 et
758 1262 977 1336 devotionem
999 1263 1167 1334 sinceram
1185 1281 1290 1353 quam
1310 1258 1356 1332 ad
1375 1279 1438 1331 nos
1453 1267 1488 1331 et
1504 1259 1619 1353 impe-

204 1387 294 1458 rium
312 1385 484 1460 indefesse
497 1386 691 1460 habuerunt
709 1407 846 1482 semper
863 1397 897 1460 et
914 1387 1041 1460 babere
1059 1407 1129 1458 non
1148 1391 1295 1473 cessant,
1317 1381 1507 1479 predictam
1527 1383 1619 1456 civi-

205 1521 309 1583 tatem
327 1510 496 1584 llrffordie
509 1521 544 1584 et
567 1511 662 1584 ciues
677 1511 786 1607 ipsius
809 1533 888 1584 cnm
907 1512 1067 1584 omnibus
1085 1511 1185 1583 bonis
1204 1509 1276 1582 suis
1293 1509 1359 1580 sub
1376 1507 1515 1604 speciali
1533 1529 1619 1604 pro-

206 1637 352 1709 tectione
365 1658 406 1710 ac
421 1636 619 1710 defensione
634 1645 748 1708 nostre
762 1637 956 1732 recepimus
974 1637 1172 1729 majestatis,
1185 1645 1220 1708 ct
1230 1655 1349 1708 omnes
1363 1633 1472 1705 bonos
1487 1655 1572 1705 usus
1585 1641 1619 1705 et

206 1762 411 1856 approbatas
431 1760 700 1835 consuetudines
719 1783 851 1835 necnon
870 1763 1061 1856 etantiqua
1075 1763 1153 1854 jura
1173 1759 1302 1856 quibus
1320 1759 1402 1831 dicti
1422 1759 1516 1831 cives
1535 1758 1618 1832 bac·

207 1896 306 1958 tenus
319 1887 565 1960 rationabiliter
578 1897 613 1960 st
628 1888 735 1960 libere
752 1887 806 1960 usi
825 1889 957 1960 suntin
976 1888 1118 1960 civitate
1134 1885 1307 1983 predicta,
1336 1883 1467 1957 eisdem
1484 1885 1619 1956 ciuibus

206 2009 493 2084 Eriiordiensibus
506 2020 541 2084 et
557 2033 677 2084 eorum
694 2012 882 2087 heredibus
899 2012 944 2086 de
958 2021 1074 2086 nostra
1089 2013 1198 2107 gratia
1217 2012 1472 2106 inperpetuum
1495 2008 1619 2082 confir-

207 2157 355 2208 mamus.
376 2135 580 2209 Mandantes
597 2146 631 2208 et
652 2137 873 2231 injungentes
898 2137 1040 2210 firmiter
1062 2137 1234 2210 universis
1252 2145 1423 2232 quatenus
1445 2135 1561 2206 nullus
1576 2135 1620 2206 sit

206 2262 266 2354 qui
280 2261 420 2334 eosdem
437 2263 532 2334 cives
547 2261 666 2335 fideles
674 2271 807 2337 nostros
816 2265 873 2336 vel
887 2263 1039 2359 ipsorum
1053 2262 1199 2337 heredes
1211 2283 1315 2358 super
1329 2259 1493 2358 predictis
1503 2269 1621 2333 contra

207 2385 311 2478 hujus
330 2387 548 2482 protectionis
561 2397 595 2460 et
611 2387 880 2462 confirmationis
898 2398 1012 2463 nostre
1030 2399 1182 2462 tenorem
1207 2395 1334 2460 temere
1359 2389 1538 2461 molestare
1558 2407 1618 2458 seu

207 2511 408 2606 perturbare
422 2521 610 2607 presumat.
628 2513 730 2599 Quod
747 2515 809 2609 qui
825 2515 1073 2610 presumpserit
1090 2513 1362 2606 indignationem
1378 2511 1484 2586 nostri
1502 2511 1619 2583 culmi·

207 2637 262 2708 nis
277 2658 314 2708 se
327 2639 462 2712 noverit
474 2638 708 2712 incursurum.
727 2638 783 2713 Ad
801 2640 904 2734 hujus
923 2649 1039 2714 autern
1055 2639 1277 2736 protectionis
1296 2647 1330 2710 et
1353 2635 1618 2710 confirmationis

207 2770 321 2834 nostre
339 2763 540 2838 memoriam
559 2774 593 2838 et
603 2764 710 2837 robur
727 2773 895 2861 perpetuo
907 2766 1112 2853 valiturum,
1132 2785 1271 2860 presens
1287 2763 1451 2859 scriptum
1466 2761 1541 2834 fieri
1549 2763 1621 2855 jus·

208 2887 316 2960 simus
334 2889 549 2964 celsitudinis
566 2898 683 2964 nostre
694 2889 809 2985 sigillo
820 2891 1005 2963 munitum.

258 3013 381 3086 Datum
400 3015 495 3110 apud
510 3015 615 3088 Reate
631 3013 699 3113 (o),
723 3037 815 3090 anno
833 3015 1005 3090 dominice
1027 3014 1272 3088 incarnationis
1295 3013 1476 3087 millesimo
1488 3012 1619 3086 ducen-

208 3139 509 3214 tesimotricesimo
522 3151 664 3237 quarto,
682 3143 907 3236 mensejulii,
927 3140 1074 3237 septima
1086 3137 1288 3213 indictione.

447 3413 1388 3428 fflffl—*umvr———u

261 3629 499 3737 FridoricuS,
520 3631 779 3715 Romanorum
797 3631 1019 3742 imperator,
1040 3629 1269 3738 baronibus,
1288 3629 1475 3714 militibus
1493 3641 1529 3713 ct
1546 3657 1622 3741 po-
1686 3703 1715 3736 „
1728 3649 1765 3682 ⁸⁶

208 3765 300 3875 pulo
319 3767 507 3849 Aconensi
526 3777 660 3849 notum
678 3767 768 3850 iacit
786 3793 826 3851 se
845 3767 1075 3851 Theoderico
1095 3766 1374 3877 archiepiscopo
1396 3765 1618 3876 Ravennati,

210 3897 447 4006 Apostolicae
475 3899 582 3982 Sedis
613 3901 754 4010 legato,
778 3901 946 3985 officium
977 3901 1107 3984 nuncii
1141 3901 1199 3982 sui
1229 3901 1483 4010 commisisse,
1503 3902 1556 3984 ita
1579 3911 1622 3986 ut

209 4031 374 4114 formam
400 4034 624 4117 concordiae
642 4034 740 4118 inter
763 4063 803 4118 se
829 4045 867 4119 et
889 4019 992 4146 ipsos
1007 4035 1089 4146 jam
1116 4045 1329 4120 contractae
1355 4036 1457 4118 idem
1486 4037 1619 4120 archi-

209 4167 406 4276 episcopus
422 4167 506 4252 loco
525 4169 584 4251 sui
603 4196 824 4253 conseruare
842 4171 976 4281 possit.

291 4343 421 4424 (Edlder.
436 4345 550 4420 Lunna,
568 4343 776 4422 Reicdsarcdio,
792 4353 816 4408 t.
832 4347 885 4421 tv,
901 4365 932 4425 p.
951 4356 1020 4420 152,
1035 4352 1065 4407 et
1078 4345 1191 4421 ididem
1203 4342 1301 4426 Spicil.
1318 4342 1425 4415 eccles„
1442 4352 1463 4410 t.
1477 4346 1516 4422 V,
1532 4347 1623 4410 totius

328 4454 425 4530 operis
439 4459 462 4516 t.
477 4454 561 4527 xlx,
576 4471 603 4532 p.
623 4463 694 4514 3.-
702 4455 836 4531 Russus,
849 4456 957 4516 Hister.
973 4454 1116 4530 aalma„
1129 4472 1157 4532 p.
1173 4452 1259 4534 407.)

257 4609 451 4686 Fridericus
467 4613 530 4686 Dei
544 4615 652 4709 gratia
669 4617 900 4690 Romanorum
917 4615 1103 4712 imperator
1125 4638 1260 4713 semper
1283 4625 1468 4712 augustus,
1493 4613 1623 4688 Hieru-

254 4787 293 4869 (α)
315 4791 350 4851 In
364 4790 491 4871 Lunlglo
503 4791 585 4872 opud
596 4794 712 4871 liceat,
725 4797 814 4859 male.
