4298 5906
548 557 606 618 192
991 555 1129 619 Notae
1156 553 1517 619 consalutatortss

548 694 650 767 tionis
665 693 771 788 gratis
786 693 911 766 iaciant
927 692 976 790 (a)
993 692 1182 790 apodixem
1196 702 1231 766 et
1246 692 1312 788 ipsi
1327 693 1492 789 recipiant
1509 691 1739 788 antapocham
1756 689 1802 768 de
1823 691 1955 768 solutis.

967 979 1110 1054 LIBER
1141 981 1174 1072 Ι,
1205 978 1408 1053 TITULUS
1438 978 1535 1052 Llll.

987 1154 1035 1224 De
1052 1155 1317 1248 iqcettoeec
1334 1153 1509 1247 sodomia.

590 1330 834 1426 inquisitiones
858 1329 1038 1425 generales
1061 1351 1123 1425 per
1145 1331 1340 1426 provincias
1362 1339 1398 1404 et
1421 1338 1535 1427 partes
1549 1329 1826 1425 provinciarum,
1843 1331 1903 1404 ubi
1921 1341 1956 1406 et

542 1453 684 1552 qnando
703 1453 870 1550 expedire
885 1453 1025 1527 uidetur
1042 1453 1107 1551 (b),
1129 1455 1306 1548 justitiarii
1329 1455 1440 1528 iacere
1462 1475 1531 1528 non
1553 1453 1712 1528 omittant
1728 1453 1774 1528 de
1791 1456 1952 1529 maleine·

541 1579 674 1654 toribus
687 1585 721 1652 et
734 1577 1035 1652 hominibusmale
1048 1577 1318 1651 conversationis
1330 1589 1366 1651 et
1380 1579 1585 1675 vite,perse
1598 1579 1704 1674 ipsos,
1714 1579 1907 1677 judices(c)
1920 1589 1954 1654 et

539 1704 691 1776 notarios
704 1723 785 1775 suos
799 1712 834 1775 et
847 1723 918 1774 non
933 1723 994 1798 per
1007 1701 1093 1774 aiios
1105 1701 1280 1798 simplices
1293 1701 1421 1797 quibus
1431 1723 1490 1775 eas
1500 1701 1667 1774 hactenus
1680 1703 1949 1776 committebant.

539 1827 847 1901 Comminabuntur
858 1836 973 1899 autem
986 1825 1130 1921 predicti
1139 1827 1314 1920 justitiarii
1325 1835 1360 1900 et
1370 1827 1651 1900 comminationes
1660 1826 1847 1901 observent
1856 1827 1952 1922 quod

539 1953 740 2047 quicunqne
756 1951 800 2026 de
818 1950 871 2022 his
885 1951 947 2046 qui
961 1961 1136 2046 presentes
1152 1971 1267 2024 coram
1286 1951 1337 2024 eis
1352 1949 1478 2024 inerint
1496 1951 1553 2024 vei
1568 1949 1776 2046 adquorum
1794 1952 1951 2026 notitiam

538 2075 691 2151 edictum
715 2075 761 2150 de
785 2075 1008 2171 inquisitione
1033 2075 1237 2170 generaliter
1261 2074 1420 2150 iacienda
1445 2077 1663 2172 pervenerit,
1686 2098 1790 2172 super
1813 2077 1951 2170 injuriis

538 2202 611 2274 suis
642 2201 817 2295 querelam
845 2200 975 2274 auide
1000 2201 1091 2274 mala
1120 2201 1212 2274 lama
1236 2221 1299 2274 seu
1324 2201 1583 2275 conversations
1603 2201 1797 2297 cujuspiam
1823 2202 1881 2275 vel
1905 2200 1950 2276 de

539 2325 657 2420 aliquo
671 2325 813 2398 crimine
829 2326 888 2398 vel
905 2323 1073 2398 maleficio
1086 2324 1122 2396 in
1134 2323 1314 2421 provincia
1328 2333 1458 2420 patrato
1469 2325 1649 2398 veritatem
1667 2347 1736 2398 non
1750 2325 1949 2421 deposuerit

537 2451 594 2523 vel
607 2449 799 2544 quereiam,
818 2449 929 2521 donec
946 2449 1108 2522 instantia
1128 2447 1285 2522 faciende
1306 2447 1536 2543 inquisitionis
1552 2448 1744 2540 duraverit,
1765 2449 1811 2524 de
1834 2450 1947 2525 male·

536 2572 623 2647 ficiis
648 2595 761 2668 usque
777 2573 824 2647 ad
842 2573 939 2645 illum
962 2572 1054 2645 diem
1081 2573 1118 2644 in
1137 2582 1239 2646 anoea
1257 2573 1459 2668 perpetratis
1482 2583 1516 2645 et
1537 2573 1674 2666 injuriis
1692 2573 1759 2645 sihi
1780 2573 1886 2646 illatis
1907 2583 1947 2646 ut

534 2708 728 2790 accusator,
751 2697 882 2771 delator
897 2706 956 2770 aut
973 2698 1068 2770 testis
1085 2697 1280 2770 nuliatenus
1298 2696 1524 2790 exaudiatur;
1543 2697 1608 2770 nisi
1624 2699 1751 2790 justam
1770 2707 1805 2771 et
1821 2697 1944 2794 proba·

531 2797 636 2896 eiiam
652 2823 785 2896 timoris
802 2819 857 2896 vei
875 2823 1067 2917 ignorantie
1083 2843 1223 2895 causam
1237 2822 1425 2896 ostenderit
1438 2822 1670 2918 repellendus,
1687 2831 1943 2920 propterquam

532 2946 637 3020 edicti
659 2958 810 3043 tempore
827 2947 991 3042 conqueri
1006 2947 1062 3020 vel
1083 2947 1339 3042 inquisitionem
1360 2947 1533 3042 deponere
1549 2947 1691 3020 minime
1705 2947 1884 3043 potuisset.

522 3099 536 3119 ··
580 3073 623 3144 ili
641 3073 701 3166 qui
720 3094 782 3167 per
799 3071 1039 3166 inquisitiones
1056 3071 1256 3166 hujusmodi
1274 3073 1451 3166 generales
1469 3071 1601 3146 inventi
1614 3070 1743 3145 luerint
1759 3071 1940 3163 nomhiles,

531 3195 561 3267 si
583 3197 649 3268 tale
673 3193 760 3290 qnid
782 3206 899 3268 oontra
921 3217 981 3268 eos
1000 3195 1183 3290 probatum
1198 3205 1362 3292 appareat
1382 3217 1443 3291 per
1464 3194 1561 3290 quod
1585 3196 1671 3268 mori
1699 3217 1769 3269 non
1794 3195 1942 3271 debcant

531 3340 595 3393 nec
618 3321 772 3392 membro
791 3321 907 3414 aliquo
932 3319 1101 3404 mutilari,
1132 3327 1165 3391 et
1191 3319 1394 3416 perdecem
1422 3305 1483 3393 aut
1504 3321 1622 3429 pluqes
1649 3341 1738 3415 quos
1758 3321 1940 3414 justiciarii

529 3445 704 3518 communi
723 3446 815 3516 lama
838 3445 927 3516 bone
952 3443 1124 3539 opinionis
1147 3443 1342 3517 invenerint
1362 3443 1512 3517 convicti
1534 3443 1681 3537 inerint,
1705 3453 1824 3541 utpote
1843 3444 1940 3540 quod

525 3569 694 3643 rixatores
711 3580 747 3641 et
764 3569 960 3662 frequentes
979 3568 1148 3641 delatores
1168 3589 1341 3641 armorum
1359 3577 1478 3642 contra
1502 3568 1761 3642 constitutiones
1782 3579 1936 3656 noscas,

524 3693 621 3788 quod
645 3693 778 3766 lusores
804 3690 936 3787 publici
965 3693 1161 3764 taxillorum
1190 3702 1251 3766 aut
1273 3693 1492 3767 tabernarum
1525 3693 1814 3788 nequeuntores,
1841 3693 1938 3789 quod

523 3819 613 3890 ultra
635 3817 831 3891 laenitatem
854 3835 996 3886 snorum
1018 3823 1249 3909 proventuum
1266 3837 1334 3889 nou
1353 3837 1400 3890 ex
1423 3817 1689 3890 mercationibus
1706 3826 1768 3890 aut
1784 3815 1937 3891 artificiis

521 3941 704 4036 largiorem
722 3961 828 4036 qnam
844 3937 994 4012 debeant
1011 3939 1118 4010 vitam
1137 3939 1289 4030 ducunt;
1308 3937 1356 4012 ad
1370 3939 1550 4036 pubiicum
1562 3960 1651 4034 opus
1667 3939 1875 4036 deputentur
1888 3938 1936 4012 ad

520 4076 669 4160 tempus,
686 4087 748 4162 per
763 4065 891 4137 litteras
905 4061 1080 4156 justitiarii
1104 4063 1266 4157 magistro
1284 4083 1429 4158 operum
1448 4062 1702 4156 designandum
1722 4073 1757 4137 et
1778 4061 1935 4158 ejusdem

515 4191 691 4284 justitiarii
716 4190 856 4263 arbitrio
879 4191 982 4283 juxta
1003 4187 1227 4285 probatorum
1255 4188 1306 4286 (ri)
1333 4201 1368 4263 et
1392 4210 1539 4286 persone
1564 4189 1762 4286 qualitatem
1786 4187 1934 4286 provida

558 4377 600 4460 (q
619 4382 656 4442 n
671 4381 758 4443 ures
773 4377 969 4460 mesces,
984 4381 1083 4444 mnus
1101 4385 1191 4442 reete

560 4484 599 4565 (b)
622 4486 702 4547 Alias
714 4482 852 4549 cidmint

559 4591 596 4670 (c)
623 4593 711 4654 Forte
723 4593 828 4654 mellan
836 4609 894 4672 per
905 4594 952 4655 sni
963 4592 1222 4676 iptoratmjcdicsa.

558 4695 601 4778 (d)
622 4699 805 4781 atesjccta
812 4697 946 4780 probata
