4288 5912
540 515 601 578 372
1037 509 1254 572 salnttlcl
1278 510 1451 574 secutor
1760 513 1841 598 [Anu.
1861 517 1948 581 1232

541 645 658 741 itaque
683 645 893 720 venerabilis
915 641 1086 716 abbatisse
1110 643 1253 716 devotus
1279 665 1399 739 preces
1421 652 1456 718 et
1480 643 1641 738 religiosa
1660 651 1742 718 rota
1764 645 1951 722 clementer

541 769 765 863 admisimus,
786 779 821 844 et
838 768 1005 865 prefatam
1023 765 1202 840 ecclesiam
1219 787 1300 838 cum
1320 766 1484 839 omnibus
1502 765 1576 840 anis
1590 767 1691 840 bonis
1708 767 1898 842 mobilibus
1916 781 1951 846 et

539 894 793 986 immobilibus,
822 892 924 967 cultis
939 900 975 965 et
990 889 1147 982 incultis,
1175 889 1404 984 acquisitiset
1420 889 1657 985 acquirendis,
1678 891 1790 986 ipsam
1806 915 1950 988 quoquc

538 1017 747 1092 abbatissam
765 1039 846 1090 cum
870 1013 1184 1090 sanctimonialibus
1201 1013 1274 1086 Deo
1293 1023 1329 1086 et
1348 1015 1472 1086 Sancte
1490 1014 1597 1088 blarie
1616 1014 1717 1088 matri
1740 1014 1868 1090 devoto
1889 1019 1949 1091 la·-

536 1141 766 1232 mulantibns,
789 1163 869 1213 curn
887 1139 997 1212 servis
1014 1146 1049 1210 at
1063 1135 1196 1208 ancillis
1211 1137 1372 1210 omnibus
1388 1137 1436 1210 ad
1453 1138 1619 1233 prefatam
1636 1139 1815 1212 ecclesiam
1834 1142 1949 1235 perti-

536 1264 714 1356 uentibus,
725 1265 769 1337 iu
785 1272 937 1336 nostram
953 1260 1165 1356 imperialem
1181 1260 1360 1332 tuitionem
1376 1261 1613 1357 suscepimus3
1632 1271 1667 1334 at
1680 1283 1726 1334 ne
1738 1263 1857 1358 aliqua
1869 1287 1945 1340 ma·

535 1387 727 1482 liquantum
739 1386 954 1461 intestatione
964 1385 1108 1459 alienari
1121 1385 1178 1457 vel
1190 1383 1335 1457 distrahi
1345 1386 1401 1458 vel
1413 1383 1596 1482 dilapidari
1609 1385 1760 1478 valcant,
1774 1388 1946 1481 presentis

435 1581 446 1591 ,
535 1510 709 1605 privilegii
719 1509 925 1584 authoritate
935 1519 971 1582 et
981 1507 1168 1606 imperialis
1181 1507 1466 1582 corroborationis
1479 1509 1671 1582 munimine
1682 1507 1942 1586 confirmamus.

533 1635 727 1708 statuentes
740 1634 858 1729 itaque
873 1632 1091 1707 decernimus
1106 1642 1146 1704 ut
1166 1653 1375 1728 quecunque
1392 1631 1501 1726 dona,
1528 1632 1718 1706 oblationes
1744 1642 1780 1706 et
1797 1657 1945 1710 munera

530 1756 719 1849 jamdictus
741 1757 930 1830 Norbertus
951 1758 1008 1828 vel
1031 1757 1107 1848 ejus
1133 1777 1223 1830 uxor
1239 1755 1435 1830 Eusebiana
1458 1755 1518 1828 rel
1539 1755 1692 1850 quelibet
1708 1757 1778 1830 alia
1794 1779 1945 1852 persona

533 1881 664 1975 prefate
678 1880 821 1954 ecclesie
839 1881 1073 1974 contulerunt,
1104 1889 1178 1954 reta
1192 1889 1227 1954 et
1247 1880 1376 1952 illibata
1393 1888 1634 1975 permaneant,
1656 1880 1778 1952 usibus
1805 1889 1943 1954 lantum

532 2003 704 2078 abbatisse
716 2013 750 2078 et
762 2003 1075 2077 sanctimonialium
1089 2003 1138 2076 ibi
1153 2003 1354 2098 degentium
1367 2005 1565 2099 protutura,
1584 2025 1630 2076 ex
1645 2004 1774 2099 quibus
1786 2005 1944 2099 quedam

532 2127 679 2225 propriis
696 2127 865 2201 duximus
883 2127 1111 2224 exprimendo
1132 2128 1312 2202 vocabulis
1329 2155 1339 2200 ε
1355 2128 1439 2201 villa
1461 2127 1616 2200 Pleisiaci
1639 2149 1719 2200 cnm
1740 2129 1943 2204 ecclesiast

530 2252 712 2348 mancipiis
724 2262 759 2326 et
769 2252 979 2346 integraliter
992 2275 1071 2325 cum
1085 2253 1246 2326 omnibus
1258 2253 1330 2324 suls
1342 2249 1569 2348 appenditiis,
1590 2251 1733 2324 ecclesia
1746 2252 1939 2346 lleronaci,

530 2377 613 2450 villa
630 2377 874 2452 loverciacum
892 2378 1026 2474 integra
1040 2400 1121 2450 cum
1132 2377 1293 2451 omnibus
1307 2378 1379 2450 suis
1397 2375 1654 2472 dependentiis,
1674 2377 1938 2471 blarciniacum,

529 2499 662 2574 invilla
676 2501 862 2596 Peytotres
878 2503 1008 2592 mansi,
1027 2503 1062 2574 in
1079 2503 1164 2576 villa
1175 2503 1294 2576 llerlie
1308 2521 1567 2591 onosmansus,
1588 2502 1625 2574 in
1639 2501 1724 2574 villa
1738 2501 1940 2576 Cbillimaoo

528 2633 597 2698 tres
611 2625 740 2715 mansi,
759 2627 796 2698 in
811 2626 894 2699 villa
906 2626 1049 2699 Noviaoi
1060 2649 1201 2700 mausus
1218 2647 1327 2718 unus,
1347 2625 1431 2700 villa
1444 2624 1704 2720 blathonacom,
1725 2627 1872 2700 ecclesia
1891 2627 1939 2702 de

525 2746 671 2821 Arinthe
680 2771 760 2822 cum
774 2750 931 2842 decimis,
949 2751 1034 2824 villa
1050 2749 1232 2824 Turbionis
1247 2753 1380 2846 integra
1394 2771 1475 2823 cum
1487 2749 1668 2846 mancipiis
1679 2760 1714 2823 et
1724 2749 1939 2848 appenditiis

525 2871 615 2964 suis,
636 2873 779 2946 ecclesia
795 2873 857 2948 des
875 2875 1008 2948 Faisscs
1031 2895 1112 2948 oum
1128 2874 1272 2948 decimis
1292 2883 1328 2948 et
1343 2875 1451 2948 tercia
1475 2883 1572 2970 parte
1591 2875 1692 2967 ville,
1718 2875 1864 2948 ecclesia
1890 2875 1938 2950 de

524 2995 711 3070 Crotonaoo
725 3018 804 3070 cum
819 2997 965 3072 decimis
979 3007 1015 3072 et
1026 2999 1125 3072 terris
1137 2999 1224 3092 suis,
1240 2999 1385 3074 ecclesia
1400 2997 1445 3072 de
1457 2998 1581 3072 Besain
1591 3019 1670 3071 cnm
1684 2997 1827 3072 decimis
1840 3000 1935 3093 suis,

512 3119 561 3190 'in
579 3119 660 3192 villa
676 3119 811 3196 Arbosii
829 3129 898 3196 tres
916 3123 1029 3197 mansi
1032 3175 1355 3198 ...........
1371 3123 1512 3218 integri,
1538 3122 1682 3196 ecclesia
1702 3122 1748 3196 de
1764 3123 1835 3218 Fay
1852 3145 1938 3196 cum

524 3242 667 3316 decimis
682 3253 717 3318 et
741 3246 950 3342 appenditiis
967 3247 1040 3320 suis
1062 3259 1098 3320 et
1114 3247 1212 3320 tertia
1229 3269 1311 3343 pars
1327 3246 1427 3340 ville,
1453 3246 1596 3342 insuper
1610 3255 1680 3318 tres
1701 3255 1840 3319 corvata
1855 3247 1939 3318 wi-

524 3364 817 3462 donisheremite,
836 3369 918 3444 villa
930 3371 1013 3445 Dois
1032 3371 1184 3466 integra,
1211 3371 1294 3444 villa
1309 3367 1389 3444 Blez
1404 3370 1556 3464 integra,
1575 3367 1825 3442 blonistmlium
1843 3369 1939 3444 inte·

522 3511 642 3586 grum,
670 3491 755 3565 villa
776 3492 970 3568 Chambron
987 3495 1136 3587 integra,
1154 3494 1318 3568 Maeiores
1335 3494 1484 3590 integre,
1501 3493 1638 3566 invilla
1655 3491 1770 3566 Victor
1772 3543 1933 3565 ......

525 3665 664 3689 .....
684 3616 839 3712 quinque
856 3619 967 3692 mansi
984 3641 1064 3692 cnm
1082 3619 1286 3715 sepulturis,
1310 3618 1395 3692 villa
1414 3617 1528 3690 Sancti
1550 3617 1691 3690 lamani
1717 3615 1870 3709 integra,
1896 3617 1936 3690 in

522 3737 606 3812 villa
623 3740 828 3814 Frontiniaoi
851 3763 992 3816 mansus
1008 3765 1117 3835 unus,
1135 3743 1220 3817 villa
1240 3743 1448 3830 Passennus,
1475 3741 1619 3816 ecclesia
1640 3739 1760 3814 Brairil
1773 3761 1855 3812 cnm
1869 3739 1935 3814 de·

523 3861 621 3936 cimis
637 3863 711 3936 suis
727 3873 762 3937 et
774 3887 883 3937 unum
895 3867 1007 3940 casale
1020 3868 1056 3939 in
1070 3867 1262 3956 cemiterio,
1279 3867 1316 3938 in
1332 3867 1416 3940 villa
1426 3865 1629 3938 Darboniaci
1642 3875 1791 3958 quatuor
1803 3865 1932 3956 mansi,

523 3984 666 4059 ecclesia
685 3985 826 4085 d’Arlay
848 4010 928 4062 cum
951 3990 1096 4064 decimis
1117 3999 1152 4064 et
1167 3990 1303 4064 decima
1327 4010 1408 4086 pars
1432 3988 1592 4062 territorii
1616 3985 1769 4080 ejusdem
1789 3987 1875 4060 ville
1899 3997 1936 4060 et

523 4108 629 4182 etiam
643 4113 773 4206 capella
786 4112 893 4186 Castri
909 4137 989 4187 cum
1003 4115 1207 4212 sepulturis,
1229 4112 1346 4188 media
1364 4134 1445 4209 pars
1459 4111 1603 4187 ecclesie
1620 4109 1735 4184 Sancti
1749 4109 1929 4199 Germani,

523 4231 560 4302 iu
587 4233 670 4306 villa
692 4236 890 4310 bletterensi
917 4239 1042 4333 viginti
1063 4247 1098 4312 et
1121 4261 1213 4312 unus
1228 4237 1339 4312 mansi
1363 4246 1398 4310 ct
1418 4243 1559 4311 corvata
1574 4246 1609 4308 ct
1623 4233 1790 4322 brolium,
1815 4233 1934 4308 media

522 4377 602 4451 pars
614 4357 698 4430 villc
709 4361 859 4458 Laruap,
876 4361 991 4436 media
1004 4384 1085 4458 pars
1098 4363 1354 4454 villellinoent,
1375 4361 1412 4434 in
1427 4361 1510 4434 villa
1522 4356 1707 4432 lombardi
1720 4367 1789 4430 tres
1803 4358 1929 4446 mansi,

523 4478 608 4552 villa
619 4481 721 4554 Noire
733 4483 866 4578 integra
878 4507 957 4558 cum
971 4485 1168 4582 mancipiis,
1183 4485 1328 4581 campie,
1342 4483 1465 4580 pratis,
1481 4481 1608 4578 sylvis,
1624 4479 1742 4575 aquis,
1760 4501 1932 4574 aquarum

524 4601 745 4700 decursibus,
771 4609 914 4682 ecelesia
942 4609 987 4684 de
1010 4611 1137 4686 blolain
1163 4631 1243 4684 cum
1266 4607 1408 4684 decimis
1432 4616 1468 4682 et
1487 4606 1585 4682 terris
1607 4605 1698 4695 sois,
1725 4603 1859 4700 capella
1885 4601 1931 4677 de
