4298 5906
603 588 810 652 trruuutx
835 587 1206 651 cousrtrttrtottutr.
1554 593 1614 655 24¹1

198 727 452 822 aliquantulum
477 747 576 799 meus
604 727 741 800 animus
764 724 970 823 respiravit:
988 725 1038 798 sic
1063 725 1160 820 quod
1183 724 1313 799 inflicta
1329 728 1463 799 macule
1481 729 1612 822 cogita-

199 852 304 925 tionis
325 873 434 947 opace
457 853 635 924 cumulum
658 851 821 944 subiens,
849 871 918 924 non
943 851 1009 923 nisi
1028 851 1287 947 conquestionis
1306 851 1482 925 materiam
1501 853 1614 948 potuit

197 983 366 1049 eructare.
390 975 442 1048 En
470 997 530 1071 por
556 983 671 1048 vestre
691 975 881 1068 majestatis
893 975 1008 1070 apices
1030 986 1083 1048 cst
1104 985 1272 1049 assertum
1292 975 1389 1070 quod
1406 976 1442 1048 in
1460 979 1613 1068 regenda

197 1100 377 1193 provincia
398 1100 552 1172 ociosum
576 1100 790 1194 inertemque
811 1122 868 1172 me
886 1119 986 1194 gero,
1018 1100 1173 1194 tepidum
1204 1101 1331 1196 pariter
1353 1109 1387 1172 et
1412 1103 1608 1176 remissum.

196 1223 324 1317 Sicqno
337 1223 484 1319 pervigil
499 1245 583 1297 cura
595 1245 671 1298 mea
687 1223 869 1298 dormienti
883 1225 984 1298 cessit
996 1225 1147 1316 incurie,
1166 1225 1349 1298 solicitudo
1362 1226 1464 1299 cessit
1475 1227 1609 1322 inertie,

196 1349 306 1441 quieti
325 1347 422 1422 labor
441 1349 545 1422 cessit
563 1351 746 1441 continue,
768 1349 853 1423 dum
874 1360 1031 1445 protense
1047 1349 1289 1422 incuriositatis
1307 1371 1415 1445 opaca
1433 1351 1545 1443 caligo
1558 1353 1611 1425 lu·

196 1473 371 1546 cnlentam
386 1475 454 1546 mei
472 1475 599 1547 laboris
612 1495 752 1571 operam
763 1475 889 1570 operit,
909 1483 944 1546 et
960 1474 1044 1546 salse
1056 1473 1285 1547 accusationis
1297 1473 1446 1566 objectio
1457 1477 1612 1549 veritatis

196 1595 395 1670 instantiam
413 1597 625 1689 obfuscavit,
648 1596 779 1693 dequo
793 1597 823 1670 si
840 1597 1084 1689 dicerelioeat,
1105 1598 1201 1669 nulla
1215 1597 1303 1670 labis
1319 1599 1478 1692 contagio
1490 1600 1611 1695 polluit

196 1743 260 1793 noc
274 1732 405 1796 secreta
423 1722 537 1796 cordis
550 1722 694 1796 offensio
708 1745 764 1796 me
779 1724 964 1798 remordet.
979 1723 1109 1796 Vellem
1129 1724 1247 1818 itaque
1260 1723 1357 1818 quod
1372 1725 1401 1796 si
1418 1727 1523 1798 relata
1542 1745 1612 1798 ve-

194 1845 307 1920 ritatis
333 1848 530 1922 fulcimento
552 1846 812 1942 quomodolibet
840 1847 1058 1936 fulcirentur,
1086 1847 1181 1942 quod
1202 1869 1343 1922 severus
1359 1849 1449 1942 juris
1469 1849 1610 1923 aculeus

193 1992 287 2065 equa
311 1971 409 2046 lance
429 1971 553 2068 judicii
574 1981 786 2069 percuneret
807 1981 956 2045 mentem
975 1995 1112 2046 meam:
1133 1995 1212 2045 nam
1238 1973 1334 2068 quod
1354 1972 1400 2047 de
1417 1974 1496 2066 jure
1515 1975 1610 2048 venit

192 2095 426 2190 supplicium,
448 2095 569 2170 leniter
592 2105 645 2170 est
662 2095 857 2170 terendum.
877 2097 947 2170 Sed
964 2097 1047 2192 quia
1064 2106 1149 2170 teste
1171 2117 1254 2170 vero
1268 2097 1330 2170 Dei
1343 2097 1494 2190 judicio,
1516 2097 1611 2172 nulla

193 2219 332 2290 macula
344 2219 554 2313 negligentia
566 2241 744 2316 aspersus,
758 2219 804 2294 do
817 2221 973 2316 neglecta
985 2243 1067 2294 cura
1081 2221 1217 2296 decreta
1230 2222 1315 2294 mibi
1327 2223 1611 2318 provinciennlla

188 2344 286 2436 justa
304 2364 428 2416 caussa
444 2345 612 2418 suadente
628 2347 815 2440 percutior,
838 2346 956 2420 dolore
976 2347 1060 2419 satis
1082 2345 1288 2436 admoneor,
1308 2355 1343 2420 et
1357 2369 1420 2444 pro
1437 2359 1531 2421 unta
1544 2369 1610 2421 ca-

191 2466 348 2540 lamitate
360 2467 489 2542 doloris
506 2469 667 2544 attribute
685 2471 770 2542 mibi
787 2471 863 2543 sine
875 2491 980 2544 cansa
994 2469 1148 2560 desidie,
1167 2471 1352 2566 compellor
1366 2473 1521 2545 emittere
1538 2473 1609 2568 spi-

191 2591 301 2663 ritum
315 2593 475 2683 rationis;
493 2593 559 2666 nisi
579 2597 693 2668 forsan
711 2594 802 2668 banc
814 2605 947 2669 tantum
961 2595 1085 2669 dixero
1102 2595 1257 2667 ultimam
1283 2615 1359 2668 osse
1374 2597 1521 2670 adverse
1541 2597 1608 2670 lor·

191 2723 279 2788 tune
299 2717 489 2809 sarcinam,
518 2719 603 2814 quia
628 2719 713 2793 dum
739 2720 872 2794 miseris
896 2719 1038 2816 aliquod
1064 2719 1194 2792 crimen
1225 2719 1409 2813 inlligitur,
1441 2742 1510 2814 que
1532 2719 1607 2794 sine

191 2862 316 2914 caussa
335 2844 530 2938 perierunt,
552 2845 719 2918 meruisse
738 2845 939 2920 creduntur.
962 2845 1040 2918 Scio
1061 2843 1157 2940 quod
1176 2845 1250 2940 ipsa
1272 2865 1386 2916 rerum
1405 2843 1608 2916 necessitate

190 2975 355 3061 cogente,
376 2991 441 3041 nec
462 2969 578 3042 minus
601 2969 719 3044 divine
738 2971 943 3067 provisionis
959 2971 1143 3063 instinctu,
1162 2970 1334 3066 principes
1350 2969 1504 3064 gentium
1527 2977 1608 3041 sunt

190 3092 328 3180 statuti,
346 3114 418 3188 quo
435 3094 507 3167 vite
521 3095 685 3190 necisque
696 3096 815 3168 arbitri
827 3097 1008 3192 gentibus,
1028 3119 1132 3191 super
1146 3117 1232 3190 quas
1248 3094 1398 3188 quisque
1420 3095 1603 3182 fortunam,

188 3225 319 3288 sortem
330 3225 527 3314 statumque
539 3219 660 3312 babet,
677 3221 765 3304 ,alios
778 3222 875 3294 velut
887 3229 1089 3294 executores
1103 3219 1222 3292 divine
1237 3220 1380 3292 scientie
1391 3219 1603 3292 stabilirent:

187 3340 289 3435 quod
306 3341 368 3414 nbi
384 3344 609 3438 personaliter
624 3367 701 3418 esse
720 3361 796 3418 non‘
810 3355 966 3442 possent,
985 3345 1108 3418 adesse
1128 3343 1358 3439 potentialiter
1371 3343 1603 3435 crederentur,

188 3461 307 3564 [dum]
334 3487 396 3561 per
420 3467 496 3541 loca
517 3479 646 3541 remota
669 3470 724 3542 sui
745 3469 924 3564 regiminis
942 3468 1104 3541 officiales
1127 3467 1288 3555 idoneos,
1315 3489 1404 3562 quos
1423 3470 1477 3540 sui
1491 3468 1606 3541 lateris

188 3591 376 3664 comitatus
392 3591 551 3685 illustrat,
571 3595 672 3688 quasi
689 3605 803 3690 partes
820 3594 874 3667 sui
887 3593 1040 3690 corporis
1053 3593 1276 3666 destinarent.
1293 3593 1357 3664 Per
1373 3613 1460 3686 quos
1479 3615 1606 3688 purga·

187 3725 310 3788 rentur
328 3717 511 3790 commissa
528 3717 693 3812 facinora,
705 3720 914 3793 contentiosa
932 3727 1198 3807 coarctarentur,
1216 3726 1250 3789 et
1263 3717 1379 3810 jurgia
1392 3717 1511 3812 iniqua
1523 3741 1606 3812 sup-

187 3841 445 3934 plantarentur;
467 3863 633 3916 excessus
650 3865 840 3940 eorumque
856 3845 1023 3933 lautores,
1044 3853 1194 3934 actores,
1216 3841 1462 3935 etoomplices,
1484 3863 1606 3937 perso-

188 3985 316 4037 narum
339 3973 373 4036 et
398 3967 580 4039 criminum
610 3969 775 4064 qualitate
811 3977 972 4064 pensata,
1007 3989 1097 4063 pena
1125 3967 1242 4041 debita
1267 3967 1538 4059 damnarentur,
1570 3977 1604 4040 et

188 4087 410 4161 traderentur
429 4092 545 4179 morti,
567 4093 744 4188 potissime
765 4093 982 4189 publicorum
1005 4094 1167 4164 itinerum
1185 4113 1422 4186 aggressores,
1451 4115 1530 4164 cum
1550 4093 1604 4165 in·

188 4213 287 4285 tersit
306 4213 496 4309 reipublice
510 4237 631 4289 sccme
644 4219 832 4312 quemlibet
849 4239 910 4313 per
924 4217 1046 4290 itinera
1065 4216 1203 4312 publica
1219 4237 1422 4289 commeare.
1438 4219 1605 4290 Convenit

188 4337 283 4408 enim
304 4338 400 4410 utin
424 4339 680 4435 delinquentem
703 4363 766 4438 pro
791 4343 957 4436 qualitate
982 4341 1099 4412 delicti
1118 4339 1285 4412 sententia
1304 4339 1492 4431 tribuatur,
1515 4342 1606 4414 nesi

188 4461 476 4557 delinquentibus
490 4465 727 4559 indulgeatur,
752 4486 797 4537 ex
813 4464 1030 4557 indulgentia
1044 4465 1186 4537 crimina
1207 4465 1444 4538 subleventur.
1458 4467 1500 4538 Et
1515 4475 1568 4537 est
1584 4487 1605 4539 a

187 4607 328 4658 summo
346 4589 485 4683 preside
505 4611 640 4662 summa
663 4591 892 4662 humanarum
916 4601 1019 4683 atque
1042 4589 1238 4662 divinarum
1266 4611 1381 4662 rerum
1403 4589 1482 4661 data
1504 4589 1606 4661 nobis

187 4711 388 4805 instructio,
417 4721 455 4785 ut
477 4713 606 4808 iniquis
628 4714 825 4787 hominibus
849 4715 993 4810 impium
1016 4734 1085 4786 non
1111 4725 1284 4787 remaneat
1312 4714 1520 4810 presidium,
1542 4733 1606 4786 nec
