4298 5906
541 610 603 672 208
984 607 1121 670 notan
1146 602 1502 668 cousvtruvtottus

428 777 435 794 r
540 767 610 819 non
642 743 912 840 improbabiliter
943 743 1096 818 vidimus
1122 741 1375 833 collocandam,
1403 763 1522 816 earnm
1552 741 1851 837 procurationibus
1874 765 1949 840 per·

542 893 644 945 sonas
667 869 811 943 idoneas
833 888 1022 965 preponere
1039 869 1232 964 cupientes,
1251 889 1312 964 per
1333 887 1421 962 quas
1437 866 1537 940 nobis
1554 867 1605 939 sic
1624 869 1706 960 jura
1729 877 1844 942 nostra
1866 869 1950 944 red-

544 995 670 1070 dantur
688 1005 727 1066 ut
748 995 784 1066 in
803 1015 922 1067 eornm
941 993 1079 1086 juribus
1099 993 1220 1067 fideles
1238 993 1344 1066 nostri
1366 1001 1545 1087 propterea
1568 1011 1639 1064 non
1660 1001 1859 1084 graventur.
1876 993 1950 1066 Sta·

542 1121 672 1197 luimus
699 1119 804 1214 igitur
833 1128 873 1190 ut
898 1139 960 1214 per
986 1118 1177 1213 quemlibet
1203 1116 1416 1214 presidatum
1443 1138 1534 1188 uuus
1562 1119 1724 1210 magister
1755 1127 1951 1212 pmourator

540 1268 658 1320 rerum
673 1253 865 1318 nostrarum
882 1253 917 1315 et
935 1265 1025 1316 nnus
1043 1244 1206 1336 magister
1218 1241 1432 1316 lundicarins
1445 1241 1595 1332 debeant
1609 1239 1776 1329 ordinari,
1795 1241 1857 1336 qui
1870 1244 1950 1336 jura

539 1368 613 1444 fisci
635 1369 744 1442 nostri
766 1367 958 1464 percipiant
980 1375 1015 1440 et
1040 1375 1202 1464 percepta
1224 1374 1438 1440 conservent.
1460 1365 1528 1450 Qui
1552 1365 1656 1438 etiam
1685 1365 1848 1460 magister
1867 1387 1952 1462 prc-

541 1503 676 1568 cnrator
693 1493 857 1567 videlicet
878 1513 939 1588 per
957 1491 1112 1584 singulas
1125 1489 1377 1584 jurisdictionis
1393 1511 1456 1564 sue
1474 1500 1589 1586 partes
1606 1487 1655 1564 ad
1672 1488 1951 1564 denunciationes

540 1617 696 1692 fidelium
717 1617 909 1691 delatorum
933 1618 989 1690 vel
1013 1616 1119 1688 nullis
1146 1615 1380 1690 deserentibus
1406 1616 1529 1706 etiam,
1558 1615 1588 1686 si
1614 1613 1742 1688 viderit
1766 1615 1949 1712 expedire,

541 1743 801 1838 inquisitionem
819 1743 931 1816 lacere
948 1740 1087 1814 studeat
1105 1740 1300 1834 diligenter,
1319 1749 1354 1812 et
1374 1740 1455 1813 data
1469 1739 1722 1836 possessoribus
1740 1750 1818 1836 post
1837 1740 1953 1835 inqui-

540 1867 673 1940 sitionis
685 1867 822 1962 copiam
840 1866 978 1958 dejure
995 1888 1059 1939 suo
1071 1863 1332 1938 oontrndioendi
1349 1863 1499 1954 licentia,
1512 1884 1582 1958 qne
1595 1863 1642 1938 ad
1654 1864 1714 1957 jus
1728 1866 1822 1937 curie
1837 1875 1953 1937 nostre

539 1991 708 2088 pertinere
724 1991 941 2086 compererit,
961 1988 1035 2062 lisci
1053 1991 1159 2062 nostri
1167 1989 1306 2084 Juribus
1320 1988 1460 2062 studeat
1471 1987 1675 2080 vendicare,
1694 1997 1733 2060 ut
1748 1997 1862 2063 umen
1874 1999 1954 2084 post

539 2137 680 2190 causam
697 2115 906 2189 sufficienter
923 2116 1123 2190 instructam
1140 2125 1175 2190 st
1194 2116 1240 2190 ad
1253 2114 1496 2190 somniantium
1509 2123 1660 2188 nostram
1678 2112 1772 2188 fideli
1788 2115 1953 2190 relatione

540 2240 725 2316 deductam
740 2241 770 2314 si
788 2263 962 2337 possessor
974 2243 1011 2314 in
1025 2239 1293 2316 contradicendo
1309 2239 1506 2338 perstiterit,
1521 2261 1591 2313 non
1602 2241 1701 2314 aliter
1716 2239 1762 2314 ad
1774 2262 1953 2337 occupan-

540 2364 620 2439 dam
645 2367 896 2461 possessionem
921 2388 1045 2438 manns
1070 2365 1237 2442 extendat
1262 2387 1368 2462 quam
1394 2365 1424 2438 si
1449 2385 1553 2461 super
1577 2364 1644 2438 hoc
1662 2365 1707 2440 de
1724 2366 1820 2440 ouria
1836 2375 1953 2440 nostra

538 2487 739 2562 mandatum
758 2490 924 2584 receperit
938 2491 1098 2586 speciale.
1114 2489 1271 2564 Predlcta
1288 2501 1404 2563 autem
1423 2499 1605 2585 postquam
1625 2499 1785 2564 revocata
1802 2491 1954 2586 legitime

539 2613 682 2706 ineunt,
698 2625 734 2688 et
748 2614 815 2687 alia
831 2635 901 2708 que
920 2636 980 2709 per
998 2614 1260 2710 predecessores
1272 2613 1378 2687 officii
1394 2623 1554 2688 revocata
1573 2636 1634 2712 per
1651 2615 1781 2688 curiam
1801 2625 1953 2690 nostram

534 2739 697 2834 repererit
715 2737 896 2832 possideri,
911 2735 1070 2812 domania
1083 2740 1185 2812 etiam
1198 2748 1233 2812 et
1250 2739 1453 2830 morticinia,
1469 2739 1705 2830 excedentias,
1720 2738 1950 2832 granatarius,

539 2863 717 2958 piscarias,
731 2861 855 2935 herbas
865 2862 1014 2935 aliminis
1027 2862 1092 2960 (a),
1107 2871 1142 2936 et
1153 2863 1357 2956 generaliter
1369 2863 1485 2936 omnia
1497 2885 1567 2958 qne
1578 2885 1642 2958 per
1656 2873 1808 2937 nostram
1819 2866 1954 2937 cumam

541 2996 779 3082 procurantur,
798 2988 843 3061 ad
859 2985 1111 3084 pmourationis
1129 3009 1192 3061 sne
1209 2987 1472 3062 sollicitudinem
1490 2988 1676 3062 revocabit.
1692 2989 1864 3062 Animalia
1881 3011 1955 3062 au-

542 3121 611 3184 tem
627 3114 722 3186 curie
738 3125 852 3185 nostre
869 3122 905 3185 et
921 3133 1040 3185 omnes
1058 3113 1185 3184 bestias
1199 3123 1235 3186 et
1254 3113 1436 3186 massarius
1456 3134 1517 3208 per
1533 3115 1705 3187 curatulos
1727 3123 1762 3187 et
1784 3115 1871 3188 alios
1889 3117 1954 3210 qni

541 3237 684 3332 prefecti
702 3258 764 3333 pro
779 3246 930 3332 tempore
945 3239 1087 3326 luerint,
1101 3260 1182 3311 cum
1197 3236 1377 3332 diligentia
1392 3237 1509 3311 debita
1523 3239 1627 3312 iaciat
1644 3239 1840 3333 procurari,
1857 3248 1955 3313 etex

540 3381 658 3434 eorum
673 3363 898 3457 proventibus
909 3371 979 3436 tam
993 3365 1087 3436 curis
1099 3371 1214 3436 nostre
1231 3383 1337 3458 quam
1354 3373 1542 3436 castrorum
1558 3372 1751 3437 nostmrum
1765 3364 1954 3439 necessita·

540 3483 633 3556 tibus
650 3493 684 3558 et
698 3485 912 3579 utilitatibus,
926 3487 974 3560 ad
990 3487 1246 3582 requisitionem
1259 3487 1478 3583 pmvisornm
1492 3509 1596 3584 super
1614 3497 1802 3562 castrorum
1820 3499 1954 3564 nostro·

538 3631 616 3681 rum
641 3610 898 3704 pmvisionibns
910 3621 1131 3703 statutorum,
1150 3613 1252 3684 iaciat
1269 3611 1458 3708 pmvideri.
1484 3612 1663 3708 Stipendia
1686 3621 1802 3687 summ
1824 3636 1894 3709 qus
1915 3617 1954 3687 in

537 3735 684 3830 pecnnia
706 3745 884 3810 numerata
907 3737 1117 3824 consistunt,
1142 3737 1334 3810 castellanis
1345 3745 1380 3809 et
1395 3736 1625 3810 servientibus
1641 3759 1683 3811 ac
1702 3738 1856 3834 personis
1874 3739 1955 3812 aliis

539 3859 672 3931 statutis
690 3859 727 3932 in
746 3861 866 3936 castris
883 3881 946 3958 per
956 3862 1137 3956 magistms
1153 3861 1359 3934 camerarios
1377 3861 1558 3956 regionum
1577 3863 1736 3937 volumus
1750 3862 1949 3938 ministrari.

904 4139 1044 4212 LIBER
1074 4141 1107 4231 l,
1139 4139 1339 4214 TlTULUS
1369 4139 1590 4214 LXXXVII.

844 4292 968 4363 Formo
989 4293 1132 4386 qualiter
1153 4291 1292 4366 comede
1312 4302 1389 4365 aunt
1418 4313 1472 4365 rea
1497 4293 1636 4388 ficecla

588 4439 623 4511 Si
644 4439 785 4534 qnando
806 4442 892 4514 torte
910 4443 1091 4538 contigerit
1109 4468 1132 4519 a
1150 4445 1323 4540 magistris
1343 4445 1622 4540 pmouratoribus
1640 4445 1827 4520 locationes
1844 4469 1953 4521 exca-

538 4559 733 4636 dentiarum
755 4575 947 4640 nostrornm
970 4589 1032 4664 per
1051 4569 1203 4664 privatos
1222 4580 1258 4643 et
1279 4568 1399 4645 fideles
1418 4580 1551 4645 nostros
1574 4592 1637 4667 pro
1655 4581 1809 4668 temporo
1831 4582 1952 4669 postu·

579 4737 624 4822 (a)
644 4739 761 4805 Sctllcm
768 4761 896 4824 pantu,
911 4751 947 4808 ut
959 4753 1060 4810 monet
1077 4749 1183 4812 Caesar
1196 4749 1234 4810 de
1247 4751 1371 4813 Perlnls.
