4308 5910
762 627 890 690 IIEGNI
914 627 1101 692 SICILIAE.

635 941 834 1016 TITULUS
858 939 1025 1016 LXXXI.
1052 943 1117 1014 NH
1142 939 1233 1038 (58).

559 1119 607 1190 IIe
621 1141 712 1214 peno
729 1121 852 1192 amoma
869 1121 907 1190 in
921 1118 1086 1192 odultmo
1106 1119 1313 1216 depredeue.

833 1317 924 1368 ΙΒΈΙ
955 1318 1039 1369 XXX.

280 1473 317 1546 Si
336 1473 479 1548 maritus
496 1493 642 1548 uxorem
657 1473 694 1546 iu
711 1473 786 1570 ipso
799 1483 878 1548 actu
892 1474 1053 1548 adulterii
1067 1473 1346 1572 deprehenderit,
1364 1483 1433 1548 Iam
1446 1474 1640 1550 adulterum

236 1620 340 1694 quam
358 1620 501 1673 uxorem
516 1597 673 1674 occidere
687 1597 815 1690 Iioobit,
831 1599 926 1672 nulla
943 1609 1057 1672 tamen
1076 1619 1171 1672 mora
1187 1607 1367 1694 protracta.

629 1886 832 1960 TITULUS
857 1886 1046 1960 LXXXII.
1073 1888 1140 1960 ΝΘ
1165 1883 1254 1982 (59).

599 2067 648 2138 De
667 2087 757 2161 pero
774 2068 888 2138 meriti
902 2067 962 2138 obi
982 2065 1113 2138 adulter
1132 2067 1279 2160 ousupd.

846 2186 938 2316 ruse
965 2265 1048 2318 aar.

286 2421 448 2496 Maritum
469 2421 628 2496 lenocinii
650 2443 739 2519 pena
760 2434 893 2498 mercer
911 2424 973 2518 qui
994 2443 1139 2496 uxorem
1158 2425 1193 2494 iu
1212 2421 1381 2496 adulterio
1400 2419 1647 2518 deprehensam

239 2545 397 2638 retinuit,
416 2545 681 2642 adulterumque
696 2545 839 2634 dimisit,
858 2547 925 2619 uisi
942 2549 1027 2620 Iorte
1042 2548 1117 2620 siue
1135 2569 1198 2620 sua
1214 2547 1314 2642 eulpa
1331 2545 1514 2643 diffugiat(
1538 2544 1566 2643 ).

648 2835 851 2912 TITULUS
874 2837 1080 2910 LXXXIII.
1108 2843 1136 2910 Ξ
1157 2839 1245 2934 (60).

685 3015 733 3088 oe
750 3015 925 3090 adulteriis
944 3015 1155 3111 coercendis(
1181 3016 1206 3110 I.

770 3215 843 3266 XXX
872 3215 1126 3266 GUILLBXXUS.

292 3367 459 3461 Majestati
471 3377 587 3440 nosue
604 3369 835 3464 quorumdam
853 3369 1060 3466 prelatorum
1074 3371 1289 3464 querimonia
1304 3369 1465 3466 patefecit
1479 3367 1575 3466 quod
1593 3391 1655 3444 ee-

244 3492 347 3565 eIeeie
371 3513 435 3564 sue
458 3513 479 3566 a
500 3491 711 3586 justitiariis,
731 3496 926 3568 camerariis
949 3507 984 3569 et
1004 3495 1131 3590 bajulis
1156 3495 1252 3591 regui
1278 3495 1384 3568 nostri
1412 3495 1592 3592 privantur
1620 3507 1652 3568 er

245 3617 447 3689 minuuntur
461 3617 541 3710 J‘ure
556 3639 638 3710 suo,
660 3617 823 3693 videlicet
846 3619 892 3695 de
908 3619 1088 3694 adulterim
1108 3643 1177 3716 quo
1195 3640 1263 3694 uon
1288 3619 1489 3718 permitiunt
1506 3618 1655 3714 judicari

243 3753 277 3814 et
294 3743 419 3837 corrigi
440 3743 478 3814 iu
494 3743 591 3817 ouria
608 3744 763 3836 ecclesie,
780 3744 870 3818 sieut
885 3745 1000 3836 debet,
1020 3753 1055 3818 et
1073 3742 1119 3818 de
1133 3743 1289 3840 personis
1304 3745 1505 3818 clericorum
1524 3764 1595 3840 que
1611 3743 1657 3815 eb

246 3867 296 3940 eis
315 3871 370 3960 [ut
386 3865 481 3958 iaici]
494 3865 699 3960 judicantur
718 3879 753 3943 et
774 3869 1049 3963 iumroerautur;
1069 3869 1212 3968 quodsi
1235 3891 1357 3944 verum
1375 3879 1446 3962 ost,
1466 3870 1566 3946 nobis
1585 3869 1656 3944 dis·

246 3992 349 4086 plicet
368 3999 403 4064 et
430 4012 538 4085 grava
561 3989 714 4066 videtur.
740 3995 814 4067 Nou
834 3993 928 4068 euIm
955 3995 1055 4070 decet
1078 4017 1192 4092 neque
1214 3995 1378 4069 volumus
1401 4004 1441 4067 ut
1460 4016 1501 4068 aa
1522 4017 1592 4090 que
1611 3995 1656 4068 ab

247 4115 392 4189 ecclesia
405 4114 556 4209 judicari
574 4125 609 4190 et
624 4119 773 4192 coerceri
792 4116 931 4212 debent,
953 4121 998 4194 ah
1017 4121 1094 4194 aIiis
1113 4122 1302 4216 puniantur
1324 4129 1359 4192 et
1377 4117 1576 4213 judicentur
1598 4131 1659 4192 aut

246 4239 471 4336 corrigantur.
494 4241 611 4328 Quare
626 4242 833 4317 mandamus
849 4255 884 4318 et
901 4245 1111 4342 precipimus
1131 4244 1274 4319 firmiter
1292 4253 1332 4316 ut
1349 4242 1476 4318 amodo
1493 4243 1540 4318 de
1558 4243 1658 4318 adul-

250 4364 342 4436 toriis
355 4363 557 4458 judiooudIs
576 4367 770 4459 justiciarii,
794 4371 973 4442 camerarii
996 4379 1031 4444 at
1051 4370 1157 4464 bajuli
1179 4391 1246 4444 non
1271 4391 1308 4442 se
1331 4367 1567 4442 intromittant.
1592 4368 1658 4440 Sed

290 4537 330 4619 (a)
350 4539 399 4603 SIe
412 4543 444 4602 Iu
456 4541 523 4604 eod.
540 4551 630 4606 4025.
642 4545 699 4624 Ap.
712 4545 833 4608 Cercaui
845 4545 973 4632 oesopit.

565 4697 863 4710 ------·----.-—.-.-
872 4703 895 4710 ..
954 4705 964 4710 -
1012 4704 1018 4710 .
1027 4704 1054 4710 ..-
1079 4705 1087 4710 -
1095 4704 1100 4710 ι
1112 4704 1143 4710 ,υ
1153 4703 1320 4710 .---—--·--·-.
1331 4695 1653 4709 -—-n--.·-—-·=--·-u-1

286 4777 322 4849 II)
338 4777 407 4839 Vide
414 4781 487 4856 quod
497 4797 577 4858 supra
592 4785 761 4854 notavimus,
774 4803 802 4861 p.
815 4789 859 4860 Io,
872 4795 927 4846 not.
943 4793 968 4844 I.
