4320 5918
518 577 579 640 sol
1022 571 1238 634 lnlnbnlcl
1263 571 1437 634 sacuam
1743 572 1823 658 [Asa.
1843 574 1924 636 lato.

519 707 671 800 nos‚'ad
697 713 877 781 tractatum
903 715 938 780 et
960 705 1210 780 ordinationem
1236 705 1406 782 karissimi
1429 707 1535 804 patris
1559 708 1665 781 nostri
1689 707 1821 781 domini
1846 689 1928 783 Gre-

519 836 607 934 gorii
623 835 687 909 Dei
704 833 814 931 gratia
827 841 1042 906 sacrosancte
1055 833 1207 907 llomane
1222 833 1373 908 Ecclesia
1389 834 1516 907 summi
1535 833 1718 930 pontilicis,
1736 837 1928 932 acceptari·

517 985 597 1037 mus
614 961 743 1036 ducere
757 960 793 1032 iu
811 979 957 1032 uxorem
969 957 1158 1053 legitimam
1177 959 1357 1033 isabellam
1371 980 1524 1032 sororem
1543 959 1685 1032 illustris
1705 958 1930 1054 regisAuglie

520 1085 690 1162 karissimi
717 1084 819 1158 amici
845 1083 964 1156 nostri.
986 1081 1042 1156 Ad
1066 1083 1184 1179 quod,
1212 1084 1417 1182 disponente
1433 1084 1591 1176 Domino,
1612 1083 1756 1158 feliciter
1771 1105 1928 1158 cousum-

520 1211 702 1303 mandum‚
717 1211 764 1284 ad
780 1207 925 1306 predicti
943 1209 1036 1304 regis
1053 1210 1260 1305 presentiam
1280 1209 1526 1284 destinandum
1544 1210 1711 1283 duximus
1729 1209 1929 1303 magistrum

520 1339 660 1412 Petrum
680 1335 726 1409 de
739 1335 861 1426 Vinea,
878 1355 1005 1429 magne
1022 1334 1118 1408 curie
1135 1343 1249 1407 nostre
1259 1333 1415 1428 judicem
1432 1343 1468 1407 et
1485 1331 1621 1408 fidelem
1639 1343 1807 1424 nostrum,
1829 1355 1929 1429 quem

521 1485 591 1537 nou
613 1461 784 1536 immerito
807 1459 907 1533 nobis
932 1456 1112 1554 acceptum
1135 1457 1222 1533 lidos
1238 1470 1281 1532 et
1305 1459 1477 1532 industria
1501 1457 1748 1550 reddiderunt3
1771 1457 1930 1532 cumdem

521 1589 690 1662 nuncium
700 1595 736 1660 et
751 1593 1006 1682 procuratorem
1023 1594 1177 1657 nosbum
1192 1585 1386 1679 legitimum
1405 1595 1607 1678 statuentes,
1619 1585 1677 1658 cui
1695 1585 1834 1682 plenam
1850 1607 1931 1658 oon·

521 1713 678 1788 cedimus
695 1719 897 1808 potestatem
920 1719 955 1782 et
977 1709 1126 1806 speciale
1145 1710 1346 1784 mandatum
1364 1721 1403 1784 ut
1420 1731 1626 1784 consensum
1644 1709 1787 1784 domine
1806 1733 1933 1806 supra-

521 1839 614 1914 dicte
630 1839 668 1910 in
684 1857 747 1910 uos
762 1857 825 1932 per
843 1835 950 1909 verba
965 1834 1010 1908 de
1026 1835 1177 1931 prasenti
1191 1835 1336 1932 recipiat
1350 1845 1386 1910 et
1401 1836 1499 1932 quod
1512 1837 1549 1908 in
1567 1858 1643 1910 eam
1662 1836 1803 1909 nomine
1820 1845 1933 1908 nostro

522 1985 586 2060 per
606 1963 714 2037 verbu
736 1959 782 2035 de
797 1961 946 2056 presenti
964 1959 1167 2052 consentiat,
1185 1963 1335 2058 speciale
1351 1961 1553 2034 mandatum
1575 1961 1801 2036 nibilominus
1820 1959 1932 2035 eidem

519 2087 633 2183 judici
654 2087 867 2161 conlerentes
894 2094 934 2157 ut
956 2084 1096 2158 nomine
1122 2093 1238 2160 nostru
1261 2097 1296 2160 et
1317 2087 1353 2160 in
1377 2087 1493 2160 anima
1515 2097 1630 2161 nostra
1646 2087 1739 2180 juret
1759 2085 1855 2182 quod
1873 2108 1933 2159 nos

523 2206 682 2288 eamdem
701 2211 876 2285 dominnm
902 2210 937 2282 iu
954 2231 1100 2283 uxorem
1125 2211 1312 2306 legitimam
1341 2213 1469 2286 ducere
1496 2212 1686 2287 debeamus
1710 2221 1746 2285 et
1762 2211 1873 2308 ipsam
1898 2212 1931 2283 iu

522 2340 611 2416 lacis
625 2337 776 2412 Ecclesia
795 2335 1016 2431 solempniter
1032 2336 1262 2434 desponsare,
1283 2349 1319 2412 et
1334 2338 1430 2433 quod
1445 2359 1508 2412 nos
1525 2359 1602 2412 sam
1622 2337 1791 2434 imperiali
1808 2337 1933 2412 bonore

522 2476 558 2542 et
580 2465 759 2540 allectione
783 2461 929 2536 maritali
956 2469 1155 2535 tractemus.
1180 2461 1282 2548 Quod
1303 2463 1406 2536 etiam
1425 2463 1669 2558 jusjurandum
1692 2461 1818 2536 dilecto
1836 2463 1933 2560 prin-

522 2593 592 2691 cipi
611 2601 646 2665 et
666 2589 760 2665 fideli
782 2597 898 2662 nostro
917 2589 959 2660 ll.
984 2587 1173 2662 venerabili
1199 2587 1458 2685 archiepiscopo
1483 2588 1677 2662 Coloniensi
1703 2586 1933 2662 commisimus

522 2716 740 2809 laciendum,
771 2715 818 2790 ita
847 2713 943 2810 quod
970 2713 999 2786 si
1028 2713 1240 2808 contingeret
1267 2714 1381 2810 ipsum
1407 2714 1704 2810 archiepiscopum
1728 2713 1832 2784 simul
1856 2734 1931 2786 cum

523 2845 657 2944 prelato
675 2841 795 2936 jndice
817 2842 853 2914 in
874 2839 999 2932 Anglia
1021 2859 1089 2913 non
1114 2839 1259 2914 transire
1277 2840 1331 2913 vel
1348 2839 1463 2936 ipsum
1482 2839 1586 2912 eliam
1605 2849 1715 2912 morte
1732 2838 1860 2936 preripi
1881 2840 1931 2911 vel

523 2971 809 3068 qualitercunque
828 2966 926 3039 aliter
946 2967 1024 3060 ejus
1044 2964 1226 3037 transitum
1247 2963 1421 3062 impediri,
1441 2963 1668 3038 nibilominus
1682 2964 1933 3060 prenominatus

463 3071 471 3083 ’
522 3094 635 3188 judex
648 3095 743 3166 solus
759 3092 960 3164 auctoritate
976 3099 1093 3163 nostra
1113 3090 1238 3181 laetus,
1255 3087 1411 3186 predicta
1425 3089 1541 3164 omnia
1559 3111 1681 3164 secure
1698 3099 1732 3163 el
1750 3090 1858 3163 libere
1873 3111 1933 3162 va·

525 3223 594 3294 leat
611 3237 850 3293 consummare
867 3225 902 3288 et
918 3215 1093 3288 dominam
1112 3215 1318 3288 antedictam
1335 3216 1488 3312 recipere
1505 3237 1585 3288 cum
1598 3215 1735 3288 nunciis
1753 3215 1845 3311 regis
1861 3235 1934 3310 pre·

525 3346 600 3438 lati,
620 3343 787 3420 associato
800 3341 867 3414 sibi
881 3341 999 3435 aliquo
1012 3339 1058 3414 de
1073 3341 1288 3438 principibus
1303 3337 1362 3414 vel
1377 3341 1515 3438 prelatis
1529 3340 1666 3437 imperii
1679 3339 1841 3414 fidelibus
1858 3363 1936 3414 nos-

527 3470 606 3562 tris,
626 3490 730 3564 quem
746 3467 821 3565 ipse
840 3465 884 3540 ad
899 3465 967 3540 boc
985 3465 1082 3540 velut
1093 3465 1257 3540 idoneum
1272 3465 1474 3560 eligendum
1490 3465 1647 3560 duxerit,
1664 3465 1709 3540 ad
1732 3467 1934 3563 presentiam

525 3606 676 3670 nostram
706 3591 864 3666 felicibus
893 3590 1058 3688 auspiciis
1091 3589 1349 3667 deducendam.
1379 3590 1609 3666 Concedimus
1636 3591 1739 3666 etiarn
1766 3591 1937 3666 anodicto

523 3720 634 3817 judici
653 3719 790 3815 plenam
813 3717 1047 3792 auctoritatam
1065 3726 1101 3790 et
1117 3717 1266 3812 speciale
1291 3716 1493 3792 mandatum
1517 3727 1558 3790 ut
1580 3717 1694 3792 eidem
1717 3715 1857 3792 dominc
1877 3739 1937 3792 no

526 3848 620 3922 mine
634 3855 751 3920 nostm
766 3844 803 3916 in
821 3841 1003 3917 dodarium
1022 3843 1206 3916 constituat
1222 3843 1355 3916 Vallem
1371 3843 1519 3917 Macaria
1537 3865 1617 3918 cum
1634 3843 1847 3936 civilatibus,
1862 3867 1937 3918 aas·

526 3971 588 4046 tris
603 3981 638 4044 ot
655 3971 760 4062 villis,
782 3967 994 4058 tenimentis,
1013 3967 1112 4042 terris
1129 3967 1231 4040 cultis
1249 3975 1284 4040 et
1308 3967 1463 4059 incultis,
1484 3989 1654 4064 aquarum
1674 3967 1880 4042 decursibus
1904 3981 1939 4042 et

528 4119 609 4172 oum
636 4095 798 4170 omnibns
822 4093 962 4186 juribus
984 4103 1019 4166 et
1051 4091 1265 4188 pertinentiis
1293 4093 1367 4166 suis
1396 4114 1531 4166 necnon
1557 4103 1593 4166 et
1624 4091 1789 4168 bonorem
1816 4093 1939 4167 Montis

527 4222 643 4298 Sancti
662 4220 785 4317 Angeli
809 4218 967 4294 similiter
984 4239 1064 4291 cnm
1087 4217 1250 4291 omnibus
1274 4217 1494 4310 civilatibus,
1515 4218 1635 4290 castris
1657 4227 1692 4292 et
1712 4217 1822 4310 villis,
1848 4218 1940 4292 teni-

527 4347 672 4437 mentis,
695 4349 794 4422 terris
810 4345 912 4418 cultis
932 4353 968 4418 et
984 4343 1136 4434 incultis,
1151 4364 1321 4439 aquarum
1344 4341 1550 4418 decursibus
1565 4353 1600 4418 at
1617 4343 1832 4440 pertinentiis
1851 4345 1937 4434 suis,

527 4479 630 4569 prout
650 4469 717 4543 alie
741 4469 861 4564 regine
882 4467 998 4541 Sicilie
1021 4477 1208 4562 utrumque
1232 4465 1416 4542 dodarium
1442 4469 1574 4564 integre
1594 4469 1723 4542 habere
1747 4489 1936 4543 consueve-

529 4604 627 4688 runt;
646 4604 681 4670 et
699 4604 737 4666 ul
751 4593 903 4690 prelatus
914 4591 1026 4686 judex
1043 4593 1155 4688 ipsam
1171 4591 1346 4666 dominam
1362 4591 1408 4666 de
1422 4592 1465 4665 iis
1483 4592 1646 4666 omuibus
1663 4591 1804 4666 nomine
1824 4605 1939 4668 nostro

516 4721 728 4798 aucmritate
747 4716 959 4818 presentium
981 4715 1107 4792 debeat
1119 4717 1296 4792 investire.
1317 4717 1393 4804 Que
1406 4717 1511 4792 eliam
1528 4717 1673 4792 domnia
1687 4739 1751 4792 noe
1771 4717 1831 4793 die
1850 4741 1938 4816 nup-
