4320 5918
506 581 568 644 484
1007 577 1223 638 salonam!
1247 573 1420 634 ssuuuut
1729 568 1808 648 [bar.
1826 568 1916 632 1234

506 711 554 797 Et
571 722 663 796 tunc
689 712 792 822 apud
814 711 1125 821 Respampanum
1144 707 1206 819 (t)
1224 702 1509 818 qu'od'llomsni
1526 699 1808 808 custodiebant,
1834 701 1917 786 ob-

506 846 692 930 sidionem
729 844 837 956 ponit
871 845 919 928 de
951 843 1155 928 cardinalis
1186 839 1347 925 oonsilio
1378 838 1603 947 imperator3
1631 833 1698 918 ubi
1724 860 1793 944 per
1817 835 1918 918 duos

505 1006 657 1064 menses
674 978 818 1062 faciens
836 1003 1004 1083 moram,
1026 1003 1115 1062 cum
1132 976 1172 1058 in
1191 973 1374 1084 capiendo
1404 979 1528 1054 casuro
1554 969 1639 1080 ipso
1655 993 1734 1054 non
1752 967 1918 1078 profice·

504 1125 562 1198 ret
579 1113 659 1225 (2),
679 1139 809 1197 mense
828 1111 1052 1224 septembris
1069 1111 1110 1192 in
1128 1134 1291 1222 regnum
1310 1130 1482 1190 reversus
1500 1113 1570 1186 est.

557 1712 786 1819 ludoicus,
806 1712 1066 1798 Romanorum
1084 1709 1303 1818 imperator,
1326 1707 1457 1792 scribit
1472 1731 1594 1816 papae
1611 1731 1652 1789 se
1669 1705 1818 1788 mittere
1837 1704 1915 1789 Ge-

504 1845 668 1930 bardum
686 1847 734 1930 de
752 1846 967 1953 Amesteim
978 1843 1214 1954 imperialem
1228 1843 1269 1924 in
1282 1841 1391 1926 Italia
1407 1841 1593 1950 legatum,
1603 1840 1671 1952 qui
1688 1837 1913 1922 mandatum

505 1981 755 2090 apostolicum
780 1981 950 2065 obtineat
980 1979 1097 2062 adid
1123 1989 1167 2062 ut
1192 1977 1367 2062 homines
1393 1975 1537 2086 Spoleti
1563 1983 1601 2058 et
1626 1973 1815 2061 biarchiae
1841 1969 1913 2054 sibi

505 2114 690 2197 auxilium
708 2115 935 2226 largiantur.

587 2329 726 2411 (Edlder.
743 2330 892 2391 Maerens
914 2335 945 2390 at
965 2329 1108 2404 Durare,
1130 2325 1266 2408 Ampliat.
1281 2324 1442 2398 caueam.
1463 2327 1508 2400 ll,
1522 2327 1580 2389 col.
1598 2335 1687 2399 atto,
1702 2324 1820 2386 n0ll11.
1837 2323 1910 2386 Call.

624 2454 693 2500 curn
713 2431 779 2498 cod.
800 2437 878 2499 Btbl.
895 2453 956 2515 reg.
972 2437 1081 2514 Parta,
1095 2433 1195 2496 uene
1208 2437 1238 2495 S.
1259 2432 1374 2508 aare„
1389 2444 1421 2494 n·
1437 2441 1513 2507 455,
1527 2451 1559 2514 p.
1578 2437 1620 2508 1.)

553 2624 764 2716 Fridericus,
793 2634 884 2714 ete,
922 2643 1058 2696 summo
1083 2621 1255 2718 pontifici,
1286 2632 1353 2696 stc.
1380 2621 1466 2694 Cum
1490 2597 1619 2694 muisis
1644 2629 1823 2694 teneamur
1850 2642 1912 2694 nos

500 2752 626 2845 juvare
644 2749 821 2841 subsidiis,
832 2759 867 2822 et
881 2757 997 2822 nostra
1012 2747 1155 2840 intersit,
1166 2755 1269 2842 prout
1282 2769 1404 2820 sumus
1414 2743 1912 2838 advocataslloclesie,adesse

504 2875 737 2950 favorabiliter
752 2873 798 2948 ad
821 2873 999 2948 tuitionem
1022 2872 1251 2946 ecclesiastice
1272 2871 1438 2945 libertatis
1458 2880 1494 2943 et
1520 2891 1584 2944 vos
1607 2871 1708 2944 nobis
1733 2880 1768 2944 et
1788 2869 1911 2943 nostris

502 2999 764 3074 necessitatibus
777 2997 978 3094 requisitum
997 2996 1168 3070 auxilium
1182 3017 1251 3069 non
1268 3017 1410 3091 negare,
1432 2993 1644 3070 confidenter
1661 2995 1741 3068 olim
1759 2993 1908 3090 paterni·

504 3134 608 3198 tatem
627 3131 776 3198 rostram
803 3121 986 3195 recolimus
1012 3119 1198 3216 requisisse
1222 3129 1261 3192 ut
1280 3119 1454 3193 universis
1477 3119 1524 3196 de
1550 3121 1687 3216 Spolete
1708 3129 1744 3192 at
1761 3117 1909 3192 Marcbia

419 3237 423 3242 ’
502 3248 711 3322 mandaretis
722 3245 818 3343 quod
835 3247 881 3321 ad
898 3246 1154 3342 requisitionem
1169 3255 1318 3318 noemam
1333 3243 1487 3318 debitum
1501 3245 1601 3317 nobis
1612 3244 1792 3316 servitium
1807 3243 1909 3317 exbi-

501 3375 634 3448 bercnt.
655 3375 767 3468 Super
789 3392 860 3466 quo
882 3370 962 3444 licat
986 3370 1215 3464 recepimusa
1235 3377 1348 3442 reama
1374 3369 1576 3465 paternitate
1597 3389 1798 3464 responsam
1815 3365 1909 3462 quad

501 3519 566 3572 vos
584 3497 666 3570 inde
682 3494 909 3567 intromittere
926 3493 1093 3566 nolebatis
1113 3503 1147 3564 et
1173 3502 1212 3564 ut
1228 3491 1323 3587 quod
1349 3503 1503 3584 nostrum
1527 3499 1600 3564 erat
1620 3511 1683 3587 par
1702 3511 1766 3564 nos
1781 3487 1908 3563 exinde

501 3621 577 3698 lieri
605 3619 866 3710 mandaremus,
892 3616 1137 3692 nichilominus
1161 3621 1275 3692 mmor
1298 3625 1416 3691 sancte
1439 3615 1539 3689 matri
1567 3615 1719 3690 Ecclesia
1743 3637 1786 3688 ac
1811 3613 1908 3687 vobis

1619 3811 1903 3826 -a-——u—n——fl

538 3927 574 4002 (4)
593 3925 676 3985 Hodie
687 3927 771 3983 Roceo
785 3923 966 3998 lliepccapuat
977 3922 1054 3996 juxta
1067 3920 1264 3994 Tosmnallam,
1275 3928 1336 3980 ceto
1345 3937 1475 3997 passuum
1483 3921 1601 3980 millibus
1611 3921 1731 3980 viterbio
1742 3921 1855 3980 dauns.

538 4025 574 4101 (2)
592 4025 621 4085 si
635 4023 702 4080 tides
715 4021 817 4081 aucwri
827 4023 900 4078 Vitae
911 4019 1035 4094 Graporil
1046 4017 1213 4092 adhibeatur,
1223 4025 1358 4078 matarum
1369 4019 1398 4076 iu
1409 4019 1597 4095 imperatorem
1605 4020 1724 4078 mordaci
1733 4020 1805 4094 stylo
1814 4019 1906 4088 omni,

501 4123 652 4186 retenens
664 4121 744 4180 nimis
757 4120 846 4196 tepide
859 4133 970 4178 causam
982 4116 1118 4176 Ecclesiae
1126 4117 1210 4192 gessit
1220 4134 1250 4174 :a
1260 4117 1362 4178 violato
1370 4117 1469 4194 prioris
1481 4117 1542 4176 tirtel
1553 4117 1664 4190 indere,
1676 4123 1795 4176 mutabis
1805 4117 1834 4174 in
1842 4117 1907 4175 bas-

502 4231 573 4296 tern,
584 4220 708 4279 hostibus
722 4235 753 4277 sa
765 4217 918 4293 conjunxit,
932 4231 1056 4275 recessus
1073 4215 1115 4273 sui
1128 4215 1200 4272 diam
1213 4220 1316 4274 ceram
1333 4215 1415 4274 cenis
1426 4215 1595 4274 ausonam
1606 4221 1727 4275 alamans
1728 4257 1832 4274 .....
1854 4233 1907 4276 non

501 4321 591 4382 minus
609 4317 637 4374 in
649 4317 702 4375 hcc
717 4315 942 4392 pusillanimitatis
955 4313 1099 4390 opprobrio
1116 4329 1199 4387 quam
1216 4311 1743 4386 infidelitatenotandus.llicma1'estatis
1760 4315 1865 4373 titulum
1879 4317 1907 4372 in

502 4417 619 4478 otllcium
627 4419 774 4474 vacaturae
785 4420 964 4486 mmmutans,
977 4428 1030 4470 non
1044 4411 1127 4470 armis
1138 4411 1278 4470 decoratus
1293 4417 1322 4468 at
1333 4411 1446 4485 legibus,
1460 4411 1508 4470 aad
1521 4412 1633 4470 canibus
1648 4417 1677 4469 et
1690 4413 1781 4470 auium
1793 4413 1907 4486 garruli·

501 4523 557 4576 tate
577 4514 711 4583 munitus,
725 4511 811 4569 taetus
825 4511 859 4570 de
872 4511 1032 4586 imperatore
1047 4515 1168 4582 temtor,
1180 4509 1366 4570 exceltentiam
1383 4511 1482 4584 sceptri
1495 4510 1524 4567 iu
1546 4509 1665 4568 terarum
1678 4509 1812 4570 raaabula
1834 4527 1907 4569 com·

502 4614 624 4686 mumrit,
641 4617 669 4670 et
680 4611 798 4670 hostium
811 4609 927 4668 rmdicta
940 4609 1096 4684 postposita,
1111 4608 1140 4666 in
1153 4615 1294 4684 captiuam
1304 4608 1394 4666 arium
1406 4607 1562 4667 solicitabat
1574 4607 1679 4683 aquilas
1694 4608 1904 4684 triumphatas.»

501 4713 541 4772 Ct.
556 4714 695 4772 masma.
709 4710 742 4768 ad
755 4725 831 4782 aaa„
841 4707 858 4782 9
868 4701 902 4766 V.
