4298 5906
501 539 558 602 186
946 535 1082 598 novin
1106 535 1466 598 constitutiones

499 676 599 750 dator
616 675 705 746 inira
722 673 876 746 triduum
894 671 1103 747 denunciare
1120 672 1201 746 data
1218 673 1274 746 vel
1292 672 1460 770 promissa
1481 671 1668 762 distulerit,
1689 671 1903 748 tantumdem

497 810 666 899 quantum
684 799 730 873 ab
751 820 793 873 eo
808 797 926 874 datum
949 795 1005 872 vel
1022 799 1231 895 promissum
1242 797 1453 889 constiterit,
1474 797 1559 872 fisco
1571 808 1688 874 nostro
1705 810 1899 895 componat.

749 1103 1210 1116 nmmfflffl—-n—
1214 1105 1232 1114 -n
1239 1105 1396 1118 -ι--ιηιι-
1400 1093 1470 1116 1⁷⁶0—-
1474 1106 1605 1116 -nu—-u--nm
1609 1104 1658 1116 a·-

547 1383 647 1485 §ili
670 1377 962 1468 Constitutiones
981 1407 1095 1502 super
1111 1408 1271 1466 numero
1288 1379 1507 1467 officialium
1525 1392 1563 1476 et
1579 1369 1748 1493 tempore
1765 1381 1902 1490 officii;

495 1545 609 1630 super
625 1517 837 1602 redonibus
854 1516 903 1601 cb
921 1516 975 1600 eis
993 1515 1234 1625 exhibendis3
1255 1517 1447 1628 quomodo
1470 1517 1588 1602 annrri
1606 1516 1752 1628 judices
1775 1545 1816 1604 se
1832 1545 1905 1631 ge-

492 1679 575 1738 rere
592 1661 630 1738 et
647 1651 788 1764 quibus
805 1652 968 1736 durante
985 1649 1096 1736 officii
1115 1651 1175 1736 sui
1192 1662 1361 1762 tempore
1378 1651 1567 1736 abstinere
1584 1651 1759 1737 debeant.

572 1867 834 1950 (eonstitunonem
850 1865 1012 1949 Ocovpotb,
1020 1869 1107 1947 cujus
1119 1865 1236 1928 initium
1248 1868 1388 1930 inseritur
1399 1869 1477 1930 lnter
1484 1865 1630 1948 Epistolor
1642 1863 1725 1930 Petri
1737 1867 1773 1929 dc
1791 1868 1896 1945 verso,

609 1975 663 2039 lib.
680 1974 719 2055 V,
734 1988 800 2054 cap.
823 1983 898 2049 rac,
913 1991 974 2036 una
1000 1989 1068 2036 cum
1087 1977 1223 2052 sequenti
1246 1977 1323 2036 cirea
1343 1977 1481 2036 mensem-
1500 1975 1793 2054 septembromennt
1822 1985 1899 2040 tnta

609 2083 826 2162 promulgatam
842 2083 935 2145 iulsse
948 2083 1105 2146 uminum.
1123 2083 1188 2144 Hoc
1206 2085 1287 2144 enim
1304 2087 1443 2146 convenit
1462 2101 1531 2146 eum
1553 2085 1691 2146 chronico
1714 2085 1850 2148 Rtecordl
1862 2086 1902 2148 dc

609 2191 717 2252 Sancto
729 2189 887 2264 Gmmano,
905 2196 935 2251 et
955 2191 1044 2252 etiam
1053 2205 1123 2251 cum
1131 2189 1250 2270 Repeto
1264 2189 1321 2254 snb
1339 2191 1409 2254 dato
1430 2201 1467 2254 14
1486 2193 1656 2254 novembris
1678 2201 1766 2266 tnta,
1778 2193 1831 2254 ubi
1854 2193 1901 2255 ie·

608 2301 686 2379 gitur
697 2317 706 2360 :
719 2317 736 2358 u
749 2297 885 2360 Enormis
896 2298 1055 2359 insinuatio
1067 2299 1229 2374 mdestatls
1241 2304 1340 2359 nostre
1353 2315 1447 2376 nuper
1460 2300 1590 2376 pulsavit
1608 2299 1743 2362 auditum
1752 2341 1897 2373 ......

608 2406 743 2467 videlieet
756 2405 837 2484 quod
855 2401 940 2466 edicti
952 2403 1044 2465 metri
1058 2402 1203 2464 noobsiosi
1214 2421 1301 2484 sopor
1316 2407 1459 2468 oreotbos
1476 2403 1770 2488 onmiumjodimm
1781 2405 1898 2470 nuens

607 2529 668 2574 non
680 2517 815 2574 servetur
827 2514 859 2574 in
872 2514 991 2574 oivimte
1003 2518 1103 2574 nostra
1117 2512 1240 2574 Salerni.
1253 2513 1288 2588 o)

905 2717 1048 2792 menn
1077 2717 1108 2810 1,
1141 2699 1340 2791 arnonus
1367 2717 1477 2792 xcv.

511 2873 559 2944 ile
577 2893 713 2944 nomem
733 2870 922 2968 opertum
943 2880 974 2940 et
991 2871 1086 2962 infra
1106 2869 1193 2964 quod
1212 2880 1340 2967 tempus
1358 2892 1470 2944 corum
1487 2870 1736 2944 administratio
1756 2871 1867 2944 duret.

536 3022 749 3114 Fridericus,
770 3031 836 3095 ete.
863 3020 1048 3116 Occupatis
1073 3020 1173 3094 nobis
1197 3021 1293 3096 circa
1306 3021 1412 3095 totius
1430 3021 1758 3116 reipublieenostrs
1780 3043 1892 3115 curas,

488 3157 523 3224 et
547 3148 748 3223 deliciosum
771 3145 857 3218 nihil
882 3154 942 3218 aut
964 3145 1140 3219 modicum
1165 3145 1360 3219 veientibus
1383 3147 1535 3239 cogitare
1558 3145 1623 3244 (o),
1645 3168 1715 3220 non
1736 3157 1817 3220 sunt
1839 3147 1896 3222 la-

487 3273 611 3346 borum
628 3270 876 3362 additamenta,
900 3267 963 3343 sed
977 3270 1129 3364 requies,
1147 3291 1217 3364 que
1233 3269 1278 3342 de
1296 3270 1647 3366 componendostatn
1667 3271 1765 3366 regni
1786 3271 1892 3344 nostri

486 3396 602 3470 Sicilie
627 3391 848 3490 cogitamus:
877 3403 995 3490 utpote
1022 3417 1110 3468 cum·
1129 3395 1217 3467 inter
1241 3394 1328 3484 alia,
1346 3407 1422 3489 'que
1442 3394 1585 3490 juribus
1605 3381 1732 3469 nostris
1755 3403 1896 3492 paterne

486 3521 713 3595 successionis
730 3519 905 3615 reliquerit
922 3519 1092 3611 debitum,
1108 3521 1163 3593 vel
1179 3519 1472 3593 iortuneieliciias
1486 3520 1773 3617 acquisitionibus
1790 3531 1893 3616 post-

487 3647 628 3722 modum
651 3645 873 3742 aggregavit,
893 3663 1040 3740 regumn
1060 3645 1174 3741 ipsum
1197 3665 1268 3740 prs
1283 3645 1524 3722 ceteris-‘volut
1542 3646 1690 3718 electum
1712 3644 1891 3740 quoddnm

486 3772 688 3847 viridarium
709 3770 798 3844 inter
819 3789 937 3864 agros,
957 3791 1040 3842 cura
1063 3769 1226 3865 precipua
1241 3769 1360 3842 colere
1379 3768 1616 3865 disponemus.
1637 3768 1694 3842 al
1716 3767 1805 3842 illod
1826 3789 1896 3866 po-

486 3899 614 3972 tissime
637 3903 847 3992 satagentes,
873 3904 913 3967 ut
931 3893 1111 3968 madentis
1131 3894 1167 3966 in
1191 3902 1299 4000 totum
1320 3893 1560 3968 amaritudinis
1581 3893 1750 3966 fructibus
1770 3904 1805 3968 et
1824 3915 1894 3966 no·

485 4022 585 4114 civis,
607 4022 644 4092 in
660 4043 701 4093 co
714 4019 809 4116 pacis
824 4028 860 4092 et
872 4018 1012 4112 Jusiicie
1028 4019 1153 4095 robora
1169 4017 1220 4092 siu
1235 4018 1427 4110 affluenter,
1447 4017 1500 4090 sic
1516 4017 1662 4114 provide
1681 4017 1887 4112 nutriantur,

486 4158 525 4220 ut
540 4148 591 4219 sit·
602 4145 851 4220 admirantibus
869 4145 1030 4218 omnibus
1045 4142 1288 4216 similitudinis
1307 4143 1504 4239 speculum,
1523 4141 1659 4216 invidia
1680 4142 1890 4238 principum,

485 4284 519 4347 et
545 4292 664 4346 norma
691 4291 892 4364 regnorum3
918 4278 954 4342 et
975 4291 1054 4342 cum
1075 4276 1201 4340 etatum
1227 4265 1410 4364 pacificum
1441 4267 1645 4364 populorum
1670 4265 1813 4360 justicia
1834 4285 1893 4338 ro-

486 4400 583 4472 boret
608 4405 643 4470 et
668 4395 754 4470 ordo
780 4394 936 4482 decoret,
962 4394 1000 4466 id
1030 4393 1241 4466 ordinarium
1271 4393 1345 4466 iore
1371 4389 1586 4488 providimus
1609 4389 1771 4464 ordinare
1789 4389 1893 4483 Justi·

486 4525 588 4614 ciam,
605 4511 863 4617 quamcopiose
877 4515 1120 4590 mandavimus
1132 4517 1352 4611 regni'nostri
1369 4515 1529 4590 lld'elibus
1545 4513 1753 4608 ministrari;
1771 4523 1893 4588 utnon

528 4702 568 4784 (o)
592 4665 649 4779 ip.
664 4701 827 4762 Cumanum
839 4697 1008 4776 simpliciter
1019 4693 1220 4780 copitootibor.
