4298 5906
730 573 857 637 RRGNI
880 573 1069 639 SICILIAE.

570 793 770 888 LIBERI,
796 796 998 872 TITULUS
1023 797 1227 872 LXXXIX.

542 945 592 1019 lle
610 945 715 1042 efficio
734 949 966 1042 mopislrontm
984 950 1262 1042 summariorum.

247 1093 428 1185 blagisbos
448 1094 658 1170 lundicarioe
683 1098 779 1172 curie
802 1107 937 1192 nostre,
962 1101 1052 1173 sicut
1076 1101 1248 1196 quoslibet
1268 1099 1430 1174 officiales
1449 1109 1603 1192 nostros,

198 1218 383 1313 puritatem
401 1219 636 1295 omnimodam
655 1229 725 1294 tam
748 1222 838 1296 circa
854 1244 917 1296 uos
932 1243 1038 1318 mann
1054 1224 1145 1297 circa
1163 1223 1281 1297 fideles
1297 1233 1429 1297 nostros
1446 1225 1609 1298 volumus

200 1361 418 1418 conservare.
448 1342 601 1440 Ideoque
622 1345 832 1442 precipimus
857 1355 895 1420 ut
912 1347 1016 1420 iidem
1039 1347 1194 1438 magistri
1219 1347 1403 1421 sundicarii
1425 1348 1474 1422 nil
1494 1356 1610 1422 emant

200 1475 263 1540 aut
280 1477 434 1564 emptum
448 1468 485 1540 in
500 1467 654 1542 fundicis
671 1470 916 1561 intromittant,
932 1471 1008 1544 siue
1024 1471 1218 1544 testimonio
1236 1472 1343 1564 baiuli
1363 1481 1398 1545 et
1409 1471 1541 1565 judicis
1561 1473 1608 1545 ci·

200 1589 318 1664 vitais
337 1599 372 1664 et
391 1592 457 1665 loci
471 1591 611 1688 publice
634 1592 802 1688 scripture
821 1593 985 1687 suffragio
1007 1593 1214 1668 roborando.
1238 1595 1473 1669 Procumbunt
1494 1605 1610 1671 autern
1677 1605 1680 1613 '

202 1715 360 1810 magistri
379 1715 565 1790 lundioarii
582 1716 743 1790 nudicos
762 1717 856 1811 salis,
876 1719 956 1791 terri
974 1727 1009 1792 ct
1022 1719 1125 1792 azani
1143 1733 1177 1792 et
1195 1719 1359 1820 mercium
1376 1720 1530 1794 exituras
1542 1743 1611 1816 que

203 1838 417 1913 iundicande
444 1861 506 1936 per
539 1841 669 1914 curiam
696 1849 848 1914 nostram
875 1851 957 1914 suut
986 1851 1131 1934 statute,
1158 1851 1270 1938 preter
1296 1843 1432 1917 venalia
1463 1865 1612 1940 quorum

204 1963 321 2036 exitam
345 1964 424 2038 aliis
446 1965 652 2040 officialibus
677 1987 739 2062 per
764 1977 913 2041 nostram
938 1967 1069 2041 curiam
1094 1967 1287 2063 specialiter
1315 1975 1367 2041 est
1395 1968 1610 2043 commissus.

203 2087 374 2162 Volumus
390 2097 506 2163 autern
524 2089 696 2186 predictos
714 2090 925 2164 fundicanos
940 2089 986 2165 ab
1006 2089 1230 2186 infrascriptis
1244 2101 1437 2164 nostrorum
1456 2089 1612 2166 fidelium

205 2213 465 2306 gravaminibus
483 2215 655 2290 abstinere
677 2241 686 2286 ε
708 2215 805 2311 quod
822 2237 892 2289 non
912 2216 1117 2312 compellant
1139 2235 1199 2288 eos
1223 2215 1259 2286 in
1281 2215 1403 2309 majori
1423 2217 1613 2312 quantitate

203 2337 254 2410 sal
268 2359 383 2413 emere
396 2361 502 2436 quarn
516 2327 583 2436 ipsi
601 2342 786 2434 voluerint,
810 2341 1001 2415 dummodo
1018 2339 1222 2438 prohibeant
1240 2349 1276 2414 et
1290 2340 1472 2435 diligenter
1489 2342 1612 2414 obsec

203 2468 285 2534 vent
302 2461 399 2558 quod
415 2473 515 2538 extra
530 2465 743 2560 provinciam
761 2465 828 2538 sibi
846 2463 1019 2538 decretam
1037 2463 1267 2560 provinciales
1285 2464 1340 2536 sui
1356 2463 1414 2536 vel
1431 2465 1469 2536 in
1485 2485 1611 2560 magna

205 2585 263 2658 vel
277 2585 316 2658 iu
329 2571 467 2662 modica
479 2588 670 2683 quantitate
687 2589 738 2662 sal
755 2609 825 2662 non
842 2598 958 2664 emant
977 2589 1014 2660 in
1030 2587 1244 2684 provinciam
1259 2587 1503 2682 deserendum,
1524 2611 1615 2686 pena

208 2709 453 2806 publicationis
479 2713 649 2786 bonorum
671 2713 827 2786 omnium
850 2712 1063 2808 emptoribus
1085 2733 1148 2786 seu
1166 2710 1378 2806 quibuslibet
1401 2710 1543 2785 aliunde
1565 2713 1616 2788 sel

206 2842 324 2929 preter
343 2835 548 2924 mandatum
576 2837 725 2936 speciale
747 2837 843 2912 curie
866 2845 981 2938 nosue
1003 2835 1237 2912 deferentibus
1256 2836 1455 2932 prostituta,
1479 2836 1548 2910 uisi
1571 2836 1617 2912 ab

208 2959 441 3038 ultramarinis
460 2962 617 3066 pactibus
641 2963 678 3036 in
693 2962 844 3057 navigiis
859 2963 910 3036 sal
928 2961 1114 3055 deleratur,
1131 2959 1227 3056 quod
1248 2981 1318 3035 non
1340 2960 1420 3056 alii,
1443 2961 1507 3057 sed
1521 2962 1617 3037 curie

210 3085 403 3180 assignetur
424 3107 489 3184 pro
502 3087 612 3184 pretio
630 3107 701 3184 quo
718 3109 799 3160 curn
816 3086 913 3160 curia
928 3085 1112 3160 convenire
1126 3093 1287 3182 poterunt
1300 3083 1505 3162 deferentes.
1525 3087 1615 3162 iller-

214 3359 228 3394 r
242 3339 345 3400 mons
356 3339 391 3398 de
400 3339 577 3418 blontenigro,
589 3341 736 3416 justitiario
747 3341 930 3416 Principattrs,
945 3345 998 3397 etc.
1012 3339 1054 3397 tn
1067 3338 1228 3397 ardennam
1245 3354 1332 3414 nuper
1347 3339 1512 3400 celsitudinis
1528 3345 1620 3398 nostre

215 3437 365 3512 ‚mmo
376 3437 449 3512 quon
464 3437 613 3496 narnate
626 3437 863 3497 suessanae
878 3435 1089 3511 (uramenta),
1104 3437 1207 3494 aunum
1227 3423 1328 3495 maniis
1346 3421 1476 3514 saporis
1490 3437 1619 3508 lacteae,

217 3548 325 3608 aprnre
337 3533 537 3592 consuetudinis
546 3533 642 3593 vitium
654 3533 777 3606 inolevit,
787 3533 912 3593 videlieet
931 3534 1004 3608 qnod
1023 3533 1115 3592 ballivi
1128 3539 1157 3592 et
1168 3533 1295 3593 officiales
1306 3534 1355 3592 alii
1372 3535 1419 3609 qui
1434 3549 1485 3609 pro
1500 3540 1621 3608 tempore

218 3649 232 3686 a
244 3637 366 3706 preerant
377 3631 478 3690 civitati
486 3632 620 3716 predicte,
635 3632 698 3690 vina
709 3633 850 3704 vitrearum
862 3647 970 3691 aarum
984 3638 1013 3690 et
1025 3631 1078 3696 elia
1088 3647 1144 3706 que
1153 3631 1280 3690 emebant
1291 3631 1327 3691 ab
1340 3631 1399 3690 allis
1409 3632 1433 3690 si
1445 3631 1553 3706 propria
1561 3645 1620 3690 non

219 3728 396 3810 obumbrent,
412 3733 660 3810 quantumcumque
678 3745 742 3790 care
753 3731 889 3803 volebant,
900 3731 1054 3791 vendebant
1069 3730 1229 3788 tabernfflis
1240 3735 1268 3788 et
1279 3729 1339 3790 eliis
1354 3727 1621 3802 succendentibus,

220 3843 232 3880 r
246 3826 410 3902 emptoribus
428 3827 604 3887 renuentibus
624 3835 652 3888 et
665 3828 772 3901 invitis,
786 3845 841 3887 non
851 3829 910 3888 sine
922 3843 1020 3903 magna
1032 3834 1184 3886 nostrorum
1204 3826 1321 3885 fidebam
1331 3827 1378 3900 qui
1388 3825 1521 3884 civitatem
1535 3826 1623 3901 ipsam

219 3921 394 3983 »inhabitant
414 3923 527 3998 lesIonc;
546 3927 574 3983 ot
590 3925 743 3999 bnjusmodi
762 3927 857 3984 vitium
878 3941 964 4000 usque
986 3925 1021 3984 ad
1044 3925 1095 3984 bec
1116 3923 1201 3982 lelicia
1219 3929 1338 3999 tempora
1357 3927 1464 3994 nostra,
1483 3923 1556 3996 quod
1568 3939 1623 3982 non

218 4037 233 4072 ι
246 4021 301 4080 eine
312 4021 487 4081 adrnimtiom
498 4022 609 4081 medae
619 4037 778 4098 munus,
790 4021 938 4098 adquorum
951 4021 1063 4082 ananus
1075 4021 1206 4096 nequitia,
1221 4021 1318 4078 dicitu
1327 4020 1485 4079 normann.
1494 4020 1622 4080 volentes

220 4137 234 4173 r
246 4118 324 4193 ip'trr
339 4119 459 4180 tldeburn
468 4127 622 4180 nostrornm
635 4122 837 4195 gravaminibus
848 4121 1005 4198 providere,
1017 4121 1176 4179 mandamus
1188 4124 1331 4193 qnaterms,
1343 4118 1367 4176 si
1377 4123 1419 4176 oet
1431 4118 1483 4193 ita,
1499 4118 1623 4180 inhibeas

220 4233 234 4271 a
247 4215 357 4276 firmiter
368 4218 442 4292 qnod
453 4217 545 4278 bellivi
555 4218 599 4278 vel
611 4218 736 4278 officiales
747 4219 792 4278 alli
800 4220 863 4278 vina
875 4219 995 4295 predIcto
1007 4219 1097 4292 modo,
1106 4218 1196 4277 invite
1206 4216 1382 4298 emptoribus,
1392 4231 1409 4274 a
1420 4217 1499 4276 modo
1507 4217 1624 4278 vendere

220 4333 234 4368 ι
246 4329 298 4372 non
308 4319 482 4389 presumant,
495 4331 546 4374 nec
556 4321 586 4374 tu
601 4317 659 4392 lpse
671 4317 745 4392 quod
764 4317 861 4376 noant
873 4317 908 4376 de
919 4322 1009 4378 odero
1027 4317 1153 4393 patiaris,
1168 4316 1219 4374 ulai
1233 4315 1302 4374 torte
1319 4314 1367 4373 tibi
1388 4314 1538 4373 constiterit
1550 4316 1622 4390 quod

220 4412 413 4490 rtsmporlbns
430 4411 547 4474 felicium
564 4430 658 4492 regruu
676 4417 896 4492 predecwrum
909 4423 1061 4476 nosnomn
1075 4415 1209 4475 Gulielmi
1226 4413 1305 4492 primi
1323 4419 1352 4472 et
1367 4411 1478 4487 secundi
1497 4413 1623 4472 memmio

221 4527 234 4562 s
247 4509 397 4583 recolende
411 4527 460 4586 per
472 4512 586 4572 ballivos
598 4519 626 4572 et
639 4514 706 4573 alios
717 4513 843 4600 officiales
855 4515 929 4574 curie
948 4514 1001 4573 hoc
1013 4515 1042 4572 in
1056 4514 1150 4572 eadem
1170 4513 1277 4572 civitate
1290 4511 1347 4570 lieri
1363 4509 1443 4570 lirerit
1455 4516 1622 4570 constratum.

222 4603 358 4680 rocem,
372 4611 425 4666 etc.
441 4609 583 4670 »Thomas
594 4611 629 4671 de
641 4613 807 4688 Ilonteuigro
815 4613 976 4688 justitiarius
988 4618 1048 4670 erat
1060 4612 1226 4686 Priucipatus
1244 4625 1315 4668 anno
1329 4609 1500 4680 rest-tato
1512 4607 1561 4666 scd
1573 4608 1625 4666 boc

221 4703 370 4764 maun
383 4719 438 4765 uon
448 4705 525 4767 adest
536 4707 563 4765 in
575 4709 686 4784 Ittpetto
699 4711 820 4785 ejusdem
833 4711 905 4769 anui.
