<?xml version="1.0" encoding="UTF-8"?>
<!DOCTYPE html PUBLIC "-//W3C//DTD XHTML 1.0 Transitional//EN"
    "http://www.w3.org/TR/xhtml1/DTD/xhtml1-transitional.dtd">
<html xmlns="http://www.w3.org/1999/xhtml" xml:lang="en" lang="en">
 <head>
  <title>
</title>
<meta http-equiv="Content-Type" content="text/html;charset=utf-8" />
  <meta name='ocr-system' content='tesseract 3.04.00' />
  <meta name='ocr-capabilities' content='ocr_page ocr_carea ocr_par ocr_line ocrx_word'/>
</head>
<body>
  <div class='ocr_page' id='page_1' title='image "./historiadiploma07fredgoog_0029.png"; bbox 0 0 4372 5918; ppageno 0'>
   <div class='ocr_carea' id='block_1_1' title="bbox 793 568 1662 657">
    <p class='ocr_par' dir='ltr' id='par_1_1' title="bbox 793 568 1662 657">
     <span class='ocr_line' id='line_1_1' title="bbox 793 568 1662 657; baseline -0.007 -23"><span class='ocrx_word' id='word_1_1' title='bbox 793 573 918 634; x_wconf 81' lang='lat' dir='ltr'><strong>araur</strong></span> <span class='ocrx_word' id='word_1_2' title='bbox 940 571 1132 636; x_wconf 83' lang='lat' dir='ltr'><strong>srcrnran.</strong></span> <span class='ocrx_word' id='word_1_3' title='bbox 1592 651 1595 657; x_wconf 14' lang='grc' dir='ltr'>Ι</span> <span class='ocrx_word' id='word_1_4' title='bbox 1624 568 1662 628; x_wconf 81' lang='lat' dir='ltr'><strong>ro</strong></span> 
     </span>
    </p>
   </div>
   <div class='ocr_carea' id='block_1_2' title="bbox 244 703 1662 2182">
    <p class='ocr_par' dir='ltr' id='par_1_2' title="bbox 244 703 1662 2182">
     <span class='ocr_line' id='line_1_2' title="bbox 244 703 1656 804; baseline -0.003 -24"><span class='ocrx_word' id='word_1_5' title='bbox 244 707 440 798; x_wconf 78' lang='lat' dir='ltr'><strong>justitiariis</strong></span> <span class='ocrx_word' id='word_1_6' title='bbox 462 707 664 804; x_wconf 77' lang='lat' dir='ltr'><strong>regionum,</strong></span> <span class='ocrx_word' id='word_1_7' title='bbox 690 709 747 782; x_wconf 88' lang='lat' dir='ltr'><strong>vel</strong></span> <span class='ocrx_word' id='word_1_8' title='bbox 771 708 924 784; x_wconf 88' lang='lat' dir='ltr'><strong>locorum</strong></span> <span class='ocrx_word' id='word_1_9' title='bbox 943 707 1156 798; x_wconf 86' lang='lat' dir='ltr'><strong>camerariis,</strong></span> <span class='ocrx_word' id='word_1_10' title='bbox 1179 705 1235 779; x_wconf 89' lang='lat' dir='ltr'><strong>vel</strong></span> <span class='ocrx_word' id='word_1_11' title='bbox 1262 703 1407 798; x_wconf 89' lang='lat' dir='ltr'><strong>bajulis,</strong></span> <span class='ocrx_word' id='word_1_12' title='bbox 1427 711 1462 777; x_wconf 86' lang='lat' dir='ltr'><strong>et</strong></span> <span class='ocrx_word' id='word_1_13' title='bbox 1487 703 1656 796; x_wconf 88' lang='lat' dir='ltr'><strong>dominis,</strong></span> 
     </span>
     <span class='ocr_line' id='line_1_3' title="bbox 249 830 1659 929; baseline -0.002 -23"><span class='ocrx_word' id='word_1_14' title='bbox 249 841 351 926; x_wconf 88' lang='lat' dir='ltr'><strong>prout</strong></span> <span class='ocrx_word' id='word_1_15' title='bbox 370 830 417 906; x_wconf 92' lang='lat' dir='ltr'><strong>ad</strong></span> <span class='ocrx_word' id='word_1_16' title='bbox 443 855 728 929; x_wconf 87' lang='lat' dir='ltr'><strong>unumquemque</strong></span> <span class='ocrx_word' id='word_1_17' title='bbox 752 855 873 908; x_wconf 88' lang='lat' dir='ltr'><strong>eorum</strong></span> <span class='ocrx_word' id='word_1_18' title='bbox 899 857 1004 910; x_wconf 86' lang='lat' dir='ltr'><strong>cause</strong></span> <span class='ocrx_word' id='word_1_19' title='bbox 1024 833 1174 928; x_wconf 72' lang='lat' dir='ltr'><strong>cognitio</strong></span> <span class='ocrx_word' id='word_1_20' title='bbox 1198 831 1364 928; x_wconf 80' lang='lat' dir='ltr'><strong>pertinet,</strong></span> <span class='ocrx_word' id='word_1_21' title='bbox 1392 851 1532 902; x_wconf 87' lang='lat' dir='ltr'><strong>oausam</strong></span> <span class='ocrx_word' id='word_1_22' title='bbox 1560 853 1659 904; x_wconf 92' lang='lat' dir='ltr'><strong>snam</strong></span> 
     </span>
     <span class='ocr_line' id='line_1_4' title="bbox 249 952 1661 1054; baseline -0.003 -24"><span class='ocrx_word' id='word_1_23' title='bbox 249 953 389 1054; x_wconf 90' lang='lat' dir='ltr'><strong>[ordine</strong></span> <span class='ocrx_word' id='word_1_24' title='bbox 401 955 577 1050; x_wconf 86' lang='lat' dir='ltr'><strong>judicario</strong></span> <span class='ocrx_word' id='word_1_25' title='bbox 590 952 659 1054; x_wconf 85' lang='lat' dir='ltr'><strong>(o)]</strong></span> <span class='ocrx_word' id='word_1_26' title='bbox 675 967 915 1053; x_wconf 79' lang='lat' dir='ltr'><strong>prosequatur.</strong></span> <span class='ocrx_word' id='word_1_27' title='bbox 937 957 1095 1031; x_wconf 87' lang='lat' dir='ltr'><strong>Ceterum</strong></span> <span class='ocrx_word' id='word_1_28' title='bbox 1111 956 1141 1028; x_wconf 90' lang='lat' dir='ltr'><strong>si</strong></span> <span class='ocrx_word' id='word_1_29' title='bbox 1158 953 1363 1050; x_wconf 79' lang='lat' dir='ltr'><strong>contingerit</strong></span> <span class='ocrx_word' id='word_1_30' title='bbox 1379 953 1483 1026; x_wconf 86' lang='lat' dir='ltr'><strong>alieni</strong></span> <span class='ocrx_word' id='word_1_31' title='bbox 1501 953 1661 1026; x_wconf 89' lang='lat' dir='ltr'><strong>violentis</strong></span> 
     </span>
     <span class='ocr_line' id='line_1_5' title="bbox 248 1076 1661 1178; baseline -0.001 -26"><span class='ocrx_word' id='word_1_32' title='bbox 248 1081 385 1173; x_wconf 76' lang='lat' dir='ltr'><strong>iniuriis</strong></span> <span class='ocrx_word' id='word_1_33' title='bbox 405 1089 609 1178; x_wconf 84' lang='lat' dir='ltr'><strong>provocato,</strong></span> <span class='ocrx_word' id='word_1_34' title='bbox 641 1080 688 1154; x_wconf 91' lang='lat' dir='ltr'><strong>ob</strong></span> <span class='ocrx_word' id='word_1_35' title='bbox 712 1082 854 1156; x_wconf 87' lang='lat' dir='ltr'><strong>tutelam</strong></span> <span class='ocrx_word' id='word_1_36' title='bbox 875 1083 931 1155; x_wconf 90' lang='lat' dir='ltr'><strong>sni</strong></span> <span class='ocrx_word' id='word_1_37' title='bbox 956 1081 1109 1178; x_wconf 85' lang='lat' dir='ltr'><strong>eorporis</strong></span> <span class='ocrx_word' id='word_1_38' title='bbox 1131 1101 1195 1154; x_wconf 92' lang='lat' dir='ltr'><strong>seu</strong></span> <span class='ocrx_word' id='word_1_39' title='bbox 1219 1099 1335 1152; x_wconf 88' lang='lat' dir='ltr'><strong>rerum</strong></span> <span class='ocrx_word' id='word_1_40' title='bbox 1361 1099 1519 1168; x_wconf 89' lang='lat' dir='ltr'><strong>suarum,</strong></span> <span class='ocrx_word' id='word_1_41' title='bbox 1541 1076 1661 1152; x_wconf 87' lang='lat' dir='ltr'><strong>desen·</strong></span> 
     </span>
     <span class='ocr_line' id='line_1_6' title="bbox 247 1203 1662 1302; baseline -0.003 -22"><span class='ocrx_word' id='word_1_42' title='bbox 247 1207 382 1280; x_wconf 88' lang='lat' dir='ltr'><strong>sionem</strong></span> <span class='ocrx_word' id='word_1_43' title='bbox 409 1206 605 1282; x_wconf 84' lang='lat' dir='ltr'><strong>necessario</strong></span> <span class='ocrx_word' id='word_1_44' title='bbox 627 1205 813 1299; x_wconf 85' lang='lat' dir='ltr'><strong>adbibere,</strong></span> <span class='ocrx_word' id='word_1_45' title='bbox 839 1207 950 1302; x_wconf 88' lang='lat' dir='ltr'><strong>ipsam</strong></span> <span class='ocrx_word' id='word_1_46' title='bbox 976 1205 1091 1280; x_wconf 89' lang='lat' dir='ltr'><strong>eidem</strong></span> <span class='ocrx_word' id='word_1_47' title='bbox 1118 1205 1155 1276; x_wconf 94' lang='lat' dir='ltr'><strong>in</strong></span> <span class='ocrx_word' id='word_1_48' title='bbox 1179 1203 1385 1294; x_wconf 84' lang='lat' dir='ltr'><strong>continenti,</strong></span> <span class='ocrx_word' id='word_1_49' title='bbox 1409 1204 1507 1299; x_wconf 88' lang='lat' dir='ltr'><strong>prius</strong></span> <span class='ocrx_word' id='word_1_50' title='bbox 1531 1203 1662 1278; x_wconf 88' lang='lat' dir='ltr'><strong>scilicet</strong></span> 
     </span>
     <span class='ocr_line' id='line_1_7' title="bbox 247 1331 1662 1428; baseline 0 -22"><span class='ocrx_word' id='word_1_51' title='bbox 247 1354 354 1428; x_wconf 92' lang='lat' dir='ltr'><strong>qnam</strong></span> <span class='ocrx_word' id='word_1_52' title='bbox 374 1331 524 1408; x_wconf 89' lang='lat' dir='ltr'><strong>divertat</strong></span> <span class='ocrx_word' id='word_1_53' title='bbox 539 1331 587 1406; x_wconf 87' lang='lat' dir='ltr'><strong>ad</strong></span> <span class='ocrx_word' id='word_1_54' title='bbox 604 1333 693 1408; x_wconf 88' lang='lat' dir='ltr'><strong>alios</strong></span> <span class='ocrx_word' id='word_1_55' title='bbox 708 1343 806 1406; x_wconf 89' lang='lat' dir='ltr'><strong>aetus</strong></span> <span class='ocrx_word' id='word_1_56' title='bbox 821 1333 878 1407; x_wconf 87' lang='lat' dir='ltr'><strong>vel</strong></span> <span class='ocrx_word' id='word_1_57' title='bbox 895 1343 1095 1421; x_wconf 85' lang='lat' dir='ltr'><strong>extraneos,</strong></span> <span class='ocrx_word' id='word_1_58' title='bbox 1116 1353 1186 1406; x_wconf 93' lang='lat' dir='ltr'><strong>non</strong></span> <span class='ocrx_word' id='word_1_59' title='bbox 1203 1341 1379 1424; x_wconf 72' lang='lat' dir='ltr'><strong>vebmns,</strong></span> <span class='ocrx_word' id='word_1_60' title='bbox 1398 1353 1479 1404; x_wconf 88' lang='lat' dir='ltr'><strong>cum</strong></span> <span class='ocrx_word' id='word_1_61' title='bbox 1498 1331 1662 1406; x_wconf 89' lang='lat' dir='ltr'><strong>modera-</strong></span> 
     </span>
     <span class='ocr_line' id='line_1_8' title="bbox 248 1455 1661 1554; baseline 0.001 -25"><span class='ocrx_word' id='word_1_62' title='bbox 248 1458 342 1532; x_wconf 87' lang='lat' dir='ltr'><strong>tione</strong></span> <span class='ocrx_word' id='word_1_63' title='bbox 374 1467 490 1532; x_wconf 90' lang='lat' dir='ltr'><strong>tamen</strong></span> <span class='ocrx_word' id='word_1_64' title='bbox 519 1457 693 1554; x_wconf 88' lang='lat' dir='ltr'><strong>inculpate</strong></span> <span class='ocrx_word' id='word_1_65' title='bbox 716 1458 843 1544; x_wconf 86' lang='lat' dir='ltr'><strong>tutele;</strong></span> <span class='ocrx_word' id='word_1_66' title='bbox 869 1458 917 1532; x_wconf 90' lang='lat' dir='ltr'><strong>ita</strong></span> <span class='ocrx_word' id='word_1_67' title='bbox 949 1457 1129 1547; x_wconf 83' lang='lat' dir='ltr'><strong>videlicet,</strong></span> <span class='ocrx_word' id='word_1_68' title='bbox 1151 1466 1191 1530; x_wconf 90' lang='lat' dir='ltr'><strong>nt</strong></span> <span class='ocrx_word' id='word_1_69' title='bbox 1223 1455 1394 1530; x_wconf 89' lang='lat' dir='ltr'><strong>similibus</strong></span> <span class='ocrx_word' id='word_1_70' title='bbox 1419 1466 1454 1528; x_wconf 91' lang='lat' dir='ltr'><strong>et</strong></span> <span class='ocrx_word' id='word_1_71' title='bbox 1477 1456 1661 1551; x_wconf 82' lang='lat' dir='ltr'><strong>equalibus</strong></span> 
     </span>
     <span class='ocr_line' id='line_1_9' title="bbox 245 1583 1660 1679; baseline -0.001 -21"><span class='ocrx_word' id='word_1_72' title='bbox 245 1585 353 1658; x_wconf 73' lang='lat' dir='ltr'><strong>nmis</strong></span> <span class='ocrx_word' id='word_1_73' title='bbox 370 1607 408 1658; x_wconf 88' lang='lat' dir='ltr'><strong>se</strong></span> <span class='ocrx_word' id='word_1_74' title='bbox 424 1583 612 1658; x_wconf 79' lang='lat' dir='ltr'><strong>defendere</strong></span> <span class='ocrx_word' id='word_1_75' title='bbox 628 1584 759 1674; x_wconf 71' lang='lat' dir='ltr'><strong>velem,</strong></span> <span class='ocrx_word' id='word_1_76' title='bbox 777 1583 907 1679; x_wconf 91' lang='lat' dir='ltr'><strong>quibus</strong></span> <span class='ocrx_word' id='word_1_77' title='bbox 927 1593 963 1657; x_wconf 90' lang='lat' dir='ltr'><strong>et</strong></span> <span class='ocrx_word' id='word_1_78' title='bbox 979 1583 1141 1679; x_wconf 90' lang='lat' dir='ltr'><strong>qualibus</strong></span> <span class='ocrx_word' id='word_1_79' title='bbox 1158 1583 1272 1656; x_wconf 83' lang='lat' dir='ltr'><strong>extitit</strong></span> <span class='ocrx_word' id='word_1_80' title='bbox 1284 1585 1507 1679; x_wconf 79' lang='lat' dir='ltr'><strong>impugnatus</strong></span> <span class='ocrx_word' id='word_1_81' title='bbox 1526 1611 1535 1655; x_wconf 75' lang='grc' dir='ltr'><strong><em>ε</em></strong></span> <span class='ocrx_word' id='word_1_82' title='bbox 1555 1584 1603 1657; x_wconf 85' lang='lat' dir='ltr'><strong>ita</strong></span> <span class='ocrx_word' id='word_1_83' title='bbox 1621 1595 1660 1657; x_wconf 89' lang='lat' dir='ltr'><strong>ut</strong></span> 
     </span>
     <span class='ocr_line' id='line_1_10' title="bbox 245 1709 1656 1806; baseline 0 -24"><span class='ocrx_word' id='word_1_84' title='bbox 245 1711 279 1782; x_wconf 92' lang='lat' dir='ltr'><strong>si</strong></span> <span class='ocrx_word' id='word_1_85' title='bbox 295 1710 401 1783; x_wconf 89' lang='lat' dir='ltr'><strong>armis</strong></span> <span class='ocrx_word' id='word_1_86' title='bbox 425 1709 564 1783; x_wconf 79' lang='lat' dir='ltr'><strong>melotis</strong></span> <span class='ocrx_word' id='word_1_87' title='bbox 580 1711 804 1806; x_wconf 79' lang='lat' dir='ltr'><strong>impugnatus</strong></span> <span class='ocrx_word' id='word_1_88' title='bbox 820 1709 940 1800; x_wconf 89' lang='lat' dir='ltr'><strong>luerit,</strong></span> <span class='ocrx_word' id='word_1_89' title='bbox 961 1709 1063 1782; x_wconf 90' lang='lat' dir='ltr'><strong>lioeat</strong></span> <span class='ocrx_word' id='word_1_90' title='bbox 1080 1718 1115 1782; x_wconf 87' lang='lat' dir='ltr'><strong>et</strong></span> <span class='ocrx_word' id='word_1_91' title='bbox 1132 1709 1236 1782; x_wconf 88' lang='lat' dir='ltr'><strong>armis</strong></span> <span class='ocrx_word' id='word_1_92' title='bbox 1253 1709 1390 1783; x_wconf 86' lang='lat' dir='ltr'><strong>molntis</strong></span> <span class='ocrx_word' id='word_1_93' title='bbox 1405 1731 1443 1783; x_wconf 91' lang='lat' dir='ltr'><strong>se</strong></span> <span class='ocrx_word' id='word_1_94' title='bbox 1458 1709 1656 1785; x_wconf 79' lang='lat' dir='ltr'><strong>defendere.</strong></span> 
     </span>
     <span class='ocr_line' id='line_1_11' title="bbox 246 1831 1659 1932; baseline 0.003 -26"><span class='ocrx_word' id='word_1_95' title='bbox 246 1831 304 1932; x_wconf 91' lang='lat' dir='ltr'><strong>[Si</strong></span> <span class='ocrx_word' id='word_1_96' title='bbox 323 1833 399 1906; x_wconf 88' lang='lat' dir='ltr'><strong>sine</strong></span> <span class='ocrx_word' id='word_1_97' title='bbox 417 1834 521 1907; x_wconf 85' lang='lat' dir='ltr'><strong>armis</strong></span> <span class='ocrx_word' id='word_1_98' title='bbox 537 1835 697 1926; x_wconf 87' lang='lat' dir='ltr'><strong>molntis,</strong></span> <span class='ocrx_word' id='word_1_99' title='bbox 718 1836 773 1908; x_wconf 83' lang='lat' dir='ltr'><strong>vel</strong></span> <span class='ocrx_word' id='word_1_100' title='bbox 798 1834 1011 1930; x_wconf 89' lang='lat' dir='ltr'><strong>quibnsbbet</strong></span> <span class='ocrx_word' id='word_1_101' title='bbox 1027 1835 1132 1908; x_wconf 90' lang='lat' dir='ltr'><strong>armis</strong></span> <span class='ocrx_word' id='word_1_102' title='bbox 1152 1833 1371 1909; x_wconf 82' lang='lat' dir='ltr'><strong>adversarius</strong></span> <span class='ocrx_word' id='word_1_103' title='bbox 1387 1857 1473 1910; x_wconf 90' lang='lat' dir='ltr'><strong>snus</strong></span> <span class='ocrx_word' id='word_1_104' title='bbox 1494 1857 1575 1910; x_wconf 88' lang='lat' dir='ltr'><strong>enm</strong></span> <span class='ocrx_word' id='word_1_105' title='bbox 1593 1837 1659 1910; x_wconf 92' lang='lat' dir='ltr'><strong>im·</strong></span> 
     </span>
     <span class='ocr_line' id='line_1_12' title="bbox 244 1957 1659 2056; baseline 0.001 -24"><span class='ocrx_word' id='word_1_106' title='bbox 244 1958 475 2056; x_wconf 86' lang='lat' dir='ltr'><strong>pugnaverit,</strong></span> <span class='ocrx_word' id='word_1_107' title='bbox 502 1957 624 2032; x_wconf 88' lang='lat' dir='ltr'><strong>eodem</strong></span> <span class='ocrx_word' id='word_1_108' title='bbox 655 1959 926 2054; x_wconf 82' lang='lat' dir='ltr'><strong>impugnationis</strong></span> <span class='ocrx_word' id='word_1_109' title='bbox 952 1981 1079 2053; x_wconf 76' lang='lat' dir='ltr'><strong>genere</strong></span> <span class='ocrx_word' id='word_1_110' title='bbox 1101 1981 1141 2034; x_wconf 89' lang='lat' dir='ltr'><strong>se</strong></span> <span class='ocrx_word' id='word_1_111' title='bbox 1165 1958 1347 2045; x_wconf 81' lang='lat' dir='ltr'><strong>delendat3</strong></span> <span class='ocrx_word' id='word_1_112' title='bbox 1373 1958 1458 2033; x_wconf 91' lang='lat' dir='ltr'><strong>dum</strong></span> <span class='ocrx_word' id='word_1_113' title='bbox 1486 1961 1659 2034; x_wconf 91' lang='lat' dir='ltr'><strong>tamenin</strong></span> 
     </span>
     <span class='ocr_line' id='line_1_13' title="bbox 246 2081 1027 2182; baseline 0.001 -24"><span class='ocrx_word' id='word_1_114' title='bbox 246 2083 437 2158; x_wconf 87' lang='lat' dir='ltr'><strong>continenti</strong></span> <span class='ocrx_word' id='word_1_115' title='bbox 454 2083 522 2158; x_wconf 87' lang='lat' dir='ltr'><strong>hon</strong></span> <span class='ocrx_word' id='word_1_116' title='bbox 540 2084 643 2158; x_wconf 86' lang='lat' dir='ltr'><strong>lueiat</strong></span> <span class='ocrx_word' id='word_1_117' title='bbox 655 2081 740 2182; x_wconf 84' lang='lat' dir='ltr'><strong>(l)],</strong></span> <span class='ocrx_word' id='word_1_118' title='bbox 760 2095 800 2157; x_wconf 90' lang='lat' dir='ltr'><strong>ut</strong></span> <span class='ocrx_word' id='word_1_119' title='bbox 815 2093 868 2159; x_wconf 87' lang='lat' dir='ltr'><strong>est</strong></span> <span class='ocrx_word' id='word_1_120' title='bbox 881 2084 1027 2160; x_wconf 87' lang='lat' dir='ltr'><strong>dietum.</strong></span> 
     </span>
    </p>
   </div>
   <div class='ocr_carea' id='block_1_3' title="bbox 320 2367 1581 2650">
    <p class='ocr_par' dir='ltr' id='par_1_3' title="bbox 320 2367 1581 2650">
     <span class='ocr_line' id='line_1_14' title="bbox 713 2367 1192 2469; baseline -0.002 -27"><span class='ocrx_word' id='word_1_121' title='bbox 713 2369 917 2444; x_wconf 85' lang='lat' dir='ltr'>TITULUS</span> <span class='ocrx_word' id='word_1_122' title='bbox 941 2369 1006 2444; x_wconf 88' lang='lat' dir='ltr'><strong>1x.</strong></span> <span class='ocrx_word' id='word_1_123' title='bbox 1033 2373 1078 2443; x_wconf 80' lang='lat' dir='ltr'><strong>ll</strong></span> <span class='ocrx_word' id='word_1_124' title='bbox 1101 2367 1192 2469; x_wconf 87' lang='lat' dir='ltr'><strong>(ll).</strong></span> 
     </span>
     <span class='ocr_line' id='line_1_15' title="bbox 320 2547 1581 2650; baseline 0.002 -28"><span class='ocrx_word' id='word_1_125' title='bbox 320 2551 368 2622; x_wconf 85' lang='lat' dir='ltr'><strong>Ile</strong></span> <span class='ocrx_word' id='word_1_126' title='bbox 385 2549 439 2622; x_wconf 84' lang='lat' dir='ltr'><strong>bis</strong></span> <span class='ocrx_word' id='word_1_127' title='bbox 455 2549 561 2644; x_wconf 83' lang='lat' dir='ltr'><strong>quiin</strong></span> <span class='ocrx_word' id='word_1_128' title='bbox 578 2571 678 2644; x_wconf 68' lang='lat' dir='ltr'><strong>repeto</strong></span> <span class='ocrx_word' id='word_1_129' title='bbox 692 2571 852 2643; x_wconf 61' lang='lat' dir='ltr'><strong>wem</strong></span> <span class='ocrx_word' id='word_1_130' title='bbox 865 2549 1040 2638; x_wconf 84' lang='lat' dir='ltr'><strong>mouerint,</strong></span> <span class='ocrx_word' id='word_1_131' title='bbox 1056 2557 1089 2622; x_wconf 82' lang='lat' dir='ltr'><strong>et</strong></span> <span class='ocrx_word' id='word_1_132' title='bbox 1107 2548 1148 2620; x_wconf 84' lang='lat' dir='ltr'><strong>de</strong></span> <span class='ocrx_word' id='word_1_133' title='bbox 1161 2547 1315 2644; x_wconf 61' lang='lat' dir='ltr'><strong>wanlai</strong></span> <span class='ocrx_word' id='word_1_134' title='bbox 1327 2550 1504 2646; x_wconf 80' lang='lat' dir='ltr'><strong>puniendis</strong></span> <span class='ocrx_word' id='word_1_135' title='bbox 1522 2549 1537 2650; x_wconf 95' lang='lat'>(</span> <span class='ocrx_word' id='word_1_136' title='bbox 1554 2551 1581 2648; x_wconf 92' lang='lat'><strong>).</strong></span> 
     </span>
    </p>
   </div>
   <div class='ocr_carea' id='block_1_4' title="bbox 780 2749 1126 2800">
    <p class='ocr_par' dir='ltr' id='par_1_4' title="bbox 780 2749 1126 2800">
     <span class='ocr_line' id='line_1_16' title="bbox 780 2749 1126 2800; baseline 0.003 -2"><span class='ocrx_word' id='word_1_137' title='bbox 780 2749 883 2800; x_wconf 72' lang='lat' dir='ltr'><strong>toll!</strong></span> <span class='ocrx_word' id='word_1_138' title='bbox 912 2750 1126 2800; x_wconf 68' lang='lat' dir='ltr'><strong>AUGUSTUS.</strong></span> 
     </span>
    </p>
   </div>
   <div class='ocr_carea' id='block_1_5' title="bbox 241 2905 1658 3380">
    <p class='ocr_par' dir='ltr' id='par_1_5' title="bbox 241 2905 1658 3380">
     <span class='ocr_line' id='line_1_17' title="bbox 295 2905 1658 3004; baseline 0.001 -22"><span class='ocrx_word' id='word_1_139' title='bbox 295 2907 429 2993; x_wconf 89' lang='lat' dir='ltr'><strong>Comes,</strong></span> <span class='ocrx_word' id='word_1_140' title='bbox 444 2908 544 3000; x_wconf 86' lang='lat' dir='ltr'><strong>baro,</strong></span> <span class='ocrx_word' id='word_1_141' title='bbox 563 2907 674 3000; x_wconf 89' lang='lat' dir='ltr'><strong>miles,</strong></span> <span class='ocrx_word' id='word_1_142' title='bbox 690 2929 752 2981; x_wconf 91' lang='lat' dir='ltr'><strong>sen</strong></span> <span class='ocrx_word' id='word_1_143' title='bbox 766 2907 967 3003; x_wconf 88' lang='lat' dir='ltr'><strong>quicunqne</strong></span> <span class='ocrx_word' id='word_1_144' title='bbox 981 2908 1081 3000; x_wconf 87' lang='lat' dir='ltr'><strong>alius,</strong></span> <span class='ocrx_word' id='word_1_145' title='bbox 1096 2905 1159 3004; x_wconf 90' lang='lat' dir='ltr'><strong>qni</strong></span> <span class='ocrx_word' id='word_1_146' title='bbox 1174 2905 1313 3002; x_wconf 86' lang='lat' dir='ltr'><strong>publiea</strong></span> <span class='ocrx_word' id='word_1_147' title='bbox 1327 2927 1487 3002; x_wconf 77' lang='lat' dir='ltr'><strong>guerram</strong></span> <span class='ocrx_word' id='word_1_148' title='bbox 1500 2908 1537 2980; x_wconf 90' lang='lat' dir='ltr'><strong>in</strong></span> <span class='ocrx_word' id='word_1_149' title='bbox 1550 2931 1658 3004; x_wconf 78' lang='lat' dir='ltr'><strong>ragno</strong></span> 
     </span>
     <span class='ocr_line' id='line_1_18' title="bbox 243 3017 1657 3131; baseline 0.003 -26"><span class='ocrx_word' id='word_1_150' title='bbox 243 3035 404 3124; x_wconf 85' lang='lat' dir='ltr'><strong>moverit,</strong></span> <span class='ocrx_word' id='word_1_151' title='bbox 420 3032 615 3108; x_wconf 88' lang='lat' dir='ltr'><strong>oonlisontis</strong></span> <span class='ocrx_word' id='word_1_152' title='bbox 630 3033 732 3106; x_wconf 91' lang='lat' dir='ltr'><strong>bonis</strong></span> <span class='ocrx_word' id='word_1_153' title='bbox 748 3033 822 3106; x_wconf 91' lang='lat' dir='ltr'><strong>suis</strong></span> <span class='ocrx_word' id='word_1_154' title='bbox 840 3034 1015 3128; x_wconf 89' lang='lat' dir='ltr'><strong>omnibns,</strong></span> <span class='ocrx_word' id='word_1_155' title='bbox 1025 3017 1149 3130; x_wconf 85' lang='lat' dir='ltr'><strong>¹capito</strong></span> <span class='ocrx_word' id='word_1_156' title='bbox 1165 3032 1341 3128; x_wconf 90' lang='lat' dir='ltr'><strong>puniatur.</strong></span> <span class='ocrx_word' id='word_1_157' title='bbox 1356 3032 1424 3118; x_wconf 87' lang='lat' dir='ltr'><strong>Qui</strong></span> <span class='ocrx_word' id='word_1_158' title='bbox 1444 3042 1560 3108; x_wconf 84' lang='lat' dir='ltr'><strong>antem</strong></span> <span class='ocrx_word' id='word_1_159' title='bbox 1581 3057 1657 3131; x_wconf 88' lang='lat' dir='ltr'><strong>pro·</strong></span> 
     </span>
     <span class='ocr_line' id='line_1_19' title="bbox 242 3157 1657 3254; baseline 0.001 -23"><span class='ocrx_word' id='word_1_160' title='bbox 242 3159 350 3231; x_wconf 89' lang='lat' dir='ltr'><strong>salias</strong></span> <span class='ocrx_word' id='word_1_161' title='bbox 369 3179 432 3231; x_wconf 90' lang='lat' dir='ltr'><strong>seu</strong></span> <span class='ocrx_word' id='word_1_162' title='bbox 449 3157 653 3254; x_wconf 86' lang='lat' dir='ltr'><strong>represalias</strong></span> <span class='ocrx_word' id='word_1_163' title='bbox 673 3157 810 3250; x_wconf 81' lang='lat' dir='ltr'><strong>feeerit,</strong></span> <span class='ocrx_word' id='word_1_164' title='bbox 829 3157 1021 3236; x_wconf 87' lang='lat' dir='ltr'><strong>medietatis</strong></span> <span class='ocrx_word' id='word_1_165' title='bbox 1044 3159 1214 3231; x_wconf 93' lang='lat' dir='ltr'><strong>bonorum</strong></span> <span class='ocrx_word' id='word_1_166' title='bbox 1234 3177 1376 3230; x_wconf 91' lang='lat' dir='ltr'><strong>snorum</strong></span> <span class='ocrx_word' id='word_1_167' title='bbox 1402 3157 1557 3230; x_wconf 90' lang='lat' dir='ltr'><strong>omnium</strong></span> <span class='ocrx_word' id='word_1_168' title='bbox 1578 3180 1657 3254; x_wconf 87' lang='lat' dir='ltr'><strong>pro·</strong></span> 
     </span>
     <span class='ocr_line' id='line_1_20' title="bbox 241 3259 1385 3380; baseline 0.001 -26"><span class='ocrx_word' id='word_1_169' title='bbox 241 3283 432 3379; x_wconf 84' lang='lat' dir='ltr'><strong>scriptione</strong></span> <span class='ocrx_word' id='word_1_170' title='bbox 448 3281 498 3380; x_wconf 82' lang='lat' dir='ltr'><strong>(d)</strong></span> <span class='ocrx_word' id='word_1_171' title='bbox 515 3281 709 3356; x_wconf 90' lang='lat' dir='ltr'><strong>damnetur.</strong></span> <span class='ocrx_word' id='word_1_172' title='bbox 1382 3259 1385 3266; x_wconf 38' lang='lat'>¹</span> 
     </span>
    </p>
   </div>
   <div class='ocr_carea' id='block_1_6' title="bbox 346 3526 1552 3959">
    <p class='ocr_par' dir='ltr' id='par_1_6' title="bbox 346 3526 1552 3959">
     <span class='ocr_line' id='line_1_21' title="bbox 711 3526 1167 3624; baseline 0 -24"><span class='ocrx_word' id='word_1_173' title='bbox 711 3527 912 3602; x_wconf 84' lang='lat' dir='ltr'><strong>‘l&#39;lTULUS</strong></span> <span class='ocrx_word' id='word_1_174' title='bbox 936 3528 981 3600; x_wconf 84' lang='lat' dir='ltr'><strong>x.</strong></span> <span class='ocrx_word' id='word_1_175' title='bbox 1009 3533 1049 3600; x_wconf 91' lang='lat' dir='ltr'><strong>1B</strong></span> <span class='ocrx_word' id='word_1_176' title='bbox 1076 3526 1167 3624; x_wconf 73' lang='lat'>(⁴2).</span> 
     </span>
     <span class='ocr_line' id='line_1_22' title="bbox 346 3703 1552 3806; baseline 0.001 -26"><span class='ocrx_word' id='word_1_177' title='bbox 346 3707 397 3780; x_wconf 85' lang='lat' dir='ltr'><strong>De</strong></span> <span class='ocrx_word' id='word_1_178' title='bbox 413 3707 534 3780; x_wconf 80' lang='lat' dir='ltr'><strong>illicito</strong></span> <span class='ocrx_word' id='word_1_179' title='bbox 554 3708 737 3803; x_wconf 80' lang='lat' dir='ltr'><strong>portatiorw</strong></span> <span class='ocrx_word' id='word_1_180' title='bbox 755 3729 927 3780; x_wconf 78' lang='lat' dir='ltr'><strong>armorum</strong></span> <span class='ocrx_word' id='word_1_181' title='bbox 944 3703 989 3805; x_wconf 87' lang='lat' dir='ltr'><strong>[et</strong></span> <span class='ocrx_word' id='word_1_182' title='bbox 1007 3729 1096 3801; x_wconf 82' lang='lat' dir='ltr'><strong>pena</strong></span> <span class='ocrx_word' id='word_1_183' title='bbox 1108 3708 1367 3804; x_wconf 81' lang='lat' dir='ltr'><strong>percutientium</strong></span> <span class='ocrx_word' id='word_1_184' title='bbox 1385 3730 1461 3780; x_wconf 85' lang='lat' dir='ltr'><strong>eum</strong></span> <span class='ocrx_word' id='word_1_185' title='bbox 1477 3705 1552 3806; x_wconf 63' lang='lat' dir='ltr'><strong>eis}</strong></span> 
     </span>
     <span class='ocr_line' id='line_1_23' title="bbox 781 3908 1118 3959; baseline 0.003 -2"><span class='ocrx_word' id='word_1_186' title='bbox 781 3909 877 3958; x_wconf 82' lang='lat' dir='ltr'><strong>rnna</strong></span> <span class='ocrx_word' id='word_1_187' title='bbox 903 3908 1118 3959; x_wconf 76' lang='lat' dir='ltr'><strong>annusque.</strong></span> 
     </span>
    </p>
   </div>
   <div class='ocr_carea' id='block_1_7' title="bbox 244 4061 1655 4283">
    <p class='ocr_par' dir='ltr' id='par_1_7' title="bbox 244 4061 1655 4283">
     <span class='ocr_line' id='line_1_24' title="bbox 292 4061 1655 4160; baseline 0.002 -26"><span class='ocrx_word' id='word_1_188' title='bbox 292 4061 492 4136; x_wconf 86' lang='lat' dir='ltr'><strong>Intentionis</strong></span> <span class='ocrx_word' id='word_1_189' title='bbox 511 4071 626 4137; x_wconf 89' lang='lat' dir='ltr'><strong>nostre</strong></span> <span class='ocrx_word' id='word_1_190' title='bbox 649 4063 787 4137; x_wconf 88' lang='lat' dir='ltr'><strong>salubre</strong></span> <span class='ocrx_word' id='word_1_191' title='bbox 813 4064 1026 4159; x_wconf 88' lang='lat' dir='ltr'><strong>propositum</strong></span> <span class='ocrx_word' id='word_1_192' title='bbox 1044 4072 1203 4137; x_wconf 88' lang='lat' dir='ltr'><strong>nontam</strong></span> <span class='ocrx_word' id='word_1_193' title='bbox 1227 4063 1319 4137; x_wconf 86' lang='lat' dir='ltr'><strong>oiroa</strong></span> <span class='ocrx_word' id='word_1_194' title='bbox 1338 4063 1517 4160; x_wconf 88' lang='lat' dir='ltr'><strong>punienda</strong></span> <span class='ocrx_word' id='word_1_195' title='bbox 1541 4065 1655 4138; x_wconf 90' lang='lat' dir='ltr'><strong>male-</strong></span> 
     </span>
     <span class='ocr_line' id='line_1_25' title="bbox 244 4186 1655 4283; baseline 0.003 -23"><span class='ocrx_word' id='word_1_196' title='bbox 244 4187 323 4262; x_wconf 87' lang='lat' dir='ltr'><strong>licia</strong></span> <span class='ocrx_word' id='word_1_197' title='bbox 343 4188 524 4263; x_wconf 86' lang='lat' dir='ltr'><strong>oommissa</strong></span> <span class='ocrx_word' id='word_1_198' title='bbox 540 4197 708 4281; x_wconf 84' lang='lat' dir='ltr'><strong>versatur,</strong></span> <span class='ocrx_word' id='word_1_199' title='bbox 727 4209 832 4283; x_wconf 90' lang='lat' dir='ltr'><strong>quam</strong></span> <span class='ocrx_word' id='word_1_200' title='bbox 852 4197 891 4259; x_wconf 92' lang='lat' dir='ltr'><strong>ut</strong></span> <span class='ocrx_word' id='word_1_201' title='bbox 909 4188 945 4260; x_wconf 93' lang='lat' dir='ltr'><strong>in</strong></span> <span class='ocrx_word' id='word_1_202' title='bbox 963 4186 1216 4262; x_wconf 86' lang='lat' dir='ltr'><strong>committendis</strong></span> <span class='ocrx_word' id='word_1_203' title='bbox 1234 4186 1366 4262; x_wconf 90' lang='lat' dir='ltr'><strong>eisdem</strong></span> <span class='ocrx_word' id='word_1_204' title='bbox 1386 4188 1446 4261; x_wconf 82' lang='lat' dir='ltr'><strong>via</strong></span> <span class='ocrx_word' id='word_1_205' title='bbox 1463 4198 1498 4262; x_wconf 91' lang='lat' dir='ltr'><strong>et</strong></span> <span class='ocrx_word' id='word_1_206' title='bbox 1514 4189 1655 4264; x_wconf 88' lang='lat' dir='ltr'><strong>materia</strong></span> 
     </span>
    </p>
   </div>
   <div class='ocr_carea' id='block_1_8' title="bbox 285 4393 1456 4797">
    <p class='ocr_par' dir='ltr' id='par_1_8' title="bbox 285 4393 1404 4580">
     <span class='ocr_line' id='line_1_26' title="bbox 285 4393 1404 4472; baseline 0.004 -20"><span class='ocrx_word' id='word_1_207' title='bbox 285 4395 327 4468; x_wconf 86' lang='lat' dir='ltr'><strong>(a)</strong></span> <span class='ocrx_word' id='word_1_208' title='bbox 348 4393 429 4456; x_wconf 82' lang='lat' dir='ltr'><strong>llaec</strong></span> <span class='ocrx_word' id='word_1_209' title='bbox 441 4394 550 4456; x_wconf 81' lang='lat' dir='ltr'><strong>desunt</strong></span> <span class='ocrx_word' id='word_1_210' title='bbox 566 4395 598 4454; x_wconf 90' lang='lat' dir='ltr'><strong>ln</strong></span> <span class='ocrx_word' id='word_1_211' title='bbox 613 4409 719 4472; x_wconf 80' lang='lat' dir='ltr'><strong>graeco</strong></span> <span class='ocrx_word' id='word_1_212' title='bbox 731 4399 761 4454; x_wconf 88' lang='lat' dir='ltr'><strong>et</strong></span> <span class='ocrx_word' id='word_1_213' title='bbox 773 4411 812 4455; x_wconf 83' lang='lat' dir='ltr'><strong>ex</strong></span> <span class='ocrx_word' id='word_1_214' title='bbox 826 4395 906 4454; x_wconf 85' lang='lat' dir='ltr'><strong>notis</strong></span> <span class='ocrx_word' id='word_1_215' title='bbox 918 4393 949 4453; x_wconf 94' lang='lat' dir='ltr'><strong>ln</strong></span> <span class='ocrx_word' id='word_1_216' title='bbox 963 4397 1080 4453; x_wconf 72' lang='lat' dir='ltr'><strong>mrtem</strong></span> <span class='ocrx_word' id='word_1_217' title='bbox 1093 4395 1244 4471; x_wconf 86' lang='lat' dir='ltr'><strong>lrrepslsse</strong></span> <span class='ocrx_word' id='word_1_218' title='bbox 1255 4393 1404 4457; x_wconf 81' lang='lat' dir='ltr'><strong>videntur.</strong></span> 
     </span>
     <span class='ocr_line' id='line_1_27' title="bbox 286 4497 1322 4580; baseline 0.003 -20"><span class='ocrx_word' id='word_1_219' title='bbox 286 4497 327 4579; x_wconf 76' lang='lat' dir='ltr'><strong>(b)</strong></span> <span class='ocrx_word' id='word_1_220' title='bbox 349 4499 430 4562; x_wconf 78' lang='lat' dir='ltr'><strong>liene</strong></span> <span class='ocrx_word' id='word_1_221' title='bbox 442 4501 564 4562; x_wconf 88' lang='lat' dir='ltr'><strong>omnlno</strong></span> <span class='ocrx_word' id='word_1_222' title='bbox 576 4501 685 4564; x_wconf 84' lang='lat' dir='ltr'><strong>desunt</strong></span> <span class='ocrx_word' id='word_1_223' title='bbox 698 4503 730 4561; x_wconf 89' lang='lat' dir='ltr'><strong>in</strong></span> <span class='ocrx_word' id='word_1_224' title='bbox 743 4517 847 4580; x_wconf 75' lang='lat' dir='ltr'><strong>grauns</strong></span> <span class='ocrx_word' id='word_1_225' title='bbox 861 4517 916 4561; x_wconf 90' lang='lat' dir='ltr'><strong>neo</strong></span> <span class='ocrx_word' id='word_1_226' title='bbox 928 4503 999 4560; x_wconf 83' lang='lat' dir='ltr'><strong>novi</strong></span> <span class='ocrx_word' id='word_1_227' title='bbox 1012 4501 1167 4578; x_wconf 86' lang='lat' dir='ltr'><strong>qnldplam</strong></span> <span class='ocrx_word' id='word_1_228' title='bbox 1181 4501 1322 4564; x_wconf 77' lang='lat' dir='ltr'><strong>afferunt.</strong></span> 
     </span>
    </p>

    <p class='ocr_par' dir='ltr' id='par_1_9' title="bbox 285 4604 1456 4797">
     <span class='ocr_line' id='line_1_28' title="bbox 286 4604 1456 4692; baseline 0.004 -26"><span class='ocrx_word' id='word_1_229' title='bbox 286 4605 325 4686; x_wconf 83' lang='lat' dir='ltr'><strong>(o)</strong></span> <span class='ocrx_word' id='word_1_230' title='bbox 351 4609 387 4670; x_wconf 85' lang='lat' dir='ltr'><strong>In</strong></span> <span class='ocrx_word' id='word_1_231' title='bbox 400 4622 506 4688; x_wconf 72' lang='lat' dir='ltr'><strong>gotteoo</strong></span> <span class='ocrx_word' id='word_1_232' title='bbox 521 4622 531 4668; x_wconf 81' lang='lat' dir='ltr'><strong>t</strong></span> <span class='ocrx_word' id='word_1_233' title='bbox 546 4605 614 4689; x_wconf 74' lang='lat' dir='ltr'><strong>llqt</strong></span> <span class='ocrx_word' id='word_1_234' title='bbox 628 4605 753 4687; x_wconf 74' lang='grc' dir='ltr'>κομήτων</span> <span class='ocrx_word' id='word_1_235' title='bbox 766 4605 813 4666; x_wconf 73' lang='grc' dir='ltr'><strong>καὶ</strong></span> <span class='ocrx_word' id='word_1_236' title='bbox 827 4604 970 4689; x_wconf 65' lang='lat' dir='ltr'><strong>inpensiore</strong></span> <span class='ocrx_word' id='word_1_237' title='bbox 985 4607 1013 4665; x_wconf 74' lang='lat' dir='ltr'><strong>ts</strong></span> <span class='ocrx_word' id='word_1_238' title='bbox 1027 4608 1066 4688; x_wconf 80' lang='grc' dir='ltr'><strong>τῷ</strong></span> <span class='ocrx_word' id='word_1_239' title='bbox 1079 4605 1170 4692; x_wconf 77' lang='grc' dir='ltr'>κράτει</span> <span class='ocrx_word' id='word_1_240' title='bbox 1186 4605 1279 4668; x_wconf 69' lang='grc' dir='ltr'>στάσιν</span> <span class='ocrx_word' id='word_1_241' title='bbox 1294 4605 1456 4692; x_wconf 65' lang='grc' dir='ltr'><strong>ἐγιιρόντων.</strong></span> 
     </span>
     <span class='ocr_line' id='line_1_29' title="bbox 285 4711 1276 4797; baseline 0.008 -25"><span class='ocrx_word' id='word_1_242' title='bbox 285 4711 329 4790; x_wconf 84' lang='lat' dir='ltr'><strong>(d)</strong></span> <span class='ocrx_word' id='word_1_243' title='bbox 351 4715 418 4779; x_wconf 82' lang='lat' dir='ltr'><strong>Vox</strong></span> <span class='ocrx_word' id='word_1_244' title='bbox 433 4716 554 4776; x_wconf 86' lang='lat' dir='ltr'><strong>omnino</strong></span> <span class='ocrx_word' id='word_1_245' title='bbox 567 4719 703 4778; x_wconf 83' lang='lat' dir='ltr'><strong>eonvenlt</strong></span> <span class='ocrx_word' id='word_1_246' title='bbox 715 4732 821 4797; x_wconf 78' lang='lat' dir='ltr'><strong>graeco</strong></span> <span class='ocrx_word' id='word_1_247' title='bbox 839 4711 983 4795; x_wconf 76' lang='grc' dir='ltr'>δημεύσει,</span> <span class='ocrx_word' id='word_1_248' title='bbox 997 4715 1060 4778; x_wconf 84' lang='lat' dir='ltr'><strong>soll.</strong></span> <span class='ocrx_word' id='word_1_249' title='bbox 1070 4712 1276 4797; x_wconf 73' lang='lat' dir='ltr'><strong>potantem.</strong></span> 
     </span>
    </p>
   </div>
   <div class='ocr_carea' id='block_1_9' title="bbox 0 0 2190 5912">
    <p class='ocr_par' dir='ltr' id='par_1_10' title="bbox 0 0 2190 5912">
     <span class='ocr_line' id='line_1_30' title="bbox 0 0 2190 5912; baseline 0 0"><span class='ocrx_word' id='word_1_250' title='bbox 0 0 2190 5912; x_wconf 95' lang='lat' dir='ltr'><strong> </strong></span> 
     </span>
    </p>
   </div>
  </div>
 </body>
</html>
