4372 5918
520 585 541 646 c
1044 557 1401 650 consrrrurro'nns

519 718 638 793 Arium
662 718 720 792 vel
745 741 767 792 a
791 719 949 796 Nestorio
971 722 1162 796 Nestoriani
1187 733 1249 798 aut
1273 747 1294 798 a
1321 723 1493 797 similibus
1511 721 1640 796 similos
1667 733 1929 820 nuncupentur,

519 843 583 918 sed
604 844 857 940 inexemplum
881 853 1071 944 martyrum
1089 847 1152 944 qui
1177 869 1239 944 pro
1261 847 1332 922 lide
1356 847 1522 922 catholica
1538 847 1705 945 martyria
1726 848 1927 937 subierunt,

519 970 704 1042 Patarenos
723 990 762 1042 se
778 969 959 1044 nominant
978 971 1075 1046 velut
1092 971 1268 1067 expositos
1295 970 1460 1068 passioni.
1481 971 1686 1066 liujnsmodi
1705 993 1788 1044 voro
1811 971 1927 1045 miseri

517 1091 674 1166 Patareni
691 1115 713 1166 a
730 1093 860 1188 quibus
879 1094 977 1168 abest
994 1103 1113 1170 sancta
1129 1095 1315 1170 credulitas
1331 1095 1503 1168 Trinitatis
1521 1103 1654 1186 emine,
1675 1095 1742 1168 sub
1756 1117 1827 1169 uno
1846 1116 1929 1167 oon·

455 1298 460 1304 ,
517 1225 616 1290 textu
646 1217 800 1312 nequitie
830 1217 970 1291 insimul
993 1229 1060 1294 tres
1088 1219 1285 1314 offendunt,
1303 1221 1415 1294 Deum
1432 1219 1609 1311 videlicet,
1631 1220 1811 1315 proximos
1831 1229 1866 1294 et
1889 1241 1929 1292 se

516 1341 610 1438 ipsos
623 1344 754 1414 :Deum
769 1364 848 1416 cum
858 1343 921 1416 Dei
937 1341 1043 1418 fidem
1057 1343 1209 1417 etlilium
1219 1366 1288 1419 non
1301 1351 1530 1440 cognoscunt3
1545 1341 1724 1440 decipiunt
1732 1343 1923 1440 proximos,

517 1465 603 1540 dum
621 1466 704 1561 ipsis
720 1467 788 1539 sub
804 1467 919 1563 specie
932 1468 1120 1565 spiritualis
1137 1468 1301 1542 alimonie
1318 1467 1468 1541 heretice
1482 1468 1660 1564 pravitatis
1676 1468 1924 1542 oblectamenta

516 1591 727 1684 ministrant3
748 1591 924 1664 crudelius
938 1593 1041 1666 etiam
1053 1593 1193 1668 seviunt
1203 1593 1240 1666 in
1254 1592 1400 1688 seipsos,
1417 1591 1503 1666 dum
1519 1601 1631 1689 preter
1644 1594 1838 1666 animarum
1852 1589 1925 1663 dis·

515 1715 682 1812 pendium
701 1735 845 1810 corpora
864 1714 1015 1810 denique
1031 1738 1113 1791 seve
1130 1717 1248 1792 mortis
1262 1715 1502 1813 illecebris(o)‚
1515 1738 1619 1811 quam
1638 1738 1699 1813 per
1713 1715 1922 1810 agnitionem

515 1861 632 1912 veram
652 1847 687 1910 et
704 1859 786 1911 vere
804 1837 885 1911 lidei
905 1837 1097 1914 firmitatem
1117 1840 1162 1938 (t)
1178 1851 1320 1938 possent
1334 1842 1501 1934 evadere,
1522 1841 1593 1914 vite
1615 1841 1760 1938 prodige
1776 1850 1811 1914 et
1828 1839 1924 1914 necis

515 1961 702 2058 improvidi
724 1971 909 2036 sectatores
926 1963 1127 2058 involvunt3
1153 1975 1189 2042 et
1205 1965 1301 2062 quod
1324 1975 1377 2040 est
1399 1967 1475 2063 ipso
1498 1964 1591 2040 dicto
1613 1964 1837 2039 durissimum
1852 1964 1920 2062 (c),

514 2086 712 2183 superstites
729 2083 832 2160 ctiam
853 2107 924 2162 non
939 2097 1108 2162 terrentur
1125 2091 1298 2186 exemplo.
1315 2091 1437 2164 Contra
1457 2091 1545 2163 tales
1562 2091 1678 2186 itaque
1695 2093 1779 2182 Deo,
1798 2090 1864 2164 sibi
1888 2098 1923 2162 et

513 2211 711 2286 hominibus
725 2212 776 2286 sic
793 2212 935 2286 infestos
951 2215 1123 2288 continere
1141 2235 1210 2287 non
1226 2236 1411 2312 possumus
1424 2223 1538 2288 motus
1555 2226 1688 2288 nostros
1703 2215 1789 2309 quin
1806 2213 1923 2288 debito

513 2335 654 2410 ultionis
676 2335 712 2408 in
731 2357 791 2409 eos
805 2337 960 2430 gladium
976 2360 1177 2430 exeramus,
1200 2347 1234 2413 et
1255 2348 1349 2413 muto
1364 2340 1458 2436 ipsos
1473 2361 1719 2434 persequamur
1737 2339 1922 2412 instantius

510 2459 945 2556 quantoinevidentiorem
956 2463 1207 2558 injuriamfidei
1218 2465 1919 2563 christiane,propcllomanamlicclesiam

509 2587 842 2683 quecaputaliarum
856 2588 1078 2662 ecclesiarum
1089 2589 1442 2684 omniumjodioator,
1451 2591 1703 2688 superstitionis
1715 2613 1779 2666 sue
1790 2592 1918 2666 scelera

509 2711 614 2786 latius
632 2733 793 2785 exercere
812 2721 1021 2807 noscuntur3
1040 2715 1129 2790 adeo
1143 2713 1241 2812 quod
1260 2716 1305 2789 ab
1323 2715 1418 2789 ltalie
1435 2714 1582 2806 linibus,
1601 2716 1777 2812 presertim
1796 2739 1817 2790 a
1837 2737 1919 2813 par-

508 2837 601 2910 tibus
628 2837 832 2912 lombardie
859 2837 896 2910 in
922 2839 1051 2934 quibus
1074 2861 1137 2937 pro
1163 2849 1254 2914 certo
1279 2839 1526 2936 perpendimus
1552 2841 1706 2936 ipsorum
1727 2841 1916 2937 nequitiam

506 2962 656 3058 amplius
680 2961 858 3036 abundare
882 2961 952 3060 (l),
970 2964 1043 3056 jam
1068 2986 1180 3060 usque
1202 2963 1248 3038 ad
1269 2987 1414 3060 regnum
1434 2975 1589 3040 nostrum
1612 2965 1728 3039 Sicilie
1748 2987 1812 3040 sue
1835 2988 1915 3062 per·

507 3083 589 3158 lidie
607 3087 738 3160 rivulos
754 3087 956 3161 derivarunt
973 3087 1034 3184 (d).
1057 3088 1158 3174 Quod
1174 3089 1433 3164 acerbissimum
1451 3100 1661 3186 reputantes,
1679 3093 1862 3165 statuimus
1879 3092 1916 3162 in

507 3211 626 3306 primis
648 3223 685 3284 ut
701 3213 829 3286 crimen
848 3212 1009 3286 hereseos
1023 3225 1059 3287 et
1080 3213 1243 3288 damnate
1261 3226 1353 3290 secte
1368 3216 1567 3309 cujuslibet,
1588 3237 1810 3312 quocumque
1830 3237 1917 3289 cen·

504 3347 645 3408 scantur
658 3337 797 3409 nomine
816 3346 1011 3430 secutores,
1032 3347 1134 3434 prout
1149 3339 1324 3412 veteribus
1344 3340 1479 3434 legibus
1501 3349 1553 3413 est
1568 3340 1738 3414 indictum
1751 3338 1810 3437 (a),
1827 3340 1917 3412 inter

502 3459 641 3553 publica
671 3459 815 3534 crimina
847 3471 1047 3534 numeretur
1077 3461 1139 3558 (s).
1172 3465 1299 3554 [lmmo
1326 3465 1469 3538 crimine
1493 3464 1563 3539 lese
1584 3465 1771 3558 majestatis
1797 3473 1913 3538 nostro

542 3687 582 3766 (o)
605 3688 774 3767 Simplicius
787 3691 820 3750 ln
835 3706 940 3770 graeco
957 3708 966 3752 a
980 3691 1081 3754 mortis
1089 3691 1238 3774 pericula.

541 3791 580 3872 (d)
604 3795 771 3872 Simplicius
783 3813 904 3874 quoquc
917 3800 949 3858 ln
962 3815 1068 3878 gracco
1090 3816 1098 3858 :
1112 3817 1168 3880 per
1181 3801 1359 3884 equitiomm
1370 3798 1544 3882 otrufidei.

540 3897 577 3977 (r)
606 3901 782 3979 ingramo:
798 3902 870 3983 αὐτῷ
892 3900 1019 3986 τῷλόγῳ
1042 3903 1196 3990 δεινότερον,
1209 3909 1328 3970 rectius.

539 4005 583 4088 (d)
603 4007 727 4070 Brevlus
748 4017 846 4072 numm
866 4014 898 4073 tn
919 4029 1023 4092 graeco
1039 4031 1047 4074 ε
1063 4012 1135 4076 adeo
1148 4013 1225 4092 qnod
1243 4035 1264 4077 a
1275 4015 1391 4096 finitur
1410 4014 1600 4079 homdordiae
1620 4035 1709 4100 ropac
1727 4017 1769 4080 od
1779 4024 1910 4082 cottmm

495 4129 617 4196 requam
631 4112 749 4176 Siciliae
760 4118 889 4196 ipsiorum
896 4118 1042 4200 perfidiae
1055 4119 1144 4184 mooli
1155 4120 1325 4188 marmot.

535 4218 573 4300 (e)
599 4223 654 4300 llp.
673 4223 795 4284 corconi
809 4223 979 4305 inductam,
991 4231 1090 4292 minus
1101 4235 1188 4292 recte.
1204 4229 1286 4292 Alos
1299 4247 1418 4310 quoqne
1430 4229 1608 4294 distinctum.

535 4326 583 4409 (f)
599 4329 648 4390 Sto
661 4346 699 4391 cx
714 4347 820 4412 gracco
834 4338 864 4394 et
875 4349 914 4395 cx
927 4351 1016 4397 sensu
1030 4336 1204 4420 legendum,
1219 4338 1287 4401 lieet
1299 4340 1331 4400 ln
1344 4339 1482 4402 omnibus
1496 4345 1697 4403 commentor.

529 4619 566 4773 (q)
584 4618 623 4678 ct.
643 4623 860 4683 constitutionem
881 4623 916 4684 dc
936 4624 989 4684 hac
1014 4641 1044 4686 re
1065 4643 1114 4704 pro
1139 4627 1302 4690 Lombmia
1324 4629 1435 4707 editam,
1458 4631 1584 4692 Canniao
1604 4633 1703 4693 martio
1724 4634 1809 4705 titt,
1845 4633 1903 4702 .1t,

491 4729 521 4790 p.
555 4719 662 4775 attan
