4372 5918
468 578 490 638 4
1000 572 1359 634 cousuluurlouns

470 713 609 807 qualem
631 710 780 807 quisque
802 711 995 800 fortunam,
1017 718 1161 801 sortem,
1179 718 1376 806 statumque
1391 707 1550 800 baberet,
1570 707 1666 780 velut
1683 716 1885 784 executores

471 833 729 932 quodammodo
748 833 868 907 divine
884 831 1105 907 Providentie
1119 833 1323 906 stabilirent.
1334 833 1384 904 lie
1401 853 1549 927 quorum
1566 832 1739 924 manibus,
1756 842 1796 904 ut
1813 833 1884 906 vil-

471 958 639 1033 licationis
655 958 723 1030 sibi
742 959 925 1030 commisse
941 958 1091 1054 perfecte
1107 958 1254 1032 reddere
1266 958 1406 1030 valcant
1423 957 1602 1048 rationem,
1617 979 1639 1030 a
1656 957 1749 1050 Rege
1761 979 1884 1053 regum

472 1093 506 1156 et
533 1082 693 1177 Principe
721 1081 917 1177 principum
947 1082 1012 1154 ista
1038 1081 1216 1178 potissime
1243 1082 1465 1175 requiruntur
1489 1089 1530 1152 nt
1560 1090 1810 1156 sacrosanctam
1834 1081 1884 1178 (a)

470 1207 674 1298 Ecclesiam,
690 1185 874 1278 christiane
890 1206 1066 1302 religionis
1082 1215 1238 1298 matrem,
1261 1205 1491 1279 detractorum
1507 1202 1590 1278 fidei
1606 1206 1771 1277 maculari
1788 1206 1884 1278 clan-

472 1332 617 1407 destinis
646 1329 801 1427 perfidiis
831 1352 901 1403 non
926 1331 1130 1426 permittant
1157 1340 1193 1404 et
1220 1341 1260 1403 ut
1284 1331 1394 1426 ipsam
1418 1329 1463 1402 ab
1486 1328 1635 1402 hostium
1667 1329 1882 1426 publicorum

471 1455 667 1528 incursibus
695 1453 804 1548 gladii
838 1453 1026 1528 materialis
1058 1455 1212 1552 potentia
1246 1463 1426 1542 tueantur,
1457 1463 1566 1548 utque
1599 1475 1720 1549 pacem
1746 1455 1884 1550 populis

471 1579 672 1674 eisdemque
689 1576 877 1674 pacificatis
891 1579 1160 1674 justitiamque
1175 1579 1273 1652 velut
1289 1578 1361 1652 due
1377 1599 1511 1652 sorores
1529 1599 1568 1651 se
1582 1577 1629 1650 ad
1643 1578 1791 1650 invicem
1808 1599 1883 1651 am-

471 1705 676 1800 plexantur,
698 1724 761 1799 pro
788 1724 889 1798 posse
915 1714 1131 1776 conservent.
1160 1705 1229 1777 Nos
1255 1705 1371 1800 itaque
1395 1724 1484 1798 qnos
1508 1701 1556 1776 ad
1580 1702 1715 1798 imperii
1738 1703 1882 1776 Romani

470 1828 607 1920 fastigia
633 1836 668 1901 et
683 1827 829 1900 aliorum
847 1847 1032 1920 regnorum
1050 1828 1200 1921 insignia
1223 1829 1296 1902 sole
1314 1827 1434 1900 divine
1451 1827 1605 1924 potentie
1627 1825 1750 1900 dextra
1769 1837 1883 1922 preter

469 1973 567 2048 spem
584 1949 764 2025 bominum
784 1951 1005 2043 sublimavit,
1022 1953 1177 2026 volentes
1195 1953 1369 2049 duplicata
1386 1953 1513 2025 talenta
1534 1951 1635 2025 nobis
1656 1951 1785 2026 credita
1802 1951 1883 2026 red·

470 2077 553 2152 dere
576 2078 647 2150 lieo
664 2075 762 2166 vivo,
790 2075 1076 2150 inreverentiam
1100 2077 1182 2150 Jesu
1205 2077 1349 2168 Christi,
1373 2098 1395 2149 a
1416 2097 1489 2171 quo
1516 2085 1639 2149 cuncta
1666 2077 1882 2172 suscepimus

469 2223 539 2296 que
557 2200 743 2292 babemus,
764 2199 909 2274 colendo
931 2201 1100 2293 justitiam
1119 2211 1154 2273 et
1176 2201 1256 2293 jura
1281 2199 1464 2274 condendo
1490 2212 1641 2273 mactare
1664 2199 1881 2295 disponimus

470 2324 620 2398 vitulum
635 2323 826 2407 labiorum;
853 2324 886 2396 ei
909 2325 997 2418 parti
1026 2335 1219 2397 nostrornm
1245 2325 1453 2419 regiminum
1480 2325 1639 2419 primitus
1660 2323 1882 2420 providentes

470 2446 593 2542 quein
617 2446 867 2542 presentiarum
887 2445 934 2543 (b)
961 2448 1158 2543 provisione
1176 2456 1289 2521 nostre
1316 2447 1405 2522 circa
1423 2448 1592 2540 justitiam
1608 2448 1721 2540 magis
1740 2448 1880 2543 dignos·

470 2575 559 2646 citur
580 2573 749 2665 indigere.
777 2573 862 2645 Cum
893 2573 998 2668 igitur
1023 2597 1170 2668 regnum
1195 2573 1331 2663 Sicilie,
1356 2583 1471 2648 nostre
1497 2575 1684 2668 majestatis
1708 2573 1881 2648 heredites
1924 2659 1929 2670 ¹

468 2697 630 2794 pretiosa,
646 2697 851 2793 plerumque
865 2707 1002 2793 propter
1017 2697 1283 2770 imbecillitatem
1300 2699 1399 2770 etatis
1415 2707 1544 2785 nostre,
1561 2697 1765 2794 plerumque
1777 2698 1881 2770 ctiam

470 2831 607 2917 propter
625 2822 816 2895 absentiam
834 2823 1247 2918 nostram,preteritarum
1263 2823 1560 2920 perturbationum
1576 2823 1773 2896 incursibus
1789 2823 1881 2896 exti-

469 2949 547 3020 terit
572 2947 739 3020 hsctenus
765 2947 981 3039 lacessitum3
1011 2947 1158 3043 dignum
1182 2951 1255 3022 lore
1280 2948 1497 3022 decrevimus
1520 2947 1631 3044 ipsius
1652 2947 1761 3042 quieti
1776 2957 1881 3042 atque

465 3070 597 3163 justitie
614 3091 749 3143 summo
767 3091 871 3166 opere
889 3071 1084 3166 providere,
1101 3070 1199 3166 quod
1217 3071 1264 3146 ad
1279 3082 1395 3145 nostre
1413 3073 1604 3146 serenitatis
1620 3071 1802 3166 obsequia,
1823 3093 1879 3146 ro·

469 3193 668 3266 sistentibus
683 3195 859 3290 aliquibus
876 3195 980 3268 etiam
993 3196 1054 3291 qui
1070 3217 1140 3268 non
1154 3195 1199 3268 de
1211 3195 1296 3270 ovili
1310 3197 1406 3291 regni
1424 3197 1545 3292 prelati
1559 3217 1623 3270 nec
1641 3195 1687 3270 de
1704 3205 1819 3270 nostro
1834 3195 1878 3294 (a)

469 3327 587 3410 erant,
608 3327 805 3417 promptum
828 3340 964 3414 semper
983 3319 1233 3398 invenimus.et
1253 3319 1429 3394 devotum.
1453 3321 1630 3394 Prosentcs
1648 3319 1755 3412 igitur
1773 3320 1878 3394 nostri

469 3443 615 3517 nominis
631 3443 824 3518 sanctiones
841 3445 877 3516 in
902 3467 1008 3541 regno
1026 3455 1144 3519 nostro
1165 3446 1282 3520 Sicilie
1298 3457 1431 3520 tantum
1450 3448 1613 3520 volumus
1630 3445 1786 3519 obtinere
1802 3443 1875 3543 (d);

466 3591 554 3663 quas
566 3570 706 3642 cassatis
720 3569 756 3641 in
772 3591 881 3663 regno
894 3569 1049 3665 predicto
1063 3572 1200 3666 legibus
1217 3582 1252 3644 et
1265 3571 1575 3646 consuetudinibus
1589 3570 1645 3642 bis
1661 3571 1785 3644 nostris
1795 3591 1878 3643 con·

466 3693 702 3766 stitutionibus
730 3692 1013 3784 adversantibus,
1047 3695 1147 3791 quasi
1166 3697 1237 3790 jam
1263 3693 1306 3792 (e)
1330 3695 1537 3790 antiquatis,
1565 3695 1808 3768 inviolabiliter
1833 3695 1878 3768 ab

466 3815 627 3889 omnibus
656 3817 692 3888 in
719 3817 875 3889 futurum
900 3817 1109 3914 precipimus
1136 3819 1326 3892 observari.
1347 3820 1385 3891 ln
1408 3841 1498 3914 quas
1519 3816 1744 3916 precedentes
1759 3839 1879 3894 omnes

509 4100 551 4180 (a)
573 4101 608 4161 ln
621 4102 744 4162 eaeterls
756 4101 875 4164 additur
889 4102 1062 4163 Ronmoam.

507 4219 549 4302 (l)
570 4223 628 4299 Ap.
645 4219 768 4282 Careanl
781 4222 814 4280 tn
822 4222 992 4302 pruentia,
1007 4224 1106 4284 minus
1119 4230 1207 4286 recte.

509 4339 548 4422 (c)
573 4340 632 4402 Nec
644 4337 679 4400 de
692 4345 791 4400 nostro
804 4341 836 4400 ln
848 4356 953 4420 macco
965 4341 1083 4402 desunt.

506 4458 552 4542 (d)
573 4459 609 4520 In
632 4475 737 4538 graeco
757 4461 907 4540 κρατῆσαι,
931 4477 1077 4541 reguum
1097 4462 1177 4522 unde
1196 4464 1285 4524 etlam
1307 4463 1439 4524 noscitur
1457 4459 1570 4541 uliqnld
1588 4461 1620 4524 lu
1643 4461 1733 4524 latlno
1756 4461 1875 4524 deesse:

468 4567 591 4630 forsitan
604 4581 727 4647 rogatum
739 4563 883 4640 oldam,
898 4571 935 4626 nt
947 4567 1052 4628 mellus
1065 4583 1170 4646 gracco
1182 4569 1365 4646 respondeat.

511 4689 548 4764 (e)
572 4685 736 4768 Quaatjam
748 4688 779 4747 ln
793 4686 887 4748 letlno
900 4687 1018 4749 desunt.
1033 4689 1079 4749 Ex
1094 4703 1199 4768 graeco
1220 4689 1374 4763 addimur,
1389 4705 1457 4752 cum
1471 4691 1532 4752 sint
1544 4690 1641 4752 sensui
1654 4689 1827 4750 necessarie.
