<?xml version="1.0" encoding="UTF-8"?>
<!DOCTYPE html PUBLIC "-//W3C//DTD XHTML 1.0 Transitional//EN"
    "http://www.w3.org/TR/xhtml1/DTD/xhtml1-transitional.dtd">
<html xmlns="http://www.w3.org/1999/xhtml" xml:lang="en" lang="en">
 <head>
  <title>
</title>
<meta http-equiv="Content-Type" content="text/html;charset=utf-8" />
  <meta name='ocr-system' content='tesseract 3.04.00' />
  <meta name='ocr-capabilities' content='ocr_page ocr_carea ocr_par ocr_line ocrx_word'/>
</head>
<body>
  <div class='ocr_page' id='page_1' title='image "./historiadiploma07fredgoog_0517.png"; bbox 0 0 4320 5918; ppageno 0'>
   <div class='ocr_carea' id='block_1_1' title="bbox 232 562 1644 656">
    <p class='ocr_par' dir='ltr' id='par_1_1' title="bbox 232 562 1644 656">
     <span class='ocr_line' id='line_1_1' title="bbox 232 562 1644 656; baseline -0.002 -21"><span class='ocrx_word' id='word_1_1' title='bbox 232 570 392 656; x_wconf 63' lang='lat' dir='ltr'>intend]</span> <span class='ocrx_word' id='word_1_2' title='bbox 681 562 878 625; x_wconf 77' lang='lat' dir='ltr'>HISTORIA</span> <span class='ocrx_word' id='word_1_3' title='bbox 906 562 1199 632; x_wconf 74' lang='lat' dir='ltr'>blrlodlulco.</span> <span class='ocrx_word' id='word_1_4' title='bbox 1583 569 1644 632; x_wconf 77' lang='lat'>505</span> 
     </span>
    </p>
   </div>
   <div class='ocr_carea' id='block_1_2' title="bbox 232 697 1658 4672">
    <p class='ocr_par' dir='ltr' id='par_1_2' title="bbox 232 697 1658 4672">
     <span class='ocr_line' id='line_1_2' title="bbox 232 697 1644 794; baseline 0 -18"><span class='ocrx_word' id='word_1_5' title='bbox 232 704 360 778; x_wconf 86' lang='lat' dir='ltr'>tiaram</span> <span class='ocrx_word' id='word_1_6' title='bbox 379 711 587 790; x_wconf 88' lang='lat' dir='ltr'>nostrarum,</span> <span class='ocrx_word' id='word_1_7' title='bbox 608 707 712 794; x_wconf 92' lang='lat' dir='ltr'>prout</span> <span class='ocrx_word' id='word_1_8' title='bbox 727 707 780 770; x_wconf 85' lang='lat' dir='ltr'>est</span> <span class='ocrx_word' id='word_1_9' title='bbox 792 697 882 788; x_wconf 85' lang='lat' dir='ltr'>juris</span> <span class='ocrx_word' id='word_1_10' title='bbox 896 707 929 770; x_wconf 90' lang='lat' dir='ltr'>et</span> <span class='ocrx_word' id='word_1_11' title='bbox 946 700 1069 784; x_wconf 89' lang='lat' dir='ltr'>moris,</span> <span class='ocrx_word' id='word_1_12' title='bbox 1095 701 1330 794; x_wconf 89' lang='lat' dir='ltr'>prenominate</span> <span class='ocrx_word' id='word_1_13' title='bbox 1345 701 1486 776; x_wconf 91' lang='lat' dir='ltr'>domine</span> <span class='ocrx_word' id='word_1_14' title='bbox 1502 701 1644 776; x_wconf 88' lang='lat' dir='ltr'>isabelle</span> 
     </span>
     <span class='ocr_line' id='line_1_3' title="bbox 233 821 1643 920; baseline -0.001 -20"><span class='ocrx_word' id='word_1_15' title='bbox 233 831 350 902; x_wconf 90' lang='lat' dir='ltr'>lntnre</span> <span class='ocrx_word' id='word_1_16' title='bbox 368 827 472 900; x_wconf 86' lang='lat' dir='ltr'>uxori</span> <span class='ocrx_word' id='word_1_17' title='bbox 490 833 606 898; x_wconf 73' lang='lat' dir='ltr'>nosue</span> <span class='ocrx_word' id='word_1_18' title='bbox 628 821 860 919; x_wconf 76' lang='lat' dir='ltr'><strong>promittimus</strong></span> <span class='ocrx_word' id='word_1_19' title='bbox 880 822 1072 916; x_wconf 77' lang='lat' dir='ltr'>specialiter</span> <span class='ocrx_word' id='word_1_20' title='bbox 1092 824 1269 920; x_wconf 79' lang='lat' dir='ltr'>assignare</span> <span class='ocrx_word' id='word_1_21' title='bbox 1282 835 1317 898; x_wconf 92' lang='lat' dir='ltr'>et</span> <span class='ocrx_word' id='word_1_22' title='bbox 1335 825 1555 920; x_wconf 76' lang='lat' dir='ltr'>privilegium</span> <span class='ocrx_word' id='word_1_23' title='bbox 1576 825 1643 900; x_wconf 93' lang='lat' dir='ltr'>sibi</span> 
     </span>
     <span class='ocr_line' id='line_1_4' title="bbox 234 945 1646 1045; baseline -0.002 -18"><span class='ocrx_word' id='word_1_24' title='bbox 234 952 364 1028; x_wconf 82' lang='lat' dir='ltr'>exinde</span> <span class='ocrx_word' id='word_1_25' title='bbox 388 952 517 1040; x_wconf 84' lang='lat' dir='ltr'>iacere,</span> <span class='ocrx_word' id='word_1_26' title='bbox 535 945 699 1044; x_wconf 82' lang='lat' dir='ltr'>pendenti</span> <span class='ocrx_word' id='word_1_27' title='bbox 723 945 818 1034; x_wconf 82' lang='lat' dir='ltr'>bulla</span> <span class='ocrx_word' id='word_1_28' title='bbox 840 966 946 1020; x_wconf 88' lang='lat' dir='ltr'>aurea</span> <span class='ocrx_word' id='word_1_29' title='bbox 969 948 1217 1023; x_wconf 90' lang='lat' dir='ltr'>communitum</span> <span class='ocrx_word' id='word_1_30' title='bbox 1234 948 1368 1045; x_wconf 75' lang='lat' dir='ltr'>typario</span> <span class='ocrx_word' id='word_1_31' title='bbox 1385 957 1500 1022; x_wconf 84' lang='lat' dir='ltr'>nostre</span> <span class='ocrx_word' id='word_1_32' title='bbox 1519 953 1646 1044; x_wconf 86' lang='lat' dir='ltr'>majos-</span> 
     </span>
     <span class='ocr_line' id='line_1_5' title="bbox 235 1069 1647 1172; baseline -0.001 -23"><span class='ocrx_word' id='word_1_33' title='bbox 235 1076 314 1150; x_wconf 91' lang='lat' dir='ltr'>tatis</span> <span class='ocrx_word' id='word_1_34' title='bbox 335 1076 513 1172; x_wconf 87' lang='lat' dir='ltr'>impressa.</span> <span class='ocrx_word' id='word_1_35' title='bbox 532 1070 723 1146; x_wconf 87' lang='lat' dir='ltr'>Plenariam</span> <span class='ocrx_word' id='word_1_36' title='bbox 741 1069 845 1145; x_wconf 90' lang='lat' dir='ltr'>otiam</span> <span class='ocrx_word' id='word_1_37' title='bbox 857 1069 1033 1166; x_wconf 90' lang='lat' dir='ltr'>sepedicto</span> <span class='ocrx_word' id='word_1_38' title='bbox 1044 1070 1157 1164; x_wconf 87' lang='lat' dir='ltr'>judici</span> <span class='ocrx_word' id='word_1_39' title='bbox 1174 1072 1383 1146; x_wconf 87' lang='lat' dir='ltr'>contulimus</span> <span class='ocrx_word' id='word_1_40' title='bbox 1398 1081 1597 1168; x_wconf 91' lang='lat' dir='ltr'>potestatem</span> <span class='ocrx_word' id='word_1_41' title='bbox 1611 1087 1647 1148; x_wconf 91' lang='lat' dir='ltr'>et</span> 
     </span>
     <span class='ocr_line' id='line_1_6' title="bbox 235 1193 1645 1298; baseline -0.001 -25"><span class='ocrx_word' id='word_1_42' title='bbox 235 1200 384 1298; x_wconf 86' lang='lat' dir='ltr'>speciale</span> <span class='ocrx_word' id='word_1_43' title='bbox 402 1197 606 1272; x_wconf 90' lang='lat' dir='ltr'>mandatnm</span> <span class='ocrx_word' id='word_1_44' title='bbox 626 1195 672 1268; x_wconf 90' lang='lat' dir='ltr'>de</span> <span class='ocrx_word' id='word_1_45' title='bbox 687 1193 829 1268; x_wconf 90' lang='lat' dir='ltr'>dotibus</span> <span class='ocrx_word' id='word_1_46' title='bbox 848 1194 949 1268; x_wconf 92' lang='lat' dir='ltr'>nobis</span> <span class='ocrx_word' id='word_1_47' title='bbox 964 1193 1089 1270; x_wconf 91' lang='lat' dir='ltr'>dandis</span> <span class='ocrx_word' id='word_1_48' title='bbox 1110 1219 1173 1292; x_wconf 93' lang='lat' dir='ltr'>pro</span> <span class='ocrx_word' id='word_1_49' title='bbox 1191 1197 1331 1271; x_wconf 90' lang='lat' dir='ltr'>domina</span> <span class='ocrx_word' id='word_1_50' title='bbox 1349 1199 1547 1294; x_wconf 87' lang='lat' dir='ltr'>supradicte</span> <span class='ocrx_word' id='word_1_51' title='bbox 1566 1221 1645 1272; x_wconf 88' lang='lat' dir='ltr'>cnm</span> 
     </span>
     <span class='ocr_line' id='line_1_7' title="bbox 235 1318 1646 1420; baseline -0.003 -22"><span class='ocrx_word' id='word_1_52' title='bbox 235 1345 318 1417; x_wconf 78' lang='lat' dir='ltr'>rege</span> <span class='ocrx_word' id='word_1_53' title='bbox 334 1323 465 1420; x_wconf 86' lang='lat' dir='ltr'>prelato</span> <span class='ocrx_word' id='word_1_54' title='bbox 478 1330 579 1418; x_wconf 87' lang='lat' dir='ltr'>pacta</span> <span class='ocrx_word' id='word_1_55' title='bbox 594 1329 629 1394; x_wconf 90' lang='lat' dir='ltr'>et</span> <span class='ocrx_word' id='word_1_56' title='bbox 651 1318 897 1392; x_wconf 82' lang='lat' dir='ltr'>conventiones</span> <span class='ocrx_word' id='word_1_57' title='bbox 915 1318 1002 1391; x_wconf 88' lang='lat' dir='ltr'>inire</span> <span class='ocrx_word' id='word_1_58' title='bbox 1018 1320 1075 1394; x_wconf 88' lang='lat' dir='ltr'>vel</span> <span class='ocrx_word' id='word_1_59' title='bbox 1095 1331 1274 1418; x_wconf 86' lang='lat' dir='ltr'>acceptare</span> <span class='ocrx_word' id='word_1_60' title='bbox 1294 1321 1556 1394; x_wconf 85' lang='lat' dir='ltr'>conventionem</span> <span class='ocrx_word' id='word_1_61' title='bbox 1576 1323 1646 1418; x_wconf 93' lang='lat' dir='ltr'>pri·</span> 
     </span>
     <span class='ocr_line' id='line_1_8' title="bbox 237 1441 1647 1542; baseline 0 -22"><span class='ocrx_word' id='word_1_62' title='bbox 237 1469 327 1522; x_wconf 90' lang='lat' dir='ltr'>mam</span> <span class='ocrx_word' id='word_1_63' title='bbox 355 1468 425 1542; x_wconf 90' lang='lat' dir='ltr'>que</span> <span class='ocrx_word' id='word_1_64' title='bbox 449 1467 512 1541; x_wconf 90' lang='lat' dir='ltr'>per</span> <span class='ocrx_word' id='word_1_65' title='bbox 527 1447 664 1518; x_wconf 80' lang='lat' dir='ltr'>fratrem</span> <span class='ocrx_word' id='word_1_66' title='bbox 681 1442 723 1516; x_wconf 88' lang='lat' dir='ltr'>G.</span> <span class='ocrx_word' id='word_1_67' title='bbox 742 1441 788 1517; x_wconf 91' lang='lat' dir='ltr'>do</span> <span class='ocrx_word' id='word_1_68' title='bbox 804 1443 900 1516; x_wconf 83' lang='lat' dir='ltr'>blerlr</span> <span class='ocrx_word' id='word_1_69' title='bbox 917 1451 953 1532; x_wconf 86' lang='lat' dir='ltr'>et</span> <span class='ocrx_word' id='word_1_70' title='bbox 969 1443 1130 1520; x_wconf 90' lang='lat' dir='ltr'>eumdem</span> <span class='ocrx_word' id='word_1_71' title='bbox 1145 1446 1320 1540; x_wconf 88' lang='lat' dir='ltr'>jndicem,</span> <span class='ocrx_word' id='word_1_72' title='bbox 1341 1446 1478 1520; x_wconf 94' lang='lat' dir='ltr'>dudnm</span> <span class='ocrx_word' id='word_1_73' title='bbox 1502 1448 1647 1522; x_wconf 83' lang='lat' dir='ltr'>nuncios</span> 
     </span>
     <span class='ocr_line' id='line_1_9' title="bbox 236 1565 1648 1667; baseline -0.003 -21"><span class='ocrx_word' id='word_1_74' title='bbox 236 1582 369 1646; x_wconf 86' lang='lat' dir='ltr'>nostros</span> <span class='ocrx_word' id='word_1_75' title='bbox 384 1571 430 1646; x_wconf 92' lang='lat' dir='ltr'>ad</span> <span class='ocrx_word' id='word_1_76' title='bbox 449 1571 517 1644; x_wconf 88' lang='lat' dir='ltr'>boo</span> <span class='ocrx_word' id='word_1_77' title='bbox 534 1567 729 1666; x_wconf 84' lang='lat' dir='ltr'>specialiter</span> <span class='ocrx_word' id='word_1_78' title='bbox 746 1565 954 1660; x_wconf 86' lang='lat' dir='ltr'>destinatos,</span> <span class='ocrx_word' id='word_1_79' title='bbox 975 1590 1055 1642; x_wconf 90' lang='lat' dir='ltr'>cum</span> <span class='ocrx_word' id='word_1_80' title='bbox 1070 1591 1153 1665; x_wconf 80' lang='lat' dir='ltr'>rege</span> <span class='ocrx_word' id='word_1_81' title='bbox 1166 1571 1298 1666; x_wconf 89' lang='lat' dir='ltr'>prelato</span> <span class='ocrx_word' id='word_1_82' title='bbox 1314 1569 1398 1642; x_wconf 90' lang='lat' dir='ltr'>inita</span> <span class='ocrx_word' id='word_1_83' title='bbox 1417 1571 1529 1644; x_wconf 84' lang='lat' dir='ltr'>iuerat</span> <span class='ocrx_word' id='word_1_84' title='bbox 1546 1568 1597 1667; x_wconf 84' lang='lat' dir='ltr'>(o)</span> <span class='ocrx_word' id='word_1_85' title='bbox 1613 1581 1648 1646; x_wconf 90' lang='lat' dir='ltr'>et</span> 
     </span>
     <span class='ocr_line' id='line_1_10' title="bbox 239 1689 1646 1791; baseline 0 -23"><span class='ocrx_word' id='word_1_86' title='bbox 239 1717 299 1791; x_wconf 93' lang='lat' dir='ltr'>per</span> <span class='ocrx_word' id='word_1_87' title='bbox 316 1704 466 1768; x_wconf 87' lang='lat' dir='ltr'>nostram</span> <span class='ocrx_word' id='word_1_88' title='bbox 490 1692 730 1767; x_wconf 86' lang='lat' dir='ltr'>celsitudinem</span> <span class='ocrx_word' id='word_1_89' title='bbox 748 1689 968 1782; x_wconf 84' lang='lat' dir='ltr'>confirmata,</span> <span class='ocrx_word' id='word_1_90' title='bbox 994 1695 1050 1768; x_wconf 85' lang='lat' dir='ltr'>vel</span> <span class='ocrx_word' id='word_1_91' title='bbox 1074 1705 1113 1768; x_wconf 92' lang='lat' dir='ltr'>nt</span> <span class='ocrx_word' id='word_1_92' title='bbox 1129 1694 1360 1769; x_wconf 83' lang='lat' dir='ltr'>intercedente</span> <span class='ocrx_word' id='word_1_93' title='bbox 1371 1696 1567 1770; x_wconf 26' lang='lat' dir='ltr'>,novatione</span> <span class='ocrx_word' id='word_1_94' title='bbox 1584 1719 1646 1768; x_wconf 90' lang='lat' dir='ltr'>so-</span> 
     </span>
     <span class='ocr_line' id='line_1_11' title="bbox 239 1817 1646 1916; baseline 0.001 -24"><span class='ocrx_word' id='word_1_95' title='bbox 239 1821 365 1916; x_wconf 85' lang='lat' dir='ltr'>lempni</span> <span class='ocrx_word' id='word_1_96' title='bbox 384 1819 528 1915; x_wconf 87' lang='lat' dir='ltr'>pristina</span> <span class='ocrx_word' id='word_1_97' title='bbox 543 1817 707 1912; x_wconf 80' lang='lat' dir='ltr'>obligatio</span> <span class='ocrx_word' id='word_1_98' title='bbox 726 1817 940 1913; x_wconf 86' lang='lat' dir='ltr'>perimatur:</span> <span class='ocrx_word' id='word_1_99' title='bbox 962 1827 1002 1890; x_wconf 90' lang='lat' dir='ltr'>ut</span> <span class='ocrx_word' id='word_1_100' title='bbox 1018 1829 1132 1893; x_wconf 73' lang='lat' dir='ltr'>mmen</span> <span class='ocrx_word' id='word_1_101' title='bbox 1157 1841 1226 1893; x_wconf 94' lang='lat' dir='ltr'>non</span> <span class='ocrx_word' id='word_1_102' title='bbox 1250 1819 1294 1892; x_wconf 91' lang='lat' dir='ltr'>sit</span> <span class='ocrx_word' id='word_1_103' title='bbox 1316 1819 1439 1893; x_wconf 92' lang='lat' dir='ltr'>minori</span> <span class='ocrx_word' id='word_1_104' title='bbox 1455 1821 1646 1916; x_wconf 86' lang='lat' dir='ltr'>quantitate</span> 
     </span>
     <span class='ocr_line' id='line_1_12' title="bbox 240 1941 1647 2041; baseline -0.001 -21"><span class='ocrx_word' id='word_1_105' title='bbox 240 1954 419 2020; x_wconf 88' lang='lat' dir='ltr'>contentus</span> <span class='ocrx_word' id='word_1_106' title='bbox 436 1945 472 2016; x_wconf 95' lang='lat' dir='ltr'>in</span> <span class='ocrx_word' id='word_1_107' title='bbox 491 1942 718 2041; x_wconf 89' lang='lat' dir='ltr'>promissione</span> <span class='ocrx_word' id='word_1_108' title='bbox 729 1941 861 2016; x_wconf 93' lang='lat' dir='ltr'>dotium</span> <span class='ocrx_word' id='word_1_109' title='bbox 875 1941 1106 2038; x_wconf 77' lang='lat' dir='ltr'>pmdiotarum</span> <span class='ocrx_word' id='word_1_110' title='bbox 1120 1965 1224 2039; x_wconf 91' lang='lat' dir='ltr'>quam</span> <span class='ocrx_word' id='word_1_111' title='bbox 1239 1945 1377 2038; x_wconf 81' lang='lat' dir='ltr'>triginta</span> <span class='ocrx_word' id='word_1_112' title='bbox 1391 1945 1537 2018; x_wconf 92' lang='lat' dir='ltr'>millium</span> <span class='ocrx_word' id='word_1_113' title='bbox 1548 1969 1647 2021; x_wconf 88' lang='lat' dir='ltr'>mar-</span> 
     </span>
     <span class='ocr_line' id='line_1_13' title="bbox 241 2066 1648 2168; baseline 0.002 -25"><span class='ocrx_word' id='word_1_114' title='bbox 241 2091 358 2143; x_wconf 91' lang='lat' dir='ltr'>carum</span> <span class='ocrx_word' id='word_1_115' title='bbox 380 2069 513 2164; x_wconf 78' lang='lat' dir='ltr'>argenti</span> <span class='ocrx_word' id='word_1_116' title='bbox 540 2067 787 2141; x_wconf 87' lang='lat' dir='ltr'>solvendarum</span> <span class='ocrx_word' id='word_1_117' title='bbox 808 2066 909 2141; x_wconf 90' lang='lat' dir='ltr'>nobis</span> <span class='ocrx_word' id='word_1_118' title='bbox 928 2078 989 2140; x_wconf 87' lang='lat' dir='ltr'>aut</span> <span class='ocrx_word' id='word_1_119' title='bbox 1008 2069 1109 2142; x_wconf 88' lang='lat' dir='ltr'>certis</span> <span class='ocrx_word' id='word_1_120' title='bbox 1133 2069 1263 2142; x_wconf 89' lang='lat' dir='ltr'>nuntiis</span> <span class='ocrx_word' id='word_1_121' title='bbox 1289 2070 1414 2144; x_wconf 88' lang='lat' dir='ltr'>nostris</span> <span class='ocrx_word' id='word_1_122' title='bbox 1432 2093 1495 2168; x_wconf 91' lang='lat' dir='ltr'>per</span> <span class='ocrx_word' id='word_1_123' title='bbox 1517 2072 1595 2146; x_wconf 87' lang='lat' dir='ltr'>loca</span> <span class='ocrx_word' id='word_1_124' title='bbox 1613 2084 1648 2146; x_wconf 91' lang='lat' dir='ltr'>et</span> 
     </span>
     <span class='ocr_line' id='line_1_14' title="bbox 241 2191 1644 2292; baseline 0.001 -24"><span class='ocrx_word' id='word_1_125' title='bbox 241 2193 420 2283; x_wconf 86' lang='lat' dir='ltr'>terminos,</span> <span class='ocrx_word' id='word_1_126' title='bbox 440 2200 542 2290; x_wconf 90' lang='lat' dir='ltr'>prout</span> <span class='ocrx_word' id='word_1_127' title='bbox 559 2191 818 2288; x_wconf 88' lang='lat' dir='ltr'>prenominatus</span> <span class='ocrx_word' id='word_1_128' title='bbox 830 2191 941 2286; x_wconf 84' lang='lat' dir='ltr'>judex</span> <span class='ocrx_word' id='word_1_129' title='bbox 959 2193 1098 2267; x_wconf 85' lang='lat' dir='ltr'>duxerit</span> <span class='ocrx_word' id='word_1_130' title='bbox 1117 2192 1352 2266; x_wconf 86' lang='lat' dir='ltr'>statuendum.</span> <span class='ocrx_word' id='word_1_131' title='bbox 1373 2196 1483 2291; x_wconf 88' lang='lat' dir='ltr'>Super</span> <span class='ocrx_word' id='word_1_132' title='bbox 1498 2196 1644 2292; x_wconf 77' lang='lat' dir='ltr'>qnibm,</span> 
     </span>
     <span class='ocr_line' id='line_1_15' title="bbox 243 2315 1647 2414; baseline 0.001 -22"><span class='ocrx_word' id='word_1_133' title='bbox 243 2317 402 2392; x_wconf 88' lang='lat' dir='ltr'>videlicet</span> <span class='ocrx_word' id='word_1_134' title='bbox 419 2317 464 2390; x_wconf 90' lang='lat' dir='ltr'>de</span> <span class='ocrx_word' id='word_1_135' title='bbox 485 2316 570 2390; x_wconf 86' lang='lat' dir='ltr'>loeis</span> <span class='ocrx_word' id='word_1_136' title='bbox 590 2323 626 2389; x_wconf 88' lang='lat' dir='ltr'>et</span> <span class='ocrx_word' id='word_1_137' title='bbox 643 2315 796 2390; x_wconf 83' lang='lat' dir='ltr'>terminis</span> <span class='ocrx_word' id='word_1_138' title='bbox 818 2317 1010 2391; x_wconf 86' lang='lat' dir='ltr'>statuendis</span> <span class='ocrx_word' id='word_1_139' title='bbox 1031 2339 1134 2414; x_wconf 92' lang='lat' dir='ltr'>super</span> <span class='ocrx_word' id='word_1_140' title='bbox 1152 2319 1322 2392; x_wconf 89' lang='lat' dir='ltr'>solutione</span> <span class='ocrx_word' id='word_1_141' title='bbox 1339 2318 1496 2392; x_wconf 84' lang='lat' dir='ltr'>iacienda</span> <span class='ocrx_word' id='word_1_142' title='bbox 1514 2319 1647 2394; x_wconf 92' lang='lat' dir='ltr'>dotium</span> 
     </span>
     <span class='ocr_line' id='line_1_16' title="bbox 242 2441 1649 2540; baseline 0.003 -24"><span class='ocrx_word' id='word_1_143' title='bbox 242 2466 311 2540; x_wconf 88' lang='lat' dir='ltr'>quo</span> <span class='ocrx_word' id='word_1_144' title='bbox 336 2443 383 2516; x_wconf 88' lang='lat' dir='ltr'>ad</span> <span class='ocrx_word' id='word_1_145' title='bbox 407 2441 614 2516; x_wconf 89' lang='lat' dir='ltr'>solvendum</span> <span class='ocrx_word' id='word_1_146' title='bbox 641 2441 886 2533; x_wconf 87' lang='lat' dir='ltr'>remanserint,</span> <span class='ocrx_word' id='word_1_147' title='bbox 910 2449 945 2514; x_wconf 91' lang='lat' dir='ltr'>et</span> <span class='ocrx_word' id='word_1_148' title='bbox 966 2442 1012 2517; x_wconf 91' lang='lat' dir='ltr'>de</span> <span class='ocrx_word' id='word_1_149' title='bbox 1033 2441 1242 2540; x_wconf 87' lang='lat' dir='ltr'>recipiendis</span> <span class='ocrx_word' id='word_1_150' title='bbox 1264 2443 1408 2538; x_wconf 90' lang='lat' dir='ltr'>proinde</span> <span class='ocrx_word' id='word_1_151' title='bbox 1428 2443 1649 2520; x_wconf 89' lang='lat' dir='ltr'>cautionibus</span> 
     </span>
     <span class='ocr_line' id='line_1_17' title="bbox 242 2566 1648 2666; baseline 0.001 -24"><span class='ocrx_word' id='word_1_152' title='bbox 242 2590 329 2666; x_wconf 86' lang='lat' dir='ltr'>quas</span> <span class='ocrx_word' id='word_1_153' title='bbox 355 2568 563 2641; x_wconf 88' lang='lat' dir='ltr'>sufficientes</span> <span class='ocrx_word' id='word_1_154' title='bbox 589 2566 693 2640; x_wconf 91' lang='lat' dir='ltr'>nobis</span> <span class='ocrx_word' id='word_1_155' title='bbox 713 2567 808 2640; x_wconf 95' lang='lat' dir='ltr'>idem</span> <span class='ocrx_word' id='word_1_156' title='bbox 835 2567 949 2662; x_wconf 83' lang='lat' dir='ltr'>judex</span> <span class='ocrx_word' id='word_1_157' title='bbox 971 2579 1007 2642; x_wconf 90' lang='lat' dir='ltr'>et</span> <span class='ocrx_word' id='word_1_158' title='bbox 1030 2569 1173 2643; x_wconf 87' lang='lat' dir='ltr'>idoneas</span> <span class='ocrx_word' id='word_1_159' title='bbox 1200 2569 1389 2665; x_wconf 90' lang='lat' dir='ltr'>reputabit,</span> <span class='ocrx_word' id='word_1_160' title='bbox 1417 2571 1483 2642; x_wconf 90' lang='lat' dir='ltr'>sibi</span> <span class='ocrx_word' id='word_1_161' title='bbox 1513 2573 1648 2664; x_wconf 87' lang='lat' dir='ltr'>plenam</span> 
     </span>
     <span class='ocr_line' id='line_1_18' title="bbox 243 2691 1650 2792; baseline 0.001 -24"><span class='ocrx_word' id='word_1_162' title='bbox 243 2694 477 2768; x_wconf 85' lang='lat' dir='ltr'>auctoritatem</span> <span class='ocrx_word' id='word_1_163' title='bbox 499 2693 706 2766; x_wconf 89' lang='lat' dir='ltr'>contulimus</span> <span class='ocrx_word' id='word_1_164' title='bbox 740 2703 776 2766; x_wconf 91' lang='lat' dir='ltr'>et</span> <span class='ocrx_word' id='word_1_165' title='bbox 797 2693 946 2790; x_wconf 89' lang='lat' dir='ltr'>speciale</span> <span class='ocrx_word' id='word_1_166' title='bbox 975 2691 1189 2766; x_wconf 87' lang='lat' dir='ltr'>mandatum.</span> <span class='ocrx_word' id='word_1_167' title='bbox 1216 2691 1306 2766; x_wconf 95' lang='lat' dir='ltr'>lllud</span> <span class='ocrx_word' id='word_1_168' title='bbox 1334 2693 1436 2766; x_wconf 87' lang='lat' dir='ltr'>etiam</span> <span class='ocrx_word' id='word_1_169' title='bbox 1466 2694 1562 2790; x_wconf 92' lang='lat' dir='ltr'>qnod</span> <span class='ocrx_word' id='word_1_170' title='bbox 1588 2718 1650 2792; x_wconf 92' lang='lat' dir='ltr'>pre</span> 
     </span>
     <span class='ocr_line' id='line_1_19' title="bbox 243 2816 1650 2916; baseline 0.001 -24"><span class='ocrx_word' id='word_1_171' title='bbox 243 2817 403 2892; x_wconf 90' lang='lat' dir='ltr'>manibus</span> <span class='ocrx_word' id='word_1_172' title='bbox 422 2819 459 2890; x_wconf 95' lang='lat' dir='ltr'>in</span> <span class='ocrx_word' id='word_1_173' title='bbox 475 2818 627 2892; x_wconf 88' lang='lat' dir='ltr'>adventu</span> <span class='ocrx_word' id='word_1_174' title='bbox 646 2816 786 2891; x_wconf 92' lang='lat' dir='ltr'>domine</span> <span class='ocrx_word' id='word_1_175' title='bbox 812 2819 1009 2916; x_wconf 88' lang='lat' dir='ltr'>supradicte</span> <span class='ocrx_word' id='word_1_176' title='bbox 1030 2821 1144 2893; x_wconf 84' lang='lat' dir='ltr'>future</span> <span class='ocrx_word' id='word_1_177' title='bbox 1166 2819 1287 2892; x_wconf 87' lang='lat' dir='ltr'>uxoris</span> <span class='ocrx_word' id='word_1_178' title='bbox 1307 2831 1421 2892; x_wconf 90' lang='lat' dir='ltr'>nostre</span> <span class='ocrx_word' id='word_1_179' title='bbox 1444 2820 1650 2894; x_wconf 89' lang='lat' dir='ltr'>solvendum</span> 
     </span>
     <span class='ocr_line' id='line_1_20' title="bbox 244 2942 1651 3042; baseline 0.001 -25"><span class='ocrx_word' id='word_1_180' title='bbox 244 2944 320 3036; x_wconf 89' lang='lat' dir='ltr'>erit,</span> <span class='ocrx_word' id='word_1_181' title='bbox 340 2943 452 3017; x_wconf 91' lang='lat' dir='ltr'>eidem</span> <span class='ocrx_word' id='word_1_182' title='bbox 465 2942 578 3036; x_wconf 87' lang='lat' dir='ltr'>judici</span> <span class='ocrx_word' id='word_1_183' title='bbox 595 2943 756 3017; x_wconf 88' lang='lat' dir='ltr'>volumus</span> <span class='ocrx_word' id='word_1_184' title='bbox 774 2943 954 3038; x_wconf 79' lang='lat' dir='ltr'>assignari,</span> <span class='ocrx_word' id='word_1_185' title='bbox 974 2945 1020 3017; x_wconf 90' lang='lat' dir='ltr'>ad</span> <span class='ocrx_word' id='word_1_186' title='bbox 1038 2965 1112 3038; x_wconf 90' lang='lat' dir='ltr'>nos,</span> <span class='ocrx_word' id='word_1_187' title='bbox 1132 2943 1288 3017; x_wconf 89' lang='lat' dir='ltr'>deductis</span> <span class='ocrx_word' id='word_1_188' title='bbox 1305 2944 1468 3040; x_wconf 84' lang='lat' dir='ltr'>expensis</span> <span class='ocrx_word' id='word_1_189' title='bbox 1483 2967 1570 3040; x_wconf 89' lang='lat' dir='ltr'>quas</span> <span class='ocrx_word' id='word_1_190' title='bbox 1588 2969 1651 3042; x_wconf 93' lang='lat' dir='ltr'>pro</span> 
     </span>
     <span class='ocr_line' id='line_1_21' title="bbox 246 3065 1651 3165; baseline 0.001 -23"><span class='ocrx_word' id='word_1_191' title='bbox 246 3069 384 3143; x_wconf 89' lang='lat' dir='ltr'>domina</span> <span class='ocrx_word' id='word_1_192' title='bbox 411 3067 609 3164; x_wconf 87' lang='lat' dir='ltr'>supradicta</span> <span class='ocrx_word' id='word_1_193' title='bbox 636 3065 813 3142; x_wconf 87' lang='lat' dir='ltr'>iaciendas</span> <span class='ocrx_word' id='word_1_194' title='bbox 833 3067 973 3161; x_wconf 88' lang='lat' dir='ltr'>viderit,</span> <span class='ocrx_word' id='word_1_195' title='bbox 992 3067 1230 3143; x_wconf 79' lang='lat' dir='ltr'>deserendum.</span> <span class='ocrx_word' id='word_1_196' title='bbox 1247 3070 1359 3165; x_wconf 91' lang='lat' dir='ltr'>Super</span> <span class='ocrx_word' id='word_1_197' title='bbox 1384 3068 1525 3143; x_wconf 88' lang='lat' dir='ltr'>dotibus</span> <span class='ocrx_word' id='word_1_198' title='bbox 1547 3073 1651 3144; x_wconf 88' lang='lat' dir='ltr'>etiam</span> 
     </span>
     <span class='ocr_line' id='line_1_22' title="bbox 246 3193 1654 3291; baseline 0.004 -23"><span class='ocrx_word' id='word_1_199' title='bbox 246 3193 498 3268; x_wconf 84' lang='lat' dir='ltr'>restituendisa</span> <span class='ocrx_word' id='word_1_200' title='bbox 514 3195 769 3268; x_wconf 85' lang='lat' dir='ltr'>successoribus</span> <span class='ocrx_word' id='word_1_201' title='bbox 784 3195 921 3288; x_wconf 87' lang='lat' dir='ltr'>nostris,</span> <span class='ocrx_word' id='word_1_202' title='bbox 938 3197 966 3267; x_wconf 91' lang='lat' dir='ltr'>si</span> <span class='ocrx_word' id='word_1_203' title='bbox 987 3217 1089 3269; x_wconf 89' lang='lat' dir='ltr'>casus</span> <span class='ocrx_word' id='word_1_204' title='bbox 1109 3195 1272 3270; x_wconf 87' lang='lat' dir='ltr'>acciderit</span> <span class='ocrx_word' id='word_1_205' title='bbox 1287 3195 1382 3291; x_wconf 91' lang='lat' dir='ltr'>qnod</span> <span class='ocrx_word' id='word_1_206' title='bbox 1400 3219 1466 3272; x_wconf 92' lang='lat' dir='ltr'>nos</span> <span class='ocrx_word' id='word_1_207' title='bbox 1484 3199 1654 3273; x_wconf 89' lang='lat' dir='ltr'>antedicto</span> 
     </span>
     <span class='ocr_line' id='line_1_23' title="bbox 247 3321 1653 3418; baseline 0.007 -27"><span class='ocrx_word' id='word_1_208' title='bbox 247 3321 347 3394; x_wconf 85' lang='lat' dir='ltr'>uxori</span> <span class='ocrx_word' id='word_1_209' title='bbox 366 3329 481 3393; x_wconf 92' lang='lat' dir='ltr'>nostre</span> <span class='ocrx_word' id='word_1_210' title='bbox 499 3341 570 3394; x_wconf 95' lang='lat' dir='ltr'>non</span> <span class='ocrx_word' id='word_1_211' title='bbox 588 3322 758 3417; x_wconf 89' lang='lat' dir='ltr'>susceptis</span> <span class='ocrx_word' id='word_1_212' title='bbox 776 3342 824 3394; x_wconf 88' lang='lat' dir='ltr'>ex</span> <span class='ocrx_word' id='word_1_213' title='bbox 844 3342 886 3394; x_wconf 87' lang='lat' dir='ltr'>ea</span> <span class='ocrx_word' id='word_1_214' title='bbox 907 3321 1024 3394; x_wconf 91' lang='lat' dir='ltr'>liberis</span> <span class='ocrx_word' id='word_1_215' title='bbox 1045 3321 1195 3417; x_wconf 90' lang='lat' dir='ltr'>premori</span> <span class='ocrx_word' id='word_1_216' title='bbox 1218 3323 1303 3396; x_wconf 82' lang='lat' dir='ltr'>torte</span> <span class='ocrx_word' id='word_1_217' title='bbox 1328 3325 1523 3418; x_wconf 78' lang='lat' dir='ltr'>contigerit,</span> <span class='ocrx_word' id='word_1_218' title='bbox 1549 3336 1653 3401; x_wconf 90' lang='lat' dir='ltr'>ante-</span> 
     </span>
     <span class='ocr_line' id='line_1_24' title="bbox 249 3443 1653 3548; baseline 0.006 -30"><span class='ocrx_word' id='word_1_219' title='bbox 249 3443 340 3518; x_wconf 87' lang='lat' dir='ltr'>dicto</span> <span class='ocrx_word' id='word_1_220' title='bbox 364 3444 475 3537; x_wconf 85' lang='lat' dir='ltr'>judici</span> <span class='ocrx_word' id='word_1_221' title='bbox 507 3447 648 3542; x_wconf 92' lang='lat' dir='ltr'>plenum</span> <span class='ocrx_word' id='word_1_222' title='bbox 676 3454 711 3518; x_wconf 92' lang='lat' dir='ltr'>et</span> <span class='ocrx_word' id='word_1_223' title='bbox 740 3443 890 3541; x_wconf 90' lang='lat' dir='ltr'>speciale</span> <span class='ocrx_word' id='word_1_224' title='bbox 917 3445 1119 3521; x_wconf 89' lang='lat' dir='ltr'>mandatnm</span> <span class='ocrx_word' id='word_1_225' title='bbox 1143 3446 1352 3520; x_wconf 89' lang='lat' dir='ltr'>contulimus</span> <span class='ocrx_word' id='word_1_226' title='bbox 1378 3458 1417 3520; x_wconf 88' lang='lat' dir='ltr'>nt</span> <span class='ocrx_word' id='word_1_227' title='bbox 1443 3449 1556 3524; x_wconf 90' lang='lat' dir='ltr'>eidem</span> <span class='ocrx_word' id='word_1_228' title='bbox 1579 3453 1653 3548; x_wconf 80' lang='lat' dir='ltr'>regi</span> 
     </span>
     <span class='ocr_line' id='line_1_25' title="bbox 248 3569 1652 3673; baseline 0.007 -31"><span class='ocrx_word' id='word_1_229' title='bbox 248 3569 385 3642; x_wconf 91' lang='lat' dir='ltr'>nomine</span> <span class='ocrx_word' id='word_1_230' title='bbox 405 3579 520 3644; x_wconf 87' lang='lat' dir='ltr'>nostro</span> <span class='ocrx_word' id='word_1_231' title='bbox 542 3571 716 3666; x_wconf 86' lang='lat' dir='ltr'>promittat</span> <span class='ocrx_word' id='word_1_232' title='bbox 740 3579 775 3643; x_wconf 91' lang='lat' dir='ltr'>et</span> <span class='ocrx_word' id='word_1_233' title='bbox 799 3569 835 3642; x_wconf 94' lang='lat' dir='ltr'>in</span> <span class='ocrx_word' id='word_1_234' title='bbox 865 3570 980 3644; x_wconf 89' lang='lat' dir='ltr'>anima</span> <span class='ocrx_word' id='word_1_235' title='bbox 1005 3581 1121 3645; x_wconf 87' lang='lat' dir='ltr'>nostra</span> <span class='ocrx_word' id='word_1_236' title='bbox 1144 3572 1236 3665; x_wconf 85' lang='lat' dir='ltr'>juret</span> <span class='ocrx_word' id='word_1_237' title='bbox 1260 3572 1356 3668; x_wconf 89' lang='lat' dir='ltr'>quod</span> <span class='ocrx_word' id='word_1_238' title='bbox 1379 3573 1479 3648; x_wconf 86' lang='lat' dir='ltr'>dotes</span> <span class='ocrx_word' id='word_1_239' title='bbox 1501 3577 1594 3673; x_wconf 92' lang='lat' dir='ltr'>ipsas</span> <span class='ocrx_word' id='word_1_240' title='bbox 1616 3579 1652 3652; x_wconf 95' lang='lat' dir='ltr'>in</span> 
     </span>
     <span class='ocr_line' id='line_1_26' title="bbox 249 3695 1655 3798; baseline 0.008 -30"><span class='ocrx_word' id='word_1_241' title='bbox 249 3704 410 3768; x_wconf 84' lang='lat' dir='ltr'>eventum</span> <span class='ocrx_word' id='word_1_242' title='bbox 428 3716 529 3768; x_wconf 83' lang='lat' dir='ltr'>casus</span> <span class='ocrx_word' id='word_1_243' title='bbox 545 3695 688 3791; x_wconf 87' lang='lat' dir='ltr'>predicti</span> <span class='ocrx_word' id='word_1_244' title='bbox 705 3713 920 3770; x_wconf 85' lang='lat' dir='ltr'>successores</span> <span class='ocrx_word' id='word_1_245' title='bbox 936 3697 1043 3770; x_wconf 87' lang='lat' dir='ltr'>nostri</span> <span class='ocrx_word' id='word_1_246' title='bbox 1057 3696 1171 3770; x_wconf 88' lang='lat' dir='ltr'>eidem</span> <span class='ocrx_word' id='word_1_247' title='bbox 1190 3697 1329 3771; x_wconf 91' lang='lat' dir='ltr'>domine</span> <span class='ocrx_word' id='word_1_248' title='bbox 1340 3701 1398 3772; x_wconf 87' lang='lat' dir='ltr'>vel</span> <span class='ocrx_word' id='word_1_249' title='bbox 1413 3700 1486 3796; x_wconf 80' lang='lat' dir='ltr'>regi</span> <span class='ocrx_word' id='word_1_250' title='bbox 1502 3703 1655 3798; x_wconf 87' lang='lat' dir='ltr'>predicto</span> 
     </span>
     <span class='ocr_line' id='line_1_27' title="bbox 249 3813 1656 3925; baseline 0.009 -36"><span class='ocrx_word' id='word_1_251' title='bbox 249 3819 424 3915; x_wconf 88' lang='lat' dir='ltr'>stipulanti</span> <span class='ocrx_word' id='word_1_252' title='bbox 446 3821 502 3893; x_wconf 86' lang='lat' dir='ltr'>vel</span> <span class='ocrx_word' id='word_1_253' title='bbox 528 3820 785 3894; x_wconf 84' lang='lat' dir='ltr'>suecessoribus</span> <span class='ocrx_word' id='word_1_254' title='bbox 813 3841 931 3894; x_wconf 87' lang='lat' dir='ltr'>eornm</span> <span class='ocrx_word' id='word_1_255' title='bbox 959 3813 1137 3896; x_wconf 87' lang='lat' dir='ltr'>restituere</span> <span class='ocrx_word' id='word_1_256' title='bbox 1165 3822 1297 3917; x_wconf 77' lang='lat' dir='ltr'>integre</span> <span class='ocrx_word' id='word_1_257' title='bbox 1320 3832 1513 3898; x_wconf 87' lang='lat' dir='ltr'>teneantur.</span> <span class='ocrx_word' id='word_1_258' title='bbox 1544 3830 1656 3925; x_wconf 90' lang='lat' dir='ltr'>Super</span> 
     </span>
     <span class='ocr_line' id='line_1_28' title="bbox 250 3943 1657 4042; baseline 0.011 -28"><span class='ocrx_word' id='word_1_259' title='bbox 250 3943 377 4038; x_wconf 76' lang='lat' dir='ltr'>quibus</span> <span class='ocrx_word' id='word_1_260' title='bbox 394 3945 557 4018; x_wconf 90' lang='lat' dir='ltr'>omnibus</span> <span class='ocrx_word' id='word_1_261' title='bbox 573 3953 607 4018; x_wconf 90' lang='lat' dir='ltr'>et</span> <span class='ocrx_word' id='word_1_262' title='bbox 621 3945 780 4040; x_wconf 80' lang='lat' dir='ltr'>singulis,</span> <span class='ocrx_word' id='word_1_263' title='bbox 797 3955 837 4018; x_wconf 93' lang='lat' dir='ltr'>ut</span> <span class='ocrx_word' id='word_1_264' title='bbox 849 3956 900 4020; x_wconf 90' lang='lat' dir='ltr'>est</span> <span class='ocrx_word' id='word_1_265' title='bbox 918 3946 1062 4037; x_wconf 88' lang='lat' dir='ltr'>dictum,</span> <span class='ocrx_word' id='word_1_266' title='bbox 1082 3947 1249 4042; x_wconf 87' lang='lat' dir='ltr'>prelatum</span> <span class='ocrx_word' id='word_1_267' title='bbox 1264 3947 1418 4040; x_wconf 89' lang='lat' dir='ltr'>judicem</span> <span class='ocrx_word' id='word_1_268' title='bbox 1435 3953 1604 4026; x_wconf 91' lang='lat' dir='ltr'>nuncium</span> <span class='ocrx_word' id='word_1_269' title='bbox 1623 3965 1657 4029; x_wconf 91' lang='lat' dir='ltr'>et</span> 
     </span>
     <span class='ocr_line' id='line_1_29' title="bbox 249 4069 1658 4176; baseline 0.011 -38"><span class='ocrx_word' id='word_1_270' title='bbox 249 4077 502 4160; x_wconf 85' lang='lat' dir='ltr'>procuratorem</span> <span class='ocrx_word' id='word_1_271' title='bbox 527 4069 728 4162; x_wconf 87' lang='lat' dir='ltr'>statuimus,</span> <span class='ocrx_word' id='word_1_272' title='bbox 749 4069 949 4164; x_wconf 88' lang='lat' dir='ltr'>adjicientes</span> <span class='ocrx_word' id='word_1_273' title='bbox 971 4069 1068 4167; x_wconf 90' lang='lat' dir='ltr'>quod</span> <span class='ocrx_word' id='word_1_274' title='bbox 1090 4071 1120 4143; x_wconf 90' lang='lat' dir='ltr'>si</span> <span class='ocrx_word' id='word_1_275' title='bbox 1143 4072 1308 4146; x_wconf 88' lang='lat' dir='ltr'>articulus</span> <span class='ocrx_word' id='word_1_276' title='bbox 1329 4073 1454 4170; x_wconf 90' lang='lat' dir='ltr'>aliquis</span> <span class='ocrx_word' id='word_1_277' title='bbox 1475 4077 1658 4176; x_wconf 82' lang='lat' dir='ltr'>inexcogi-</span> 
     </span>
     <span class='ocr_line' id='line_1_30' title="bbox 251 4193 1658 4292; baseline 0.013 -30"><span class='ocrx_word' id='word_1_278' title='bbox 251 4199 341 4263; x_wconf 88' lang='lat' dir='ltr'>tatns</span> <span class='ocrx_word' id='word_1_279' title='bbox 357 4193 543 4286; x_wconf 85' lang='lat' dir='ltr'>emerserit,</span> <span class='ocrx_word' id='word_1_280' title='bbox 562 4215 666 4291; x_wconf 91' lang='lat' dir='ltr'>super</span> <span class='ocrx_word' id='word_1_281' title='bbox 681 4217 752 4292; x_wconf 92' lang='lat' dir='ltr'>quo</span> <span class='ocrx_word' id='word_1_282' title='bbox 770 4195 918 4292; x_wconf 85' lang='lat' dir='ltr'>speciale</span> <span class='ocrx_word' id='word_1_283' title='bbox 938 4195 1139 4271; x_wconf 86' lang='lat' dir='ltr'>mandatum</span> <span class='ocrx_word' id='word_1_284' title='bbox 1156 4195 1276 4270; x_wconf 89' lang='lat' dir='ltr'>eidem·</span> <span class='ocrx_word' id='word_1_285' title='bbox 1286 4198 1396 4290; x_wconf 88' lang='lat' dir='ltr'>judici</span> <span class='ocrx_word' id='word_1_286' title='bbox 1414 4223 1483 4274; x_wconf 93' lang='lat' dir='ltr'>non</span> <span class='ocrx_word' id='word_1_287' title='bbox 1502 4207 1658 4280; x_wconf 89' lang='lat' dir='ltr'>contule·</span> 
     </span>
     <span class='ocr_line' id='line_1_31' title="bbox 251 4313 1658 4418; baseline 0.014 -33"><span class='ocrx_word' id='word_1_288' title='bbox 251 4313 377 4404; x_wconf 86' lang='lat' dir='ltr'>rimus,</span> <span class='ocrx_word' id='word_1_289' title='bbox 402 4338 463 4412; x_wconf 88' lang='lat' dir='ltr'>per</span> <span class='ocrx_word' id='word_1_290' title='bbox 480 4328 656 4413; x_wconf 87' lang='lat' dir='ltr'>presentes</span> <span class='ocrx_word' id='word_1_291' title='bbox 677 4319 900 4394; x_wconf 75' lang='lat' dir='ltr'>eumdem’in</span> <span class='ocrx_word' id='word_1_292' title='bbox 923 4322 1178 4417; x_wconf 82' lang='lat' dir='ltr'>emergentibus</span> <span class='ocrx_word' id='word_1_293' title='bbox 1199 4333 1454 4418; x_wconf 88' lang='lat' dir='ltr'>procuratorem</span> <span class='ocrx_word' id='word_1_294' title='bbox 1475 4331 1658 4404; x_wconf 88' lang='lat' dir='ltr'>statuimus</span> 
     </span>
     <span class='ocr_line' id='line_1_32' title="bbox 252 4441 1658 4543; baseline 0.014 -34"><span class='ocrx_word' id='word_1_295' title='bbox 252 4441 461 4532; x_wconf 79' lang='lat' dir='ltr'>generalcm3</span> <span class='ocrx_word' id='word_1_296' title='bbox 482 4441 605 4515; x_wconf 87' lang='lat' dir='ltr'>dantes</span> <span class='ocrx_word' id='word_1_297' title='bbox 618 4443 731 4517; x_wconf 89' lang='lat' dir='ltr'>eidem</span> <span class='ocrx_word' id='word_1_298' title='bbox 751 4445 946 4539; x_wconf 80' lang='lat' dir='ltr'>generalem</span> <span class='ocrx_word' id='word_1_299' title='bbox 964 4455 998 4520; x_wconf 91' lang='lat' dir='ltr'>et</span> <span class='ocrx_word' id='word_1_300' title='bbox 1013 4447 1155 4520; x_wconf 91' lang='lat' dir='ltr'>liberam</span> <span class='ocrx_word' id='word_1_301' title='bbox 1174 4457 1373 4543; x_wconf 87' lang='lat' dir='ltr'>potestatem</span> <span class='ocrx_word' id='word_1_302' title='bbox 1391 4449 1441 4522; x_wconf 87' lang='lat' dir='ltr'>sio</span> <span class='ocrx_word' id='word_1_303' title='bbox 1459 4454 1574 4528; x_wconf 90' lang='lat' dir='ltr'>omnia</span> <span class='ocrx_word' id='word_1_304' title='bbox 1592 4477 1658 4528; x_wconf 93' lang='lat' dir='ltr'>no-</span> 
     </span>
     <span class='ocr_line' id='line_1_33' title="bbox 253 4561 1657 4672; baseline 0.016 -41"><span class='ocrx_word' id='word_1_305' title='bbox 253 4561 345 4636; x_wconf 91' lang='lat' dir='ltr'>mine</span> <span class='ocrx_word' id='word_1_306' title='bbox 367 4574 482 4638; x_wconf 89' lang='lat' dir='ltr'>nostro</span> <span class='ocrx_word' id='word_1_307' title='bbox 504 4567 616 4640; x_wconf 82' lang='lat' dir='ltr'>lacere</span> <span class='ocrx_word' id='word_1_308' title='bbox 639 4589 680 4640; x_wconf 89' lang='lat' dir='ltr'>ac</span> <span class='ocrx_word' id='word_1_309' title='bbox 702 4568 732 4642; x_wconf 90' lang='lat' dir='ltr'>si</span> <span class='ocrx_word' id='word_1_310' title='bbox 756 4579 847 4643; x_wconf 88' lang='lat' dir='ltr'>esset</span> <span class='ocrx_word' id='word_1_311' title='bbox 873 4571 1021 4668; x_wconf 90' lang='lat' dir='ltr'>speciale</span> <span class='ocrx_word' id='word_1_312' title='bbox 1051 4571 1252 4646; x_wconf 86' lang='lat' dir='ltr'>mandatnm</span> <span class='ocrx_word' id='word_1_313' title='bbox 1276 4595 1380 4670; x_wconf 90' lang='lat' dir='ltr'>super</span> <span class='ocrx_word' id='word_1_314' title='bbox 1404 4579 1657 4672; x_wconf 81' lang='lat' dir='ltr'>emergentibus</span> 
     </span>
    </p>
   </div>
   <div class='ocr_carea' id='block_1_3' title="bbox 294 4711 1498 4896">
    <p class='ocr_par' dir='ltr' id='par_1_3' title="bbox 294 4711 1498 4896">
     <span class='ocr_line' id='line_1_34' title="bbox 294 4711 852 4800; baseline 0.014 -24"><span class='ocrx_word' id='word_1_315' title='bbox 294 4711 337 4794; x_wconf 80' lang='lat' dir='ltr'>(a)</span> <span class='ocrx_word' id='word_1_316' title='bbox 358 4713 816 4800; x_wconf 78' lang='lat' dir='ltr'>Apllymeretl&#39;ertzsuerant.</span> <span class='ocrx_word' id='word_1_317' title='bbox 849 4783 852 4790; x_wconf 85' lang='grc'>,</span> 
     </span>
     <span class='ocr_line' id='line_1_35' title="bbox 330 4821 1498 4896; baseline -0.003 3"><span class='ocrx_word' id='word_1_318' title='bbox 330 4821 385 4885; x_wconf 76' lang='lat' dir='ltr'>W·</span> <span class='ocrx_word' id='word_1_319' title='bbox 1462 4844 1498 4896; x_wconf 87' lang='grc' dir='ltr'>ιι</span> 
     </span>
    </p>
   </div>
   <div class='ocr_carea' id='block_1_4' title="bbox 0 0 2191 5908">
    <p class='ocr_par' dir='ltr' id='par_1_4' title="bbox 0 0 2191 5908">
     <span class='ocr_line' id='line_1_36' title="bbox 0 0 2191 5908; baseline 0 0"><span class='ocrx_word' id='word_1_320' title='bbox 0 0 2191 5908; x_wconf 95' lang='lat' dir='ltr'> </span> 
     </span>
    </p>
   </div>
  </div>
 </body>
</html>
