4288 5912
238 559 338 620 luatur.
354 560 399 634 'l.]
692 553 888 618 HISTORIA
912 554 1202 616 utrtoltat'tct.
1588 556 1649 616 455

240 693 345 766 nibus
354 692 636 788 quibuscumque
649 691 686 762 in
706 712 815 764 unum
828 691 885 764 vel
909 691 1026 786 plures
1041 691 1086 765 de
1099 689 1264 783 jamdicta
1279 689 1415 762 civitate
1435 713 1503 762 non
1520 690 1646 764 debent

239 817 427 914 proaedere
440 838 488 890 ex
500 837 619 890 eornm
633 815 746 890 officio
763 814 820 890 vel
834 813 881 888 ad
892 815 1191 890 denunciationem
1204 815 1308 887 etiam
1327 815 1491 908 alicujus,
1516 829 1550 888 et
1569 837 1645 909 pre-

239 940 342 1037 cipue
358 939 500 1035 quando
522 949 710 1036 patratores
728 937 910 1012 caninum
932 947 1110 1034 nequeunt
1126 937 1294 1029 inveniri,
1320 937 1366 1011 ad
1384 959 1507 1032 penam
1525 961 1644 1035 perso-

239 1065 351 1137 nalem
373 1065 430 1136 vel
453 1063 687 1159 pecuniariam
716 1061 960 1158 infligendam
986 1083 1049 1134 nec
1070 1085 1143 1135 non
1167 1063 1329 1136 omnibns
1348 1062 1497 1156 antiquis
1517 1071 1552 1136 et
1574 1085 1642 1159 ap-

238 1188 390 1284 probatis
415 1187 724 1262 consuetudinibus
749 1188 889 1278 vestris,
925 1187 1054 1281 quibus
1086 1187 1131 1258 ab
1156 1187 1357 1260 corumdem
1387 1189 1643 1283 progenitorum

238 1313 450 1407 temporibus
466 1321 501 1386 et
515 1313 678 1410 precipue
690 1335 712 1386 a
725 1321 879 1408 tempore
893 1311 986 1405 ragis
997 1309 1154 1383 Guilelmi
1166 1311 1315 1404 junioris
1326 1311 1521 1384 consobrini
1536 1313 1642 1386 nocui

238 1459 351 1533 usqne
368 1437 414 1512 ad
432 1437 497 1512 bec
512 1437 628 1512 lelicia·
640 1447 794 1533 tempora
808 1445 925 1510 nosue
951 1435 1006 1508 nei
1024 1445 1058 1509 et
1075 1437 1187 1530 gavisi
1204 1435 1304 1527 estis,
1327 1437 1492 1526 utamini,
1517 1447 1552 1510 et
1582 1459 1641 1511 aas

237 1562 371 1658 absque
382 1561 651 1637 contradictione
666 1561 781 1656 aliqua
793 1561 964 1652 babeatis,
985 1560 1285 1634 nonobstantibus
1304 1561 1406 1634 novis
1424 1561 1640 1634 constitutio·

237 1687 341 1760 uibus
354 1687 479 1760 nostris
494 1686 715 1782 loquentibus
732 1685 925 1781 specialiter
937 1693 1008 1758 tam
1029 1705 1133 1779 snper
1153 1683 1198 1779 (a)
1219 1685 1399 1780 privilegia
1422 1685 1559 1759 anobis
1576 1699 1640 1758 aut

237 1811 537 1906 predecessoribus
561 1809 684 1884 nostris
700 1809 837 1883 indulta
858 1819 893 1882 et
908 1807 1176 1882 consuetudines
1200 1831 1262 1904 per
1279 1829 1368 1904 quas
1388 1810 1482 1884 citati
1499 1833 1521 1883 a
1542 1810 1639 1883 curia

237 1945 353 2008 nostra
370 1935 427 2008 vel
437 1934 637 2027 iusticiariis
651 1935 861 2030 wonuma
876 1933 959 2006 locis
972 1953 1091 2006 eornm
1107 1933 1204 2005 exire
1215 1933 1409 2006 nullalenus
1421 1933 1637 2024 tenebantur,

235 2081 341 2156 qnam
362 2080 468 2154 snper
483 2056 658 2152 exigenda
672 2079 762 2154 pena
780 2057 825 2130 ab
850 2057 1020 2130 universis
1042 2055 1113 2153 (l),
1138 2067 1205 2130 etc.
1241 2054 1392 2155 [Reliqua
1411 2060 1544 2144 decant,
1565 2081 1638 2130 cum

233 2206 329 2256 mosa
342 2184 567 2256 maworn
579 2184 618 2254 ia
630 2179 864 2280 comprophe]

282 2311 369 2382 Data
389 2308 427 2380 iu
446 2307 533 2382 urbe
556 2307 646 2380 tatia
669 2308 844 2400 Panormi,
870 2329 962 2382 anno
992 2307 1163 2382 dominice
1189 2308 1433 2383 incarnationis
1459 2307 1638 2381 millesimo

234 2432 472 2507 ducentesimo
488 2432 660 2506 tricesimo
674 2434 798 2525 tercio,
819 2432 1027 2508 duodecino
1044 2433 1210 2524 octobris,
1233 2434 1378 2530 septime
1391 2432 1599 2506 indictionis.

283 3009 515 3117 Fridericus,
535 3012 796 3097 Romanorum
815 3014 1035 3124 imperator,
1056 3015 1403 3124 [Cremonensibus]
1423 3019 1636 3130 gratulatur
1679 3019 1821 3079 arama]

230 3143 335 3251 quod
353 3144 397 3226 Τ.
418 3145 466 3228 de
484 3144 662 3254 [Aquino]
689 3147 825 3230 nuntio
856 3173 926 3231 sno
956 3147 1183 3258 obsequium
1209 3150 1467 3260 exhibuerint,
1495 3180 1635 3265 eosque

229 3286 360 3358 monet
380 3303 422 3360 se
442 3279 493 3362 ed
518 3305 652 3364 eorum
674 3281 940 3367 exaltationem
971 3283 1012 3365 in
1036 3283 1210 3392 proximo
1233 3288 1529 3395 praesentialiter
1555 3292 1632 3372 nd-

228 3418 445 3494 venturum.

307 3626 404 3699 (Incd.
419 3642 458 3687 ex
472 3627 536 3688 cod.
562 3627 640 3689 Btbt.
662 3645 724 3708 reg.
745 3627 851 3704 Parin,
865 3627 958 3710 suada
978 3627 1361 3714 Sciat-Germia-Horlay,
1377 3645 1410 3696 n⁰
1424 3643 1494 3716 tte,
1508 3653 1576 3714 para
1588 3636 1629 3710 ΙΙ,

345 3741 378 3792 n⁰
392 3741 442 3793 tto.
459 3732 558 3808 Quum
570 3733 640 3796 huic
659 3729 797 3812 eptst'clae
809 3735 907 3796 ‹leamt
923 3739 956 3797 tn
975 3738 1076 3799 codice
1092 3739 1197 3801 titulus
1216 3747 1246 3802 et
1262 3739 1395 3817 rubrica,
1409 3745 1459 3803 cui
1470 3745 1582 3804 civitati
1600 3750 1630 3803 et

345 3852 405 3914 quo
417 3843 548 3917 ternpore
561 3843 669 3919 sculpta
678 3839 766 3902 luerlt
775 3858 834 3902 non
845 3841 921 3903 bene
933 3850 1058 3905 consul.
1073 3845 1209 3922 inspecto
1221 3853 1320 3907 teman
1332 3848 1413 3925 quotl
1425 3855 1545 3909 nunant
1558 3850 1632 3911 llic-

346 3943 452 4004 cerdns
465 3943 503 4005 de
515 3945 624 4007 Sancto
641 3946 788 4008 Germano
802 3949 833 4009 ln
847 3945 986 4010 Chronico
998 3957 1028 4011 et
1041 3951 1167 4029 Campus
1180 3954 1212 4013 ln
1225 3971 1279 4015 aaa
1293 3951 1627 4036 Cramoaascdclicrima,

345 4064 377 4126 p.
385 4057 435 4124 st,
442 4049 621 4113 arbitramur
633 4054 786 4131 epistolam
797 4055 932 4116 mundam
944 4061 1009 4118 tum
1022 4057 1062 4118 ad
1074 4057 1293 4135 Cremonenses,
1303 4067 1368 4122 tum
1380 4061 1419 4123 ad
1430 4079 1541 4124 ennam
1553 4071 1627 4124 titt

345 4158 422 4218 circa
434 4159 636 4241 novembrem,
648 4164 719 4224 aetla
732 4163 877 4240 probnblll
889 4167 1059 4244 conjectura
1072 4183 1159 4244 ponae
1171 4169 1296 4249 reponi.)

265 4330 309 4414 (a)
328 4335 417 4416 Apud
431 4337 540 4402 ennato
553 4347 704 4426 tanquam
718 4346 818 4408 nnlnns
831 4351 921 4408 recte.
990 4305 993 4312 Ι

260 4596 297 4671 (t)
314 4598 382 4658 lide
401 4617 482 4676 supra
502 4603 570 4662 inter
592 4606 795 4684 constitutiones
814 4605 976 4684 llsltiensea,
988 4609 1035 4670 lib.
1049 4612 1256 4688 l,prcoemiam,
1272 4631 1300 4688 p.
1316 4617 1346 4686 t;
1364 4616 1403 4672 tit.
1416 4616 1481 4686 cvl,
1496 4633 1524 4690 p.
1541 4617 1585 4687 72,
1599 4623 1628 4674 et

223 4692 263 4752 tit.
275 4695 402 4770 xxvia,
412 4715 440 4774 p.
454 4703 489 4761 29
504 4708 532 4760 et
543 4718 619 4777 seqq.
