4320 5918
503 523 565 586 534
1002 520 1219 586 ratbstuct
1242 521 1414 586 suctum
1726 525 1809 606 [nra
1827 525 1913 592 tatu

503 669 539 733 et
552 657 727 755 exigendo
740 680 845 755 quam
864 655 953 733 duas
965 679 1089 756 operas
1105 659 1153 734 ad
1168 659 1390 758 rappandum
1405 668 1442 734 et
1464 657 1554 734 duas
1570 681 1696 758 operas
1715 662 1762 737 ad
1776 672 1916 738 meten-

504 783 603 872 dum,
618 805 707 880 quas
717 781 870 880 quolibet
882 803 1010 859 annea
1025 783 1183 880 qualibet
1196 793 1311 860 casata
1322 784 1434 882 ipsius
1448 785 1585 872 casalis,
1598 787 1755 882 exceptis
1765 787 1913 880 clericis,

503 908 635 1004 bajulo,
646 907 809 1001 judioeet
821 907 951 998 viduis,
963 907 1217 1000 haberedebet,
1229 917 1265 981 et
1277 907 1428 983 volendo
1437 928 1480 982 ac
1487 907 1645 982 similiter
1656 909 1808 1006 petendo
1821 911 1917 1007 ipsos

503 1034 738 1129 constringere
754 1032 881 1107 debere
903 1033 939 1106 in
959 1033 1056 1106 ouria
1076 1053 1159 1122 sna,
1180 1053 1260 1106 cum
1279 1052 1348 1105 non
1366 1032 1471 1105 luerit
1484 1033 1519 1106 ei
1529 1034 1589 1128 jus
1605 1033 1760 1130 predicta
1777 1043 1912 1130 petere,

503 1159 614 1232 iacere
632 1166 666 1230 et
683 1157 825 1252 exigere
840 1157 886 1230 ab
902 1155 1035 1232 eisdem
1049 1164 1085 1230 et
1100 1156 1332 1249 constringere
1351 1157 1444 1253 ipsos
1461 1169 1502 1230 ut
1514 1156 1647 1231 dictum
1662 1167 1735 1250 eat;
1761 1169 1915 1256 preterea

502 1281 658 1379 predicte
676 1281 816 1356 domina
835 1281 1048 1376 molestabat,
1064 1280 1228 1356 turbabat
1239 1291 1275 1356 et
1288 1281 1503 1377 inquietabat
1518 1281 1662 1356 eosdem
1678 1291 1715 1357 et
1731 1283 1865 1358 turbari
1881 1295 1917 1358 et

501 1407 674 1482 molestari
692 1405 879 1482 mandabat
891 1427 996 1502 super
1007 1405 1173 1502 francigia
1186 1415 1222 1480 et
1234 1405 1450 1480 libertatibus
1466 1406 1558 1500 suis,
1576 1405 1752 1503 exigendo
1767 1405 1815 1481 ab
1831 1405 1915 1504 ipsis

500 1532 642 1608 servitia
657 1531 829 1624 indebita,
853 1529 1083 1606 adoham0nta
1099 1541 1134 1606 et
1151 1531 1310 1606 collectas
1329 1551 1372 1604 ac
1385 1551 1447 1628 per
1460 1530 1527 1606 boc
1537 1530 1756 1629 pignerando
1772 1531 1913 1606 eusdem

502 1667 537 1732 et
552 1657 726 1754 pignorari
745 1655 917 1748 iaciendo,
929 1665 964 1731 et
975 1655 1042 1730 sub
1055 1655 1114 1730 tali
1126 1665 1287 1752 pretextu
1299 1654 1410 1730 boves
1422 1663 1458 1729 et
1469 1677 1527 1730 res
1541 1656 1628 1729 alias
1638 1677 1700 1752 per
1712 1653 1913 1732 violentiam

501 1780 691 1855 auferendo
702 1789 737 1853 et
750 1802 819 1854 non
830 1779 1060 1876 permittendo
1073 1780 1166 1878 ipsos
1175 1779 1212 1853 iu
1222 1779 1382 1856 libertale
1395 1777 1511 1854 debita
1525 1802 1739 1877 permanere,
1749 1803 1831 1854 cum
1843 1803 1913 1855 non

501 1907 604 1979 luerit
621 1906 655 1979 ei
674 1907 733 1999 jus
751 1904 906 2002 predicta
923 1913 1058 2002 petere,
1084 1905 1197 1978 tacere
1221 1925 1284 1979 seu
1301 1903 1442 1996 exigere
1466 1905 1523 1979 vel
1547 1904 1732 1992 mandarc;
1757 1914 1913 2000 preterea

499 2029 594 2105 idem
614 2028 873 2104 Bartholomeus
895 2029 1057 2126 exposuit
1077 2027 1173 2124 quod
1193 2029 1413 2126 interipsum
1430 2050 1494 2126 pm
1511 2029 1736 2102 universitate
1756 2029 1913 2126 predicta

498 2176 545 2229 ex
563 2176 634 2228 nna
648 2163 744 2252 parte
763 2162 798 2228 et
810 2153 1032 2228 Guilielmum
1050 2152 1224 2228 sindionm
1240 2153 1475 2230 universitatis
1488 2153 1581 2228 Polie
1595 2175 1659 2251 pro
1674 2153 1750 2252 ipsa
1767 2155 1913 2228 univer-

498 2279 599 2352 sitate
616 2299 663 2352 ex
674 2279 781 2352 altera
792 2277 949 2352 similiter
958 2299 1075 2352 coram
1088 2275 1247 2376 predicto
1258 2277 1446 2372 justitiario
1458 2278 1594 2374 questio
1605 2299 1706 2353 versa
1714 2277 1791 2372 init,
1806 2299 1914 2374 super

497 2425 540 2477 eo
558 2403 688 2476 scilicet
702 2401 798 2498 quod
816 2402 884 2500 ipsi
904 2403 1061 2478 homines
1082 2402 1176 2478 Polle
1193 2401 1424 2500 prohibebant
1440 2411 1475 2476 et
1493 2401 1667 2498 negabant
1689 2402 1741 2477 eis
1759 2402 1913 2478 incidere

496 2528 592 2624 ligna
605 2529 642 2601 in
659 2527 859 2602 nemoribus
875 2526 985 2621 Pelle,
1005 2527 1144 2602 baudra
1155 2537 1191 2602 et
1206 2527 1363 2624 accipere
1376 2549 1486 2626 aquas
1500 2527 1536 2600 in
1551 2527 1765 2624 pertinentiis
1775 2537 1812 2602 et
1823 2529 1911 2602 teni·

495 2654 622 2728 mentis
638 2653 767 2750 ipsius,
792 2673 907 2726 emere
925 2673 1064 2749 queque
1081 2652 1275 2728 necessaria
1299 2652 1336 2725 in
1354 2651 1431 2750 ipsa
1444 2661 1535 2727 terra
1547 2661 1583 2726 et
1602 2651 1818 2749 pertinentiis
1834 2655 1912 2747 ejus

496 2787 531 2852 et
543 2779 671 2852 babere
685 2799 816 2875 pascua
834 2777 870 2849 in
884 2777 970 2852 locis
985 2775 1165 2876 predictis,
1185 2777 1276 2851 siout
1289 2779 1350 2872 jus
1363 2777 1414 2852 eis
1426 2787 1500 2852 erat
1512 2777 1578 2853 bec
1588 2775 1705 2852 omnia
1718 2777 1907 2874 percipere,

497 2903 610 2977 lacere
623 2911 658 2976 et
674 2901 818 2994 habere,
840 2911 875 2977 et
890 2923 995 3000 super
1008 2923 1051 2977 eo
1063 2902 1167 2976 etiam
1184 2902 1281 2998 qnod
1294 2903 1506 2977 universitas
1517 2901 1756 3000 Pollepetebat
1769 2911 1805 2976 et
1815 2923 1911 2977 com·

496 3028 645 3124 pellebat
665 3027 836 3124 predictos
854 3027 1010 3102 homines
1028 3027 1138 3125 ipsius
1159 3027 1284 3102 casalis
1306 3027 1421 3103 Sancti
1446 3027 1536 3102 Petri
1559 3028 1813 3102 communicare
1830 3049 1910 3102 cum

496 3151 583 3250 ipsis
597 3153 634 3226 in
651 3151 903 3244 adobamentis,
925 3151 1029 3228 datiis
1044 3161 1080 3226 et
1095 3151 1260 3241 collectis,
1274 3173 1355 3226 cnm
1367 3174 1437 3227 non
1448 3153 1553 3226 luerit
1567 3153 1617 3227 eis
1627 3155 1687 3248 jus
1700 3153 1782 3229 talia
1795 3163 1911 3250 petere

498 3285 604 3352 eteos
623 3275 670 3351 ad
686 3275 1013 3351 communicandum
1030 3276 1118 3374 ipsis
1140 3277 1315 3373 impellere
1327 3277 1364 3350 in
1377 3275 1559 3374 predictis;
1578 3275 1694 3352 dictus
1703 3277 1910 3372 justitiarius

496 3401 583 3476 visis
598 3401 681 3474 binc
693 3399 777 3475 inde
789 3400 981 3475 rationibus
993 3409 1029 3476 et
1044 3400 1152 3475 totius
1164 3423 1268 3476 cause
1281 3401 1412 3476 meritis
1425 3401 1574 3498 cognitis
1592 3401 1787 3498 diligenter,
1806 3423 1911 3498 supa

496 3525 673 3624 premissis
686 3525 848 3601 omnibus
862 3547 926 3622 pro
946 3525 1173 3602 universitate
1187 3527 1310 3601 casalis
1326 3523 1472 3624 predicti
1483 3535 1602 3601 contra
1613 3527 1779 3622 prolatam
1794 3525 1910 3602 Theo-

497 3649 618 3726 doram
630 3649 804 3725 dominam
817 3649 911 3725 Polie
922 3659 957 3724 et
969 3659 1088 3725 contm
1100 3649 1358 3725 universitatem
1369 3651 1480 3748 ipsius
1490 3651 1584 3726 Polla
1600 3649 1820 3725 diffinitivam
1831 3671 1910 3724 sen·

497 3777 638 3850 tentiam
655 3775 901 3873 promulgavit,
921 3775 1011 3849 sicut
1025 3775 1061 3848 in
1080 3775 1209 3874 scripto
1224 3773 1364 3873 publico
1378 3775 1462 3851 inde
1476 3777 1631 3850 coniecto
1645 3775 1782 3872 plenius
1798 3775 1908 3850 conti-

497 3910 610 3976 netur.
630 3899 747 3997 Aqua
762 3899 932 3974 sententia
950 3920 1031 3973 cum
1052 3919 1122 3974 non
1137 3901 1242 3974 luerit
1256 3901 1486 3998 appellatum,
1508 3899 1683 3975 humiliter
1701 3899 1909 3998 supplicavit

496 4035 537 4099 ut
549 4026 752 4100 sententiam
773 4025 886 4123 ipsam
904 4023 1108 4100 confirmare
1126 4023 1173 4102 de
1189 4034 1306 4102 nostra
1322 4027 1432 4124 goda
1450 4026 1686 4122 dignaremur.
1703 4027 1774 4101 Nos
1791 4035 1907 4099 autem

497 4149 608 4246 ipsius
620 4149 931 4247 supplicationibus
944 4149 1116 4242 inclinati,
1134 4151 1340 4226 sententiam
1353 4152 1482 4249 ipsam,
1497 4151 1588 4227 sicut
1601 4151 1648 4225 ab
1660 4149 1787 4226 eodem
1798 4151 1908 4246 justi-

496 4275 596 4349 tiario
612 4295 716 4372 snper
729 4273 893 4374 predictis
907 4275 1070 4351 omnibus
1082 4275 1191 4352 luisse
1204 4275 1461 4371 noscitnrjuste
1473 4277 1578 4351 latam
1598 4298 1664 4351 nec
1675 4275 1827 4372 legitima
1838 4297 1908 4373 ap·

495 4397 678 4496 pellatione
692 4419 907 4496 suspensam,
924 4409 1092 4498 perpetuo
1108 4401 1278 4477 duximus
1291 4399 1576 4478 confirmandam.
1597 4400 1654 4476 Ad
1668 4401 1776 4495 hujus
1791 4408 1907 4474 autem

495 4533 612 4599 nostre
629 4521 896 4600 confirmationis
917 4526 1136 4620 memoriam,
1159 4547 1301 4624 presens
1322 4527 1486 4628 scriptum
1509 4525 1641 4602 exinde
1665 4525 1740 4601 fieri
1762 4525 1906 4601 lecimus

494 4648 601 4746 sigilli
614 4649 721 4726 nostri
739 4650 932 4727 munimine
945 4651 1156 4728 roboratum.
