4308 5910
1031 568 1386 634 cousrlrurfouss

945 901 1148 976 TITULUS
1172 903 1325 978 XXVII.
1354 901 1422 1000 H(
1449 903 1474 997 ).

890 1097 937 1167 De
960 1096 1160 1169 encomium
1175 1095 1336 1168 nobilium
1357 1096 1394 1167 io
1412 1096 1505 1188 feudi
1522 1149 1531 1168 .

1051 1310 1141 1358 rnsrr
1173 1309 1370 1358 sccusrus.

558 1474 601 1545 Ut
618 1471 663 1546 de
680 1474 956 1548 successionibus
971 1475 1137 1548 comitum
1153 1483 1188 1548 et
1199 1473 1368 1548 baronum
1387 1482 1422 1546 et
1435 1493 1556 1548 acrum
1569 1476 1723 1548 omnium
1738 1477 1801 1572 qui
1814 1477 1916 1552 feuda

508 1619 529 1672 a
558 1597 658 1672 nobis
677 1599 712 1672 iu
736 1599 849 1695 capite
876 1609 994 1673 tenent
1011 1595 1082 1698 [vel
1102 1600 1148 1672 ab
1167 1599 1244 1672 aliis
1260 1595 1396 1696 etiam],
1416 1600 1511 1675 nulla
1538 1599 1680 1673 omnino
1704 1598 1919 1698 [regulariter

507 1723 542 1794 in
561 1721 751 1822 posterum]
771 1724 933 1798 dubietas
951 1725 1058 1820 possit
1069 1723 1166 1811 oriri,
1183 1722 1338 1798 dilucida
1355 1725 1595 1798 constitutione
1608 1725 1782 1798 sancimus
1798 1723 1916 1822 [feuda

506 1844 717 1944 tenentibus]
737 1846 827 1921 tilios
844 1857 879 1922 at
896 1858 1039 1944 nepotes
1062 1858 1098 1920 et
1114 1869 1161 1920 ex
1185 1847 1235 1922 eis
1251 1858 1478 1944 pronepotes,
1498 1849 1685 1946 trinepotes
1702 1857 1738 1922 et
1752 1871 1864 1944 usque
1881 1850 1917 1920 in

505 1969 678 2044 infinitum
700 1992 748 2044 ex
772 1971 997 2046 descendenti
1022 1972 1114 2046 linea
1139 1971 1407 2066 descendentes,
1433 1974 1670 2069 cujuscunque
1696 1995 1803 2048 sexus
1827 1974 1914 2064 sint,

504 2095 659 2169 liberast
676 2095 833 2170 absolute
854 2119 956 2194 posse
977 2095 1182 2190 succedem3
1203 2107 1339 2171 servata
1357 2107 1471 2171 nmen
1489 2119 1597 2171 sexus
1616 2098 1850 2194 prerogativa,
1877 2109 1917 2170 ut

506 2221 642 2294 mulieri
668 2222 843 2295 masculus
859 2223 1058 2318 preferatur,
1079 2243 1213 2296 necnon
1237 2223 1375 2316 majoris
1397 2222 1497 2296 etatis
1522 2223 1611 2296 iuter
1627 2243 1688 2296 cos
1707 2222 1769 2318 qui
1792 2222 1918 2296 vivunt

506 2341 557 2442 [ic
583 2341 705 2442 regno]
735 2347 873 2442 speciali
891 2344 943 2443 (a)
966 2347 1045 2440 iure
1069 2345 1291 2420 Francorum.
1313 2347 1368 2418 Ex
1391 2346 1576 2420 collaterali
1601 2347 1691 2421 linea
1716 2346 1914 2432 venientes,

507 2478 546 2542 ut
567 2471 687 2544 fratres
711 2471 786 2546 sive
809 2493 856 2546 ex
883 2481 1030 2567 utroque
1053 2479 1197 2568 parente
1220 2471 1295 2544 sive
1310 2493 1358 2544 ex
1375 2472 1482 2546 altero
1500 2479 1650 2564 mutum,
1671 2479 1706 2544 et
1723 2491 1856 2544 sorores
1881 2471 1917 2542 in

505 2595 643 2688 capillo,
663 2595 806 2670 excluso
824 2597 928 2670 etiam
953 2597 1127 2670 communi
1150 2605 1247 2693 patre
1268 2596 1450 2692 superstite
1465 2595 1526 2694 (d),
1544 2596 1685 2670 omnino
1701 2594 1914 2687 succeduut;

505 2721 688 2814 conjugata
718 2731 896 2796 autemst
925 2722 1042 2797 dotato
1066 2744 1088 2795 a
1115 2723 1257 2795 fratrum
1286 2721 1564 2796 successionibus
1590 2721 1813 2818 repelluntur.
1843 2720 1919 2792 Filii

506 2853 622 2918 autem
647 2847 791 2920 fratrum
810 2847 845 2920 in
865 2847 908 2920 iis
928 2869 998 2943 que
1016 2846 1210 2921 communis
1232 2847 1338 2943 petris
1360 2848 1516 2936 fuerunt,
1541 2846 1600 2920 avi
1619 2867 1738 2920 eorum
1768 2845 1915 2936 scilicet,

505 2967 598 3043 idem
612 2971 671 3063 jus
688 2972 784 3066 qued
804 2981 901 3068 pater
918 2993 1039 3046 eorum
1053 2972 1215 3046 habeant.
1231 2973 1269 3044 ln
1287 2972 1463 3068 acquisitis
1480 2981 1596 3046 eutem
1614 2979 1737 3067 patruo
1751 2993 1798 3044 ex
1814 2971 1919 3064 largi-

507 3093 599 3167 tione
618 3105 733 3168 nostra
749 3098 805 3170 vel
823 3097 979 3192 quolibet
997 3097 1116 3191 titulo,
1133 3098 1212 3191 jure
1229 3119 1293 3171 suo
1313 3107 1456 3193 nepotes
1471 3117 1518 3171 ex
1536 3095 1697 3170 fratribus
1712 3117 1782 3168 uon
1797 3115 1919 3168 succe-

506 3215 607 3290 dunt.
627 3219 666 3291 ln
683 3221 836 3296 ulteriori
855 3233 971 3297 autem
990 3223 1101 3318 gradu
1117 3223 1254 3320 positis,
1273 3223 1403 3298 scilicet
1420 3223 1501 3298 filiis
1515 3231 1680 3320 nepotum
1695 3243 1742 3295 ex
1760 3221 1920 3294 Fratribus

506 3352 541 3416 et
558 3344 802 3439 sequentibus,
827 3347 924 3422 iniis
945 3349 1048 3424 etiam
1066 3372 1135 3444 que
1150 3349 1344 3424 communis
1369 3349 1490 3446 proavi
1520 3345 1566 3445 (c)
1590 3349 1731 3421 fuerunt
1748 3345 1920 3420 successio

507 3489 576 3542 non
595 3468 758 3544 defertur.
779 3471 863 3547 Filie
886 3483 1002 3547 autem
1028 3475 1064 3548 in
1088 3474 1227 3572 capillo,
1251 3483 1497 3572 postmortem
1521 3473 1631 3570 patris
1654 3471 1690 3545 in
1714 3471 1818 3546 domo
1840 3491 1919 3543 ma-

507 3601 644 3687 nentes,
669 3597 817 3690 majores
833 3619 965 3671 sorores
988 3601 1189 3694 conjugatas
1204 3607 1239 3672 et
1256 3597 1390 3671 dotatas
1407 3595 1453 3670 dc
1467 3595 1570 3669 bonis
1589 3595 1695 3692 patris
1711 3593 1916 3669 excludunt.

507 3717 665 3793 Ceterum
682 3721 712 3794 si
732 3721 776 3796 de
793 3721 895 3796 bonis
911 3722 1062 3818 paternis
1085 3722 1200 3798 dotale
1217 3743 1286 3796 non
1313 3729 1415 3810 sunt,
1434 3721 1580 3814 majores
1597 3719 1789 3792 minoribus
1808 3718 1918 3815 prefe-

507 3853 630 3918 runtur
645 3845 675 3918 si
692 3847 898 3921 Francorum
915 3849 995 3942 jure
1007 3847 1141 3922 vivant.
1159 3849 1195 3920 Si
1210 3861 1326 3922 autem
1343 3846 1464 3920 vivant
1477 3845 1557 3938 jure
1574 3841 1820 3939 longobardo,
1844 3843 1921 3915 col-

509 3969 585 4042 latis
605 3969 745 4044 dotibus
763 3972 799 4044 in
816 3972 935 4046 viriles
951 3981 1067 4069 partes
1081 3973 1298 4046 successione
1315 3971 1442 4062 divisa,
1458 3969 1650 4066 portionem
1670 3989 1770 4042 suam
1782 3965 1918 4064 [couju-

510 4101 590 4187 gata
603 4091 682 4192 seu]
700 4097 883 4192 conjugata
898 4095 949 4194 (d)
965 4095 1200 4196 [quecumque
1217 4094 1298 4195 sint]
1317 4105 1476 4194 poterunt
1490 4093 1686 4170 vendicare.
1705 4093 1745 4168 lu
1760 4091 1921 4167 omnibus

551 4267 593 4349 (o)
615 4269 664 4333 Sfc
676 4287 715 4332 ex
728 4287 834 4352 graeco
846 4279 876 4336 et
888 4275 955 4337 cod.
972 4283 1050 4337 ⁴⁵²5
1064 4293 1117 4354 pro
1129 4273 1302 4356 specialiter.

550 4373 593 4457 (d)
614 4377 650 4438 ln
663 4383 791 4458 utroque
802 4386 903 4444 umen
917 4399 1021 4463 graeco
1034 4383 1133 4446 codlce
1149 4401 1235 4448 secus
1251 4406 1259 4442 ε
1265 4381 1389 4464 fratrer.
1410 4429 1417 4444 .
1440 4429 1446 4445 .
1471 4427 1479 4444 .
1501 4389 1528 4446 et
1548 4397 1657 4444 rom
1673 4381 1707 4440 in
1719 4373 1832 4459 capitia
1843 4393 1920 4436 corr·

511 4483 595 4544 moos·
603 4484 688 4563 putri
699 4484 863 4550 sermm.

552 4589 589 4671 (c)
616 4593 652 4654 lu
665 4593 733 4658 cod.
748 4603 826 4657 tone
832 4593 959 4677 fratris,
979 4599 1067 4659 male.

551 4695 597 4779 (a)
619 4700 769 4764 Mettum
782 4703 1070 4787 gumomnjcqcuo
1083 4722 1134 4768 soc
1146 4703 1273 4770 cutm.
