<?xml version="1.0" encoding="UTF-8"?>
<!DOCTYPE html PUBLIC "-//W3C//DTD XHTML 1.0 Transitional//EN"
    "http://www.w3.org/TR/xhtml1/DTD/xhtml1-transitional.dtd">
<html xmlns="http://www.w3.org/1999/xhtml" xml:lang="en" lang="en">
 <head>
  <title>
</title>
<meta http-equiv="Content-Type" content="text/html;charset=utf-8" />
  <meta name='ocr-system' content='tesseract 3.04.00' />
  <meta name='ocr-capabilities' content='ocr_page ocr_carea ocr_par ocr_line ocrx_word'/>
</head>
<body>
  <div class='ocr_page' id='page_1' title='image "./historiadiploma07fredgoog_0064.png"; bbox 0 0 4372 5918; ppageno 0'>
   <div class='ocr_carea' id='block_1_1' title="bbox 537 579 1424 646">
    <p class='ocr_par' dir='ltr' id='par_1_1' title="bbox 537 579 1424 646">
     <span class='ocr_line' id='line_1_1' title="bbox 537 579 1424 646; baseline -0.005 0"><span class='ocrx_word' id='word_1_1' title='bbox 537 583 579 646; x_wconf 76' lang='grc'><strong>48</strong></span> <span class='ocrx_word' id='word_1_2' title='bbox 1069 579 1424 644; x_wconf 78' lang='lat' dir='ltr'>CONSTITUTIONES</span> 
     </span>
    </p>
   </div>
   <div class='ocr_carea' id='block_1_2' title="bbox 534 715 1952 1668">
    <p class='ocr_par' dir='ltr' id='par_1_2' title="bbox 534 715 1952 1668">
     <span class='ocr_line' id='line_1_2' title="bbox 536 715 1952 818; baseline 0.002 -27"><span class='ocrx_word' id='word_1_3' title='bbox 536 720 690 793; x_wconf 80' lang='lat' dir='ltr'><strong>tionibus</strong></span> <span class='ocrx_word' id='word_1_4' title='bbox 707 720 780 792; x_wconf 88' lang='lat' dir='ltr'><strong>suis</strong></span> <span class='ocrx_word' id='word_1_5' title='bbox 791 719 1006 793; x_wconf 79' lang='lat' dir='ltr'><strong>satisfaciunt</strong></span> <span class='ocrx_word' id='word_1_6' title='bbox 1021 729 1060 792; x_wconf 90' lang='lat' dir='ltr'><strong>ut</strong></span> <span class='ocrx_word' id='word_1_7' title='bbox 1075 727 1234 792; x_wconf 86' lang='lat' dir='ltr'><strong>tenentur</strong></span> <span class='ocrx_word' id='word_1_8' title='bbox 1251 727 1287 792; x_wconf 85' lang='lat' dir='ltr'><strong>et</strong></span> <span class='ocrx_word' id='word_1_9' title='bbox 1300 716 1442 805; x_wconf 88' lang='lat' dir='ltr'><strong>debent,</strong></span> <span class='ocrx_word' id='word_1_10' title='bbox 1460 715 1526 790; x_wconf 92' lang='lat' dir='ltr'><strong>nisi</strong></span> <span class='ocrx_word' id='word_1_11' title='bbox 1544 717 1778 792; x_wconf 81' lang='lat' dir='ltr'><strong>instructionis</strong></span> <span class='ocrx_word' id='word_1_12' title='bbox 1797 716 1952 818; x_wconf 85' lang='lat' dir='ltr'><strong>[deside-</strong></span> 
     </span>
     <span class='ocr_line' id='line_1_3' title="bbox 537 841 1951 944; baseline 0.001 -29"><span class='ocrx_word' id='word_1_13' title='bbox 537 841 622 944; x_wconf 86' lang='lat' dir='ltr'><strong>rate]</strong></span> <span class='ocrx_word' id='word_1_14' title='bbox 634 845 818 919; x_wconf 71' lang='lat' dir='ltr'><strong>necessitas</strong></span> <span class='ocrx_word' id='word_1_15' title='bbox 829 845 1011 918; x_wconf 92' lang='lat' dir='ltr'><strong>terminum</strong></span> <span class='ocrx_word' id='word_1_16' title='bbox 1027 843 1145 938; x_wconf 80' lang='lat' dir='ltr'><strong>exigat</strong></span> <span class='ocrx_word' id='word_1_17' title='bbox 1160 843 1355 938; x_wconf 77' lang='lat' dir='ltr'><strong>largiorem.</strong></span> <span class='ocrx_word' id='word_1_18' title='bbox 1375 841 1506 916; x_wconf 85' lang='lat' dir='ltr'><strong>Eodem</strong></span> <span class='ocrx_word' id='word_1_19' title='bbox 1522 863 1583 938; x_wconf 88' lang='lat' dir='ltr'><strong>per</strong></span> <span class='ocrx_word' id='word_1_20' title='bbox 1599 845 1716 918; x_wconf 86' lang='lat' dir='ltr'><strong>omnia</strong></span> <span class='ocrx_word' id='word_1_21' title='bbox 1731 844 1951 918; x_wconf 87' lang='lat' dir='ltr'><strong>observando</strong></span> 
     </span>
     <span class='ocr_line' id='line_1_4' title="bbox 537 953 1949 1064; baseline 0 -24"><span class='ocrx_word' id='word_1_22' title='bbox 537 971 573 1040; x_wconf 92' lang='lat' dir='ltr'><strong>in</strong></span> <span class='ocrx_word' id='word_1_23' title='bbox 593 969 741 1044; x_wconf 87' lang='lat' dir='ltr'><strong>dominis</strong></span> <span class='ocrx_word' id='word_1_24' title='bbox 755 968 940 1064; x_wconf 92' lang='lat' dir='ltr'><strong>dequibus</strong></span> <span class='ocrx_word' id='word_1_25' title='bbox 954 968 1141 1042; x_wconf 84' lang='lat' dir='ltr'><strong>constiterit</strong></span> <span class='ocrx_word' id='word_1_26' title='bbox 1155 953 1244 1040; x_wconf 86' lang='lat' dir='ltr'><strong>infra</strong></span> <span class='ocrx_word' id='word_1_27' title='bbox 1263 967 1456 1064; x_wconf 77' lang='lat' dir='ltr'><strong>predictum</strong></span> <span class='ocrx_word' id='word_1_28' title='bbox 1473 978 1611 1062; x_wconf 87' lang='lat' dir='ltr'><strong>tempus</strong></span> <span class='ocrx_word' id='word_1_29' title='bbox 1627 966 1675 1040; x_wconf 86' lang='lat' dir='ltr'><strong>ad</strong></span> <span class='ocrx_word' id='word_1_30' title='bbox 1690 967 1949 1062; x_wconf 82' lang='lat' dir='ltr'><strong>requisitionem</strong></span> 
     </span>
     <span class='ocr_line' id='line_1_5' title="bbox 537 1091 1951 1190; baseline -0.001 -24"><span class='ocrx_word' id='word_1_31' title='bbox 537 1094 722 1190; x_wconf 86' lang='lat' dir='ltr'><strong>superioris</strong></span> <span class='ocrx_word' id='word_1_32' title='bbox 739 1095 796 1167; x_wconf 87' lang='lat' dir='ltr'><strong>vel</strong></span> <span class='ocrx_word' id='word_1_33' title='bbox 815 1094 1015 1168; x_wconf 89' lang='lat' dir='ltr'><strong>mandatum</strong></span> <span class='ocrx_word' id='word_1_34' title='bbox 1034 1103 1211 1186; x_wconf 90' lang='lat' dir='ltr'><strong>nostrum,</strong></span> <span class='ocrx_word' id='word_1_35' title='bbox 1230 1091 1431 1166; x_wconf 88' lang='lat' dir='ltr'><strong>hominibus</strong></span> <span class='ocrx_word' id='word_1_36' title='bbox 1453 1092 1545 1166; x_wconf 90' lang='lat' dir='ltr'><strong>nolle</strong></span> <span class='ocrx_word' id='word_1_37' title='bbox 1571 1093 1685 1166; x_wconf 80' lang='lat' dir='ltr'><strong>tacere</strong></span> <span class='ocrx_word' id='word_1_38' title='bbox 1699 1093 1832 1185; x_wconf 87' lang='lat' dir='ltr'><strong>justitie</strong></span> <span class='ocrx_word' id='word_1_39' title='bbox 1850 1114 1951 1166; x_wconf 90' lang='lat' dir='ltr'><strong>oom-</strong></span> 
     </span>
     <span class='ocr_line' id='line_1_6' title="bbox 537 1217 1950 1314; baseline -0.003 -23"><span class='ocrx_word' id='word_1_40' title='bbox 537 1219 760 1314; x_wconf 86' lang='lat' dir='ltr'><strong>plementum.</strong></span> <span class='ocrx_word' id='word_1_41' title='bbox 778 1219 828 1290; x_wconf 90' lang='lat' dir='ltr'><strong>De</strong></span> <span class='ocrx_word' id='word_1_42' title='bbox 851 1217 964 1291; x_wconf 82' lang='lat' dir='ltr'><strong>feudis</strong></span> <span class='ocrx_word' id='word_1_43' title='bbox 982 1218 1085 1292; x_wconf 87' lang='lat' dir='ltr'><strong>etiam</strong></span> <span class='ocrx_word' id='word_1_44' title='bbox 1103 1227 1138 1289; x_wconf 85' lang='lat' dir='ltr'><strong>ct</strong></span> <span class='ocrx_word' id='word_1_45' title='bbox 1159 1217 1263 1290; x_wconf 89' lang='lat' dir='ltr'><strong>rebus</strong></span> <span class='ocrx_word' id='word_1_46' title='bbox 1281 1217 1479 1292; x_wconf 86' lang='lat' dir='ltr'><strong>feudalibus</strong></span> <span class='ocrx_word' id='word_1_47' title='bbox 1501 1217 1567 1314; x_wconf 90' lang='lat' dir='ltr'><strong>ipsi</strong></span> <span class='ocrx_word' id='word_1_48' title='bbox 1592 1227 1814 1312; x_wconf 86' lang='lat' dir='ltr'><strong>cognoscunt,</strong></span> <span class='ocrx_word' id='word_1_49' title='bbox 1836 1227 1950 1314; x_wconf 83' lang='lat' dir='ltr'><strong>preter</strong></span> 
     </span>
     <span class='ocr_line' id='line_1_7' title="bbox 535 1341 1949 1438; baseline -0.001 -24"><span class='ocrx_word' id='word_1_50' title='bbox 535 1343 732 1437; x_wconf 87' lang='lat' dir='ltr'><strong>questiones</strong></span> <span class='ocrx_word' id='word_1_51' title='bbox 755 1341 799 1415; x_wconf 90' lang='lat' dir='ltr'><strong>de</strong></span> <span class='ocrx_word' id='word_1_52' title='bbox 817 1343 938 1416; x_wconf 87' lang='lat' dir='ltr'><strong>castris</strong></span> <span class='ocrx_word' id='word_1_53' title='bbox 958 1353 992 1415; x_wconf 91' lang='lat' dir='ltr'><strong>et</strong></span> <span class='ocrx_word' id='word_1_54' title='bbox 1011 1342 1161 1415; x_wconf 91' lang='lat' dir='ltr'><strong>baroniis</strong></span> <span class='ocrx_word' id='word_1_55' title='bbox 1179 1351 1215 1416; x_wconf 91' lang='lat' dir='ltr'><strong>et</strong></span> <span class='ocrx_word' id='word_1_56' title='bbox 1233 1342 1368 1437; x_wconf 88' lang='lat' dir='ltr'><strong>magnis</strong></span> <span class='ocrx_word' id='word_1_57' title='bbox 1389 1341 1504 1415; x_wconf 83' lang='lat' dir='ltr'><strong>tendis</strong></span> <span class='ocrx_word' id='word_1_58' title='bbox 1520 1363 1590 1438; x_wconf 89' lang='lat' dir='ltr'><strong>que</strong></span> <span class='ocrx_word' id='word_1_59' title='bbox 1608 1342 1645 1414; x_wconf 91' lang='lat' dir='ltr'><strong>in</strong></span> <span class='ocrx_word' id='word_1_60' title='bbox 1662 1342 1949 1437; x_wconf 83' lang='lat' dir='ltr'><strong>quaternionibus</strong></span> 
     </span>
     <span class='ocr_line' id='line_1_8' title="bbox 534 1467 1949 1566; baseline -0.001 -25"><span class='ocrx_word' id='word_1_61' title='bbox 534 1469 647 1542; x_wconf 88' lang='lat' dir='ltr'><strong>doane</strong></span> <span class='ocrx_word' id='word_1_62' title='bbox 664 1480 778 1542; x_wconf 83' lang='lat' dir='ltr'><strong>nostre</strong></span> <span class='ocrx_word' id='word_1_63' title='bbox 792 1469 919 1566; x_wconf 82' lang='lat' dir='ltr'><strong>scripta</strong></span> <span class='ocrx_word' id='word_1_64' title='bbox 931 1479 1012 1541; x_wconf 90' lang='lat' dir='ltr'><strong>sunt</strong></span> <span class='ocrx_word' id='word_1_65' title='bbox 1035 1491 1043 1536; x_wconf 92' lang='lat'>:</span> <span class='ocrx_word' id='word_1_66' title='bbox 1065 1489 1135 1563; x_wconf 91' lang='lat' dir='ltr'><strong>qne</strong></span> <span class='ocrx_word' id='word_1_67' title='bbox 1152 1469 1268 1542; x_wconf 88' lang='lat' dir='ltr'><strong>omnia</strong></span> <span class='ocrx_word' id='word_1_68' title='bbox 1286 1467 1505 1564; x_wconf 78' lang='lat' dir='ltr'><strong>singulariter</strong></span> <span class='ocrx_word' id='word_1_69' title='bbox 1520 1467 1709 1563; x_wconf 80' lang='lat' dir='ltr'><strong>cognitioni</strong></span> <span class='ocrx_word' id='word_1_70' title='bbox 1721 1477 1837 1541; x_wconf 86' lang='lat' dir='ltr'><strong>nostre</strong></span> <span class='ocrx_word' id='word_1_71' title='bbox 1852 1467 1949 1541; x_wconf 87' lang='lat' dir='ltr'><strong>curie</strong></span> 
     </span>
     <span class='ocr_line' id='line_1_9' title="bbox 535 1616 766 1668; baseline -0.009 -1"><span class='ocrx_word' id='word_1_72' title='bbox 535 1616 766 1668; x_wconf 88' lang='lat' dir='ltr'><strong>reservamus.</strong></span> 
     </span>
    </p>
   </div>
   <div class='ocr_carea' id='block_1_3' title="bbox 534 1839 1948 2685">
    <p class='ocr_par' dir='ltr' id='par_1_3' title="bbox 534 1839 1948 2685">
     <span class='ocr_line' id='line_1_10' title="bbox 960 1839 1522 1936; baseline -0.002 -24"><span class='ocrx_word' id='word_1_73' title='bbox 960 1839 1162 1914; x_wconf 84' lang='lat' dir='ltr'>TITULUS</span> <span class='ocrx_word' id='word_1_74' title='bbox 1193 1841 1302 1913; x_wconf 86' lang='lat' dir='ltr'>XLV.</span> <span class='ocrx_word' id='word_1_75' title='bbox 1334 1841 1395 1912; x_wconf 86' lang='lat' dir='ltr'><strong>NE</strong></span> <span class='ocrx_word' id='word_1_76' title='bbox 1419 1840 1522 1936; x_wconf 82' lang='lat'>(55).</span> 
     </span>
     <span class='ocr_line' id='line_1_11' title="bbox 819 2005 1660 2104; baseline 0 -26"><span class='ocrx_word' id='word_1_77' title='bbox 819 2007 878 2080; x_wconf 74' lang='lat' dir='ltr'><strong>aar·</strong></span> <span class='ocrx_word' id='word_1_78' title='bbox 892 2007 1031 2080; x_wconf 70' lang='lat' dir='ltr'><strong>claron</strong></span> <span class='ocrx_word' id='word_1_79' title='bbox 1045 2009 1081 2079; x_wconf 86' lang='lat' dir='ltr'><strong>ia</strong></span> <span class='ocrx_word' id='word_1_80' title='bbox 1097 2007 1269 2102; x_wconf 79' lang='lat' dir='ltr'><strong>maleficiis</strong></span> <span class='ocrx_word' id='word_1_81' title='bbox 1287 2006 1399 2080; x_wconf 84' lang='lat' dir='ltr'><strong>debeat</strong></span> <span class='ocrx_word' id='word_1_82' title='bbox 1416 2007 1583 2079; x_wconf 76' lang='lat' dir='ltr'><strong>caaocairt&#39;</strong></span> <span class='ocrx_word' id='word_1_83' title='bbox 1597 2005 1610 2101; x_wconf 92' lang='lat'>(</span> <span class='ocrx_word' id='word_1_84' title='bbox 1634 2005 1660 2104; x_wconf 91' lang='lat'><strong>).</strong></span> 
     </span>
     <span class='ocr_line' id='line_1_12' title="bbox 1027 2169 1458 2269; baseline 0 -25"><span class='ocrx_word' id='word_1_85' title='bbox 1027 2195 1100 2245; x_wconf 79' lang='lat' dir='ltr'><strong>nux</strong></span> <span class='ocrx_word' id='word_1_86' title='bbox 1124 2193 1368 2246; x_wconf 83' lang='lat' dir='ltr'><strong>curnnrnrros</strong></span> <span class='ocrx_word' id='word_1_87' title='bbox 1392 2169 1458 2269; x_wconf 84' lang='lat' dir='ltr'><strong>(t).</strong></span> 
     </span>
     <span class='ocr_line' id='line_1_13' title="bbox 584 2335 1945 2434; baseline 0.001 -26"><span class='ocrx_word' id='word_1_88' title='bbox 584 2339 633 2410; x_wconf 87' lang='lat' dir='ltr'><strong>De</strong></span> <span class='ocrx_word' id='word_1_89' title='bbox 649 2339 805 2434; x_wconf 86' lang='lat' dir='ltr'><strong>personis</strong></span> <span class='ocrx_word' id='word_1_90' title='bbox 827 2337 1030 2411; x_wconf 86' lang='lat' dir='ltr'><strong>clericorum</strong></span> <span class='ocrx_word' id='word_1_91' title='bbox 1051 2337 1156 2410; x_wconf 87' lang='lat' dir='ltr'><strong>totius</strong></span> <span class='ocrx_word' id='word_1_92' title='bbox 1173 2337 1271 2432; x_wconf 87' lang='lat' dir='ltr'><strong>regni</strong></span> <span class='ocrx_word' id='word_1_93' title='bbox 1298 2335 1405 2410; x_wconf 89' lang='lat' dir='ltr'><strong>nostri</strong></span> <span class='ocrx_word' id='word_1_94' title='bbox 1432 2337 1594 2410; x_wconf 89' lang='lat' dir='ltr'><strong>volumus</strong></span> <span class='ocrx_word' id='word_1_95' title='bbox 1611 2345 1646 2408; x_wconf 89' lang='lat' dir='ltr'><strong>et</strong></span> <span class='ocrx_word' id='word_1_96' title='bbox 1666 2337 1830 2429; x_wconf 87' lang='lat' dir='ltr'><strong>jubemus</strong></span> <span class='ocrx_word' id='word_1_97' title='bbox 1851 2335 1945 2432; x_wconf 90' lang='lat' dir='ltr'><strong>qnod</strong></span> 
     </span>
     <span class='ocr_line' id='line_1_14' title="bbox 535 2461 1948 2560; baseline -0.002 -24"><span class='ocrx_word' id='word_1_98' title='bbox 535 2465 565 2536; x_wconf 91' lang='lat' dir='ltr'><strong>si</strong></span> <span class='ocrx_word' id='word_1_99' title='bbox 582 2462 627 2537; x_wconf 89' lang='lat' dir='ltr'><strong>de</strong></span> <span class='ocrx_word' id='word_1_100' title='bbox 645 2463 763 2559; x_wconf 88' lang='lat' dir='ltr'><strong>aliquo</strong></span> <span class='ocrx_word' id='word_1_101' title='bbox 783 2463 864 2536; x_wconf 83' lang='lat' dir='ltr'><strong>forie</strong></span> <span class='ocrx_word' id='word_1_102' title='bbox 887 2463 976 2536; x_wconf 84' lang='lat' dir='ltr'><strong>sacta</strong></span> <span class='ocrx_word' id='word_1_103' title='bbox 1001 2461 1135 2557; x_wconf 91' lang='lat' dir='ltr'><strong>dequo</strong></span> <span class='ocrx_word' id='word_1_104' title='bbox 1162 2483 1308 2560; x_wconf 89' lang='lat' dir='ltr'><strong>persana</strong></span> <span class='ocrx_word' id='word_1_105' title='bbox 1322 2461 1471 2555; x_wconf 86' lang='lat' dir='ltr'><strong>judicari</strong></span> <span class='ocrx_word' id='word_1_106' title='bbox 1497 2463 1555 2536; x_wconf 84' lang='lat' dir='ltr'><strong>vel</strong></span> <span class='ocrx_word' id='word_1_107' title='bbox 1574 2461 1795 2535; x_wconf 88' lang='lat' dir='ltr'><strong>condemnari</strong></span> <span class='ocrx_word' id='word_1_108' title='bbox 1822 2461 1948 2536; x_wconf 86' lang='lat' dir='ltr'><strong>debeat</strong></span> 
     </span>
     <span class='ocr_line' id='line_1_15' title="bbox 534 2585 1944 2685; baseline -0.002 -24"><span class='ocrx_word' id='word_1_109' title='bbox 534 2588 725 2685; x_wconf 86' lang='lat' dir='ltr'><strong>appellatus</strong></span> <span class='ocrx_word' id='word_1_110' title='bbox 738 2589 852 2680; x_wconf 82' lang='lat' dir='ltr'><strong>inerit,</strong></span> <span class='ocrx_word' id='word_1_111' title='bbox 866 2609 936 2660; x_wconf 92' lang='lat' dir='ltr'><strong>non</strong></span> <span class='ocrx_word' id='word_1_112' title='bbox 952 2587 1083 2662; x_wconf 89' lang='lat' dir='ltr'><strong>anobis</strong></span> <span class='ocrx_word' id='word_1_113' title='bbox 1099 2587 1155 2660; x_wconf 92' lang='lat' dir='ltr'><strong>vel</strong></span> <span class='ocrx_word' id='word_1_114' title='bbox 1167 2609 1188 2660; x_wconf 87' lang='lat' dir='ltr'><strong>a</strong></span> <span class='ocrx_word' id='word_1_115' title='bbox 1200 2588 1294 2661; x_wconf 90' lang='lat' dir='ltr'><strong>curia</strong></span> <span class='ocrx_word' id='word_1_116' title='bbox 1310 2597 1439 2679; x_wconf 89' lang='lat' dir='ltr'><strong>nostra,</strong></span> <span class='ocrx_word' id='word_1_117' title='bbox 1452 2585 1515 2660; x_wconf 88' lang='lat' dir='ltr'><strong>sed</strong></span> <span class='ocrx_word' id='word_1_118' title='bbox 1533 2587 1579 2660; x_wconf 88' lang='lat' dir='ltr'><strong>ab</strong></span> <span class='ocrx_word' id='word_1_119' title='bbox 1592 2587 1738 2661; x_wconf 87' lang='lat' dir='ltr'><strong>ecclesia</strong></span> <span class='ocrx_word' id='word_1_120' title='bbox 1751 2595 1786 2660; x_wconf 88' lang='lat' dir='ltr'><strong>ct</strong></span> <span class='ocrx_word' id='word_1_121' title='bbox 1798 2587 1835 2659; x_wconf 91' lang='lat' dir='ltr'><strong>in</strong></span> <span class='ocrx_word' id='word_1_122' title='bbox 1850 2587 1944 2661; x_wconf 91' lang='lat' dir='ltr'><strong>curia</strong></span> 
     </span>
    </p>
   </div>
   <div class='ocr_carea' id='block_1_4' title="bbox 533 2709 1945 2932">
    <p class='ocr_par' dir='ltr' id='par_1_4' title="bbox 533 2709 1945 2932">
     <span class='ocr_line' id='line_1_16' title="bbox 533 2709 1944 2809; baseline -0.004 -21"><span class='ocrx_word' id='word_1_123' title='bbox 533 2712 678 2788; x_wconf 86' lang='lat' dir='ltr'><strong>ecclesie</strong></span> <span class='ocrx_word' id='word_1_124' title='bbox 695 2713 740 2786; x_wconf 89' lang='lat' dir='ltr'><strong>de</strong></span> <span class='ocrx_word' id='word_1_125' title='bbox 757 2734 799 2786; x_wconf 86' lang='lat' dir='ltr'><strong>oc</strong></span> <span class='ocrx_word' id='word_1_126' title='bbox 816 2713 911 2808; x_wconf 92' lang='lat' dir='ltr'><strong>quod</strong></span> <span class='ocrx_word' id='word_1_127' title='bbox 924 2712 971 2786; x_wconf 86' lang='lat' dir='ltr'><strong>ad</strong></span> <span class='ocrx_word' id='word_1_128' title='bbox 988 2733 1168 2808; x_wconf 79' lang='lat' dir='ltr'><strong>pomonam</strong></span> <span class='ocrx_word' id='word_1_129' title='bbox 1182 2735 1281 2785; x_wconf 88' lang='lat' dir='ltr'><strong>suam</strong></span> <span class='ocrx_word' id='word_1_130' title='bbox 1300 2713 1445 2809; x_wconf 89' lang='lat' dir='ltr'><strong>pertinet</strong></span> <span class='ocrx_word' id='word_1_131' title='bbox 1458 2709 1505 2808; x_wconf 85' lang='lat' dir='ltr'><strong>(b)</strong></span> <span class='ocrx_word' id='word_1_132' title='bbox 1514 2711 1736 2805; x_wconf 87' lang='lat' dir='ltr'><strong>judicetnret</strong></span> <span class='ocrx_word' id='word_1_133' title='bbox 1752 2711 1944 2786; x_wconf 90' lang='lat' dir='ltr'><strong>secundum</strong></span> 
     </span>
     <span class='ocr_line' id='line_1_17' title="bbox 533 2835 1945 2932; baseline -0.001 -23"><span class='ocrx_word' id='word_1_134' title='bbox 533 2857 682 2910; x_wconf 87' lang='lat' dir='ltr'><strong>canones</strong></span> <span class='ocrx_word' id='word_1_135' title='bbox 698 2846 732 2908; x_wconf 90' lang='lat' dir='ltr'><strong>et</strong></span> <span class='ocrx_word' id='word_1_136' title='bbox 745 2838 805 2930; x_wconf 87' lang='lat' dir='ltr'><strong>jus</strong></span> <span class='ocrx_word' id='word_1_137' title='bbox 820 2837 1086 2910; x_wconf 86' lang='lat' dir='ltr'><strong>ecclesiasticum</strong></span> <span class='ocrx_word' id='word_1_138' title='bbox 1101 2836 1369 2921; x_wconf 65' lang='lat' dir='ltr'><strong>condemnatum</strong></span> <span class='ocrx_word' id='word_1_139' title='bbox 1392 2847 1539 2932; x_wconf 85' lang='lat' dir='ltr'><strong>excepto</strong></span> <span class='ocrx_word' id='word_1_140' title='bbox 1557 2837 1587 2910; x_wconf 92' lang='lat' dir='ltr'><strong>si</strong></span> <span class='ocrx_word' id='word_1_141' title='bbox 1603 2835 1648 2909; x_wconf 90' lang='lat' dir='ltr'><strong>de</strong></span> <span class='ocrx_word' id='word_1_142' title='bbox 1668 2835 1859 2932; x_wconf 85' lang='lat' dir='ltr'><strong>proditione</strong></span> <span class='ocrx_word' id='word_1_143' title='bbox 1879 2837 1945 2910; x_wconf 90' lang='lat' dir='ltr'><strong>ali·</strong></span> 
     </span>
    </p>
   </div>
   <div class='ocr_carea' id='block_1_5' title="bbox 532 2955 1944 3306">
    <p class='ocr_par' dir='ltr' id='par_1_5' title="bbox 532 2955 1944 3306">
     <span class='ocr_line' id='line_1_18' title="bbox 533 2955 1943 3056; baseline -0.001 -24"><span class='ocrx_word' id='word_1_144' title='bbox 533 2961 612 3055; x_wconf 86' lang='lat' dir='ltr'><strong>quis</strong></span> <span class='ocrx_word' id='word_1_145' title='bbox 622 2959 926 3056; x_wconf 81' lang='lat' dir='ltr'><strong>tueritappeiiatns</strong></span> <span class='ocrx_word' id='word_1_146' title='bbox 938 2961 995 3034; x_wconf 86' lang='lat' dir='ltr'><strong>vel</strong></span> <span class='ocrx_word' id='word_1_147' title='bbox 1008 2960 1053 3034; x_wconf 88' lang='lat' dir='ltr'><strong>de</strong></span> <span class='ocrx_word' id='word_1_148' title='bbox 1066 2961 1135 3034; x_wconf 86' lang='lat' dir='ltr'><strong>aiio</strong></span> <span class='ocrx_word' id='word_1_149' title='bbox 1150 2981 1276 3054; x_wconf 87' lang='lat' dir='ltr'><strong>magno</strong></span> <span class='ocrx_word' id='word_1_150' title='bbox 1290 2957 1493 3054; x_wconf 88' lang='lat' dir='ltr'><strong>hujusmodi</strong></span> <span class='ocrx_word' id='word_1_151' title='bbox 1507 2955 1690 3048; x_wconf 86' lang='lat' dir='ltr'><strong>maleficio,</strong></span> <span class='ocrx_word' id='word_1_152' title='bbox 1702 2959 1800 3055; x_wconf 92' lang='lat' dir='ltr'><strong>quod</strong></span> <span class='ocrx_word' id='word_1_153' title='bbox 1812 2969 1943 3056; x_wconf 89' lang='lat' dir='ltr'><strong>spectat</strong></span> 
     </span>
     <span class='ocr_line' id='line_1_19' title="bbox 532 3082 1944 3180; baseline 0.001 -24"><span class='ocrx_word' id='word_1_154' title='bbox 532 3082 578 3157; x_wconf 88' lang='lat' dir='ltr'><strong>ad</strong></span> <span class='ocrx_word' id='word_1_155' title='bbox 595 3085 804 3178; x_wconf 83' lang='lat' dir='ltr'><strong>majestatem</strong></span> <span class='ocrx_word' id='word_1_156' title='bbox 822 3093 984 3158; x_wconf 88' lang='lat' dir='ltr'><strong>nostram.</strong></span> <span class='ocrx_word' id='word_1_157' title='bbox 1007 3083 1109 3171; x_wconf 88' lang='lat' dir='ltr'><strong>Quod</strong></span> <span class='ocrx_word' id='word_1_158' title='bbox 1129 3085 1158 3158; x_wconf 90' lang='lat' dir='ltr'><strong>si</strong></span> <span class='ocrx_word' id='word_1_159' title='bbox 1181 3084 1363 3174; x_wconf 86' lang='lat' dir='ltr'><strong>acciderit,</strong></span> <span class='ocrx_word' id='word_1_160' title='bbox 1380 3084 1541 3158; x_wconf 89' lang='lat' dir='ltr'><strong>volumus</strong></span> <span class='ocrx_word' id='word_1_161' title='bbox 1559 3094 1593 3157; x_wconf 87' lang='lat' dir='ltr'><strong>at</strong></span> <span class='ocrx_word' id='word_1_162' title='bbox 1607 3083 1817 3180; x_wconf 86' lang='lat' dir='ltr'><strong>precipimus</strong></span> <span class='ocrx_word' id='word_1_163' title='bbox 1837 3095 1877 3157; x_wconf 89' lang='lat' dir='ltr'><strong>ut</strong></span> <span class='ocrx_word' id='word_1_164' title='bbox 1898 3085 1944 3158; x_wconf 88' lang='lat' dir='ltr'><strong>de</strong></span> 
     </span>
     <span class='ocr_line' id='line_1_20' title="bbox 533 3207 1735 3306; baseline -0.001 -25"><span class='ocrx_word' id='word_1_165' title='bbox 533 3209 598 3282; x_wconf 92' lang='lat' dir='ltr'><strong>hoc</strong></span> <span class='ocrx_word' id='word_1_166' title='bbox 613 3210 708 3305; x_wconf 92' lang='lat' dir='ltr'><strong>quod</strong></span> <span class='ocrx_word' id='word_1_167' title='bbox 720 3219 852 3306; x_wconf 84' lang='lat' dir='ltr'><strong>spectat</strong></span> <span class='ocrx_word' id='word_1_168' title='bbox 869 3211 914 3284; x_wconf 89' lang='lat' dir='ltr'><strong>ad</strong></span> <span class='ocrx_word' id='word_1_169' title='bbox 932 3210 1063 3285; x_wconf 91' lang='lat' dir='ltr'><strong>curiam</strong></span> <span class='ocrx_word' id='word_1_170' title='bbox 1081 3219 1232 3284; x_wconf 87' lang='lat' dir='ltr'><strong>nostram</strong></span> <span class='ocrx_word' id='word_1_171' title='bbox 1249 3209 1418 3284; x_wconf 93' lang='lat' dir='ltr'><strong>innostra</strong></span> <span class='ocrx_word' id='word_1_172' title='bbox 1435 3209 1532 3282; x_wconf 91' lang='lat' dir='ltr'><strong>curia</strong></span> <span class='ocrx_word' id='word_1_173' title='bbox 1547 3207 1735 3302; x_wconf 88' lang='lat' dir='ltr'><strong>judicetur.</strong></span> 
     </span>
    </p>
   </div>
   <div class='ocr_carea' id='block_1_6' title="bbox 592 3529 1871 3931">
    <p class='ocr_par' dir='ltr' id='par_1_6' title="bbox 592 3529 1871 3931">
     <span class='ocr_line' id='line_1_21' title="bbox 958 3529 1518 3628; baseline 0 -28"><span class='ocrx_word' id='word_1_174' title='bbox 958 3529 1158 3602; x_wconf 84' lang='lat' dir='ltr'>TITULUS</span> <span class='ocrx_word' id='word_1_175' title='bbox 1182 3530 1311 3603; x_wconf 83' lang='lat' dir='ltr'>XLVI.</span> <span class='ocrx_word' id='word_1_176' title='bbox 1338 3534 1393 3615; x_wconf 81' lang='grc' dir='ltr'><strong>Νς</strong></span> <span class='ocrx_word' id='word_1_177' title='bbox 1417 3529 1518 3628; x_wconf 88' lang='grc'>(56).</span> 
     </span>
     <span class='ocr_line' id='line_1_22' title="bbox 592 3691 1871 3792; baseline -0.001 -28"><span class='ocrx_word' id='word_1_178' title='bbox 592 3693 641 3764; x_wconf 84' lang='lat' dir='ltr'><strong>De</strong></span> <span class='ocrx_word' id='word_1_179' title='bbox 657 3693 861 3788; x_wconf 70' lang='lat' dir='ltr'><strong>mutatione</strong></span> <span class='ocrx_word' id='word_1_180' title='bbox 879 3693 1078 3765; x_wconf 82' lang='lat' dir='ltr'><strong>sacramenti</strong></span> <span class='ocrx_word' id='word_1_181' title='bbox 1093 3717 1116 3765; x_wconf 93' lang='lat' dir='ltr'><strong>a</strong></span> <span class='ocrx_word' id='word_1_182' title='bbox 1134 3695 1292 3787; x_wconf 77' lang='lat' dir='ltr'><strong>magistra</strong></span> <span class='ocrx_word' id='word_1_183' title='bbox 1304 3695 1495 3786; x_wconf 83' lang='lat' dir='ltr'><strong>justitiario</strong></span> <span class='ocrx_word' id='word_1_184' title='bbox 1514 3697 1565 3784; x_wconf 86' lang='lat' dir='ltr'><strong>[ct</strong></span> <span class='ocrx_word' id='word_1_185' title='bbox 1574 3692 1771 3788; x_wconf 62' lang='lat' dir='ltr'><strong>justitiariis</strong></span> <span class='ocrx_word' id='word_1_186' title='bbox 1789 3691 1871 3792; x_wconf 87' lang='lat' dir='ltr'><strong>(c)].</strong></span> 
     </span>
     <span class='ocr_line' id='line_1_23' title="bbox 989 3881 1477 3931; baseline 0.004 -3"><span class='ocrx_word' id='word_1_187' title='bbox 989 3881 1204 3930; x_wconf 79' lang='lat' dir='ltr'><strong>rurnnarcn</strong></span> <span class='ocrx_word' id='word_1_188' title='bbox 1228 3881 1477 3931; x_wconf 83' lang='lat' dir='ltr'><strong>rannnarcus.</strong></span> 
     </span>
    </p>
   </div>
   <div class='ocr_carea' id='block_1_7' title="bbox 577 4021 1938 4118">
    <p class='ocr_par' dir='ltr' id='par_1_7' title="bbox 577 4021 1938 4118">
     <span class='ocr_line' id='line_1_24' title="bbox 577 4021 1938 4118; baseline 0.001 -24"><span class='ocrx_word' id='word_1_189' title='bbox 577 4023 668 4096; x_wconf 86' lang='lat' dir='ltr'><strong>Inter</strong></span> <span class='ocrx_word' id='word_1_190' title='bbox 685 4031 796 4096; x_wconf 87' lang='lat' dir='ltr'><strong>cetera</strong></span> <span class='ocrx_word' id='word_1_191' title='bbox 811 4021 962 4118; x_wconf 82' lang='lat' dir='ltr'><strong>capitula</strong></span> <span class='ocrx_word' id='word_1_192' title='bbox 977 4043 1047 4116; x_wconf 90' lang='lat' dir='ltr'><strong>que</strong></span> <span class='ocrx_word' id='word_1_193' title='bbox 1058 4023 1094 4094; x_wconf 94' lang='lat' dir='ltr'><strong>in</strong></span> <span class='ocrx_word' id='word_1_194' title='bbox 1110 4031 1323 4096; x_wconf 87' lang='lat' dir='ltr'><strong>sacramento</strong></span> <span class='ocrx_word' id='word_1_195' title='bbox 1339 4021 1524 4118; x_wconf 84' lang='lat' dir='ltr'><strong>prestando</strong></span> <span class='ocrx_word' id='word_1_196' title='bbox 1538 4045 1558 4097; x_wconf 87' lang='lat' dir='ltr'><strong>a</strong></span> <span class='ocrx_word' id='word_1_197' title='bbox 1572 4023 1737 4118; x_wconf 86' lang='lat' dir='ltr'><strong>magistro</strong></span> <span class='ocrx_word' id='word_1_198' title='bbox 1747 4022 1938 4116; x_wconf 88' lang='lat' dir='ltr'><strong>justitiario</strong></span> 
     </span>
    </p>
   </div>
   <div class='ocr_carea' id='block_1_8' title="bbox 567 4193 1555 4494">
    <p class='ocr_par' dir='ltr' id='par_1_8' title="bbox 567 4193 1555 4494">
     <span class='ocr_line' id='line_1_25' title="bbox 568 4193 1555 4279; baseline 0.004 -21"><span class='ocrx_word' id='word_1_199' title='bbox 568 4195 610 4276; x_wconf 87' lang='lat' dir='ltr'><strong>(a)</strong></span> <span class='ocrx_word' id='word_1_200' title='bbox 630 4197 741 4259; x_wconf 81' lang='lat' dir='ltr'><strong>Graece</strong></span> <span class='ocrx_word' id='word_1_201' title='bbox 756 4215 764 4258; x_wconf 75' lang='lat' dir='ltr'><strong>a</strong></span> <span class='ocrx_word' id='word_1_202' title='bbox 778 4197 821 4258; x_wconf 75' lang='lat' dir='ltr'><strong>aa</strong></span> <span class='ocrx_word' id='word_1_203' title='bbox 833 4193 943 4260; x_wconf 74' lang='lat' dir='ltr'><strong>clar-iaia</strong></span> <span class='ocrx_word' id='word_1_204' title='bbox 958 4193 1075 4279; x_wconf 63' lang='lat' dir='ltr'><strong>munda</strong></span> <span class='ocrx_word' id='word_1_205' title='bbox 1086 4193 1277 4260; x_wconf 65' lang='lat' dir='ltr'><strong>mamare</strong></span> <span class='ocrx_word' id='word_1_206' title='bbox 1288 4197 1555 4279; x_wconf 74' lang='lat' dir='ltr'><strong>wmntisucrt‘ut.</strong></span> 
     </span>
     <span class='ocr_line' id='line_1_26' title="bbox 568 4299 847 4385; baseline 0.007 -20"><span class='ocrx_word' id='word_1_207' title='bbox 568 4299 611 4385; x_wconf 80' lang='grc'><strong>(5)</strong></span> <span class='ocrx_word' id='word_1_208' title='bbox 631 4303 714 4366; x_wconf 77' lang='lat' dir='ltr'><strong>Attus</strong></span> <span class='ocrx_word' id='word_1_209' title='bbox 725 4310 847 4384; x_wconf 77' lang='lat' dir='ltr'><strong>apertat.</strong></span> 
     </span>
     <span class='ocr_line' id='line_1_27' title="bbox 567 4408 1120 4494; baseline 0.005 -21"><span class='ocrx_word' id='word_1_210' title='bbox 567 4408 608 4493; x_wconf 85' lang='lat' dir='ltr'><strong>(c)</strong></span> <span class='ocrx_word' id='word_1_211' title='bbox 631 4410 1120 4494; x_wconf 77' lang='lat' dir='ltr'><strong>Etjratiriartirdecsttngrueco.</strong></span> 
     </span>
    </p>
   </div>
   <div class='ocr_carea' id='block_1_9' title="bbox 529 4647 1939 4823">
    <p class='ocr_par' dir='ltr' id='par_1_9' title="bbox 529 4647 1939 4823">
     <span class='ocr_line' id='line_1_28' title="bbox 529 4647 1939 4724; baseline 0.002 -20"><span class='ocrx_word' id='word_1_212' title='bbox 529 4655 530 4658; x_wconf 74' lang='grc'>’</span> <span class='ocrx_word' id='word_1_213' title='bbox 562 4647 599 4723; x_wconf 82' lang='lat' dir='ltr'><strong>(t)</strong></span> <span class='ocrx_word' id='word_1_214' title='bbox 617 4647 658 4707; x_wconf 83' lang='lat' dir='ltr'><strong>ct.</strong></span> <span class='ocrx_word' id='word_1_215' title='bbox 671 4648 736 4723; x_wconf 91' lang='lat' dir='ltr'><strong>quid</strong></span> <span class='ocrx_word' id='word_1_216' title='bbox 747 4664 830 4724; x_wconf 84' lang='lat' dir='ltr'><strong>supra</strong></span> <span class='ocrx_word' id='word_1_217' title='bbox 840 4647 987 4709; x_wconf 86' lang='lat' dir='ltr'><strong>dixerimus</strong></span> <span class='ocrx_word' id='word_1_218' title='bbox 999 4649 1033 4708; x_wconf 90' lang='lat' dir='ltr'><strong>de</strong></span> <span class='ocrx_word' id='word_1_219' title='bbox 1047 4648 1099 4708; x_wconf 86' lang='lat' dir='ltr'><strong>hac</strong></span> <span class='ocrx_word' id='word_1_220' title='bbox 1109 4649 1297 4710; x_wconf 87' lang='lat' dir='ltr'><strong>constitutione</strong></span> <span class='ocrx_word' id='word_1_221' title='bbox 1307 4665 1325 4708; x_wconf 85' lang='lat' dir='ltr'><strong>a</strong></span> <span class='ocrx_word' id='word_1_222' title='bbox 1337 4647 1479 4708; x_wconf 82' lang='lat' dir='ltr'><strong>Guitletmo</strong></span> <span class='ocrx_word' id='word_1_223' title='bbox 1493 4649 1517 4707; x_wconf 88' lang='lat' dir='ltr'><strong>n</strong></span> <span class='ocrx_word' id='word_1_224' title='bbox 1529 4665 1592 4724; x_wconf 83' lang='lat' dir='ltr'><strong>rege</strong></span> <span class='ocrx_word' id='word_1_225' title='bbox 1601 4665 1652 4724; x_wconf 86' lang='lat' dir='ltr'><strong>pro</strong></span> <span class='ocrx_word' id='word_1_226' title='bbox 1665 4649 1780 4708; x_wconf 80' lang='lat' dir='ltr'><strong>ecclesia</strong></span> <span class='ocrx_word' id='word_1_227' title='bbox 1791 4651 1939 4707; x_wconf 83' lang='lat' dir='ltr'><strong>Panormi-</strong></span> 
     </span>
     <span class='ocr_line' id='line_1_29' title="bbox 531 4747 911 4823; baseline -0.003 -19"><span class='ocrx_word' id='word_1_228' title='bbox 531 4753 594 4805; x_wconf 88' lang='lat' dir='ltr'><strong>tana</strong></span> <span class='ocrx_word' id='word_1_229' title='bbox 606 4747 693 4821; x_wconf 85' lang='lat' dir='ltr'><strong>edita,</strong></span> <span class='ocrx_word' id='word_1_230' title='bbox 705 4763 733 4823; x_wconf 90' lang='lat' dir='ltr'><strong>p.</strong></span> <span class='ocrx_word' id='word_1_231' title='bbox 750 4749 794 4820; x_wconf 82' lang='lat' dir='ltr'><strong>ta,</strong></span> <span class='ocrx_word' id='word_1_232' title='bbox 809 4751 866 4804; x_wconf 92' lang='lat' dir='ltr'><strong>not.</strong></span> <span class='ocrx_word' id='word_1_233' title='bbox 883 4748 911 4803; x_wconf 88' lang='lat' dir='ltr'><strong>t.</strong></span> 
     </span>
    </p>
   </div>
   <div class='ocr_carea' id='block_1_10' title="bbox 0 0 2190 5913">
    <p class='ocr_par' dir='ltr' id='par_1_10' title="bbox 0 0 2190 5913">
     <span class='ocr_line' id='line_1_30' title="bbox 0 0 2190 5913; baseline 0 0"><span class='ocrx_word' id='word_1_234' title='bbox 0 0 2190 5913; x_wconf 95' lang='lat' dir='ltr'><strong> </strong></span> 
     </span>
    </p>
   </div>
  </div>
 </body>
</html>
