4288 5912
214 601 315 666 uua.
333 597 377 679 e]
665 592 862 656 srsronrs
885 595 1179 660 nrrnounntes
1565 589 1627 654 roe

213 759 335 848 papae
366 728 516 844 gladios
540 728 582 812 in
606 753 844 840 perversores
874 727 962 813 fidei
989 739 1027 814 et
1052 729 1211 815 rebelles
1232 724 1380 837 imperii
1398 723 1629 808 unanimiter

214 877 420 975 exacuant3
439 861 631 974 mittitque
661 860 865 947 llenricum
893 863 942 948 dc
966 865 1093 950 Merra
1118 873 1156 949 et
1183 863 1338 948 Petrum
1358 859 1408 943 de
1423 858 1543 943 Vinea
1560 858 1628 970 qui

214 1030 294 1089 una
323 1027 413 1086 eum
442 997 674 1086 llessanensi
706 997 988 1112 archiepiscopo
1014 1011 1052 1084 et
1077 1001 1252 1113 episeopo
1273 994 1438 1108 Trojano
1455 1021 1575 1106 papae
1592 1005 1630 1079 et

214 1134 475 1222 cardinalibus
493 1157 604 1217 suam
621 1131 794 1244 aperiant
809 1133 1058 1219 uoluntatem.

298 1336 630 1414 (Edldltllarnmnus,
649 1329 762 1396 dunel.
778 1330 886 1412 acles„
900 1341 975 1400 tom.
994 1335 1082 1410 xxl,
1096 1335 1135 1398 ad
1147 1351 1221 1398 ann.
1240 1329 1359 1414 lmus
1379 1331 1475 1407 XXV,
1496 1331 1549 1394 sed
1570 1347 1631 1395 non

337 1447 451 1524 tntegre
466 1460 475 1504 r
490 1439 740 1520 complementum
752 1447 853 1504 antem
866 1443 1005 1506 addimus
1017 1459 1056 1506 ex
1067 1444 1201 1518 flamm,
1216 1439 1299 1504 Kato.
1314 1437 1432 1501 emeda
1447 1437 1487 1514 11,
1500 1439 1628 1520 append.
1657 1435 1658 1438 ’

338 1559 371 1612 n·
382 1550 445 1626 XI,
460 1553 598 1629 eregest.
617 1547 755 1628 (tregen,
769 1548 822 1612 ltb.
838 1549 898 1626 Vl,
914 1559 947 1612 n·
962 1549 1046 1632 ²68.)

268 1736 494 1812 sanctissimo
511 1735 549 1808 in
564 1733 698 1810 Christo
716 1735 802 1833 patri
815 1735 990 1832 Gregorio,
1003 1747 1086 1831 ete,
1104 1735 1324 1830 Fredericns,
1340 1744 1406 1810 etc.
1422 1733 1634 1829 Languentis

218 1861 312 1939 orbis
326 1859 507 1936 infirmitas
519 1859 632 1936 seduli
646 1859 773 1934 medici
785 1861 903 1936 studio
914 1861 1077 1936 destituta
1090 1883 1133 1935 nc
1147 1862 1217 1936 lere
1227 1858 1438 1958 quibuslibet
1451 1858 1631 1933 bominum

219 1987 401 2085 desperata
415 1984 601 2080 suffragiis,
618 1985 664 2059 nb
675 1984 735 2058 illo
749 1985 870 2060 salutis
883 2007 946 2060 sne
958 1987 1164 2084 prestolatur
1175 1985 1366 2060 antidotum
1373 1966 1632 2080 quicecosilln·

219 2113 343 2205 minat,
361 2107 926 2206 elisoserigitetdesperatosnovit
941 2133 1062 2184 curare
1072 2111 1268 2206 languores,
1279 2107 1632 2203 cujusestinedabilis

220 2260 304 2314 cure
315 2237 482 2335 pmvisio,
498 2238 598 2331 cnjus
611 2243 809 2332 estsemper
820 2236 958 2332 previsa
976 2237 1120 2328 curatio,
1138 2237 1200 2332 qni
1213 2247 1376 2332 tanquam
1393 2235 1509 2329 ignota
1523 2233 1632 2308 seculi

220 2362 460 2460 complexione
469 2381 538 2434 non
550 2360 692 2449 fallitur,
706 2360 768 2455 qni
785 2381 851 2434 nee
865 2359 901 2433 in
915 2361 1162 2436 elementorum
1177 2371 1300 2434 natura
1312 2359 1495 2456 decipitur,
1511 2367 1633 2455 utpote

221 2487 283 2584 qui
296 2497 420 2561 nature
433 2485 596 2560 dominus
611 2495 647 2559 et
662 2485 773 2582 ipsius
786 2485 892 2560 etiam
901 2487 1150 2583 complexionis
1166 2495 1260 2560 actor
1270 2495 1339 2572 est;
1359 2484 1406 2559 ad
1417 2485 1544 2559 medici
1557 2485 1634 2558 talis

222 2612 403 2686 consilium
413 2611 480 2686 snb
488 2619 580 2685 sorte
588 2631 657 2684 non
665 2609 917 2686 dubiaaborbe
924 2613 1111 2687 recurritur
1118 2621 1153 2686 et
1159 2611 1306 2686 velutad
1313 2633 1411 2685 suam
1421 2610 1524 2684 crisin
1533 2609 1635 2684 redu·

223 2737 325 2830 citur,
342 2737 426 2814 dum
439 2735 486 2810 ad
499 2736 636 2810 lactoris
649 2736 777 2833 proprii
792 2737 941 2832 presidia
953 2747 1138 2812 revocatur
1150 2738 1186 2810 in
1198 2757 1302 2834 quem
1321 2736 1380 2809 illa
1396 2745 1467 2809 tam
1484 2737 1634 2832 perlecto

223 2862 703 2960 conveniuntqneperleotum
713 2860 886 2936 medicum
899 2863 1041 2956 faciunt,
1055 2873 1094 2937 ut
1106 2863 1142 2935 in
1149 2883 1330 2936 cansarum
1337 2861 1544 2956 egritudinis
1556 2883 1633 2958 pre·

222 2987 356 3063 visione
369 2988 414 3062 sit
429 2987 580 3086 sapiens,
600 2987 637 3060 in
653 2986 814 3061 instantia
829 3009 912 3064 cure
927 2989 1092 3064 sollicitus
1103 2990 1183 3064 etin
1197 2987 1475 3086 pharmaciarnm
1493 3009 1635 3084 porrec-

224 3113 318 3187 tione
336 3111 469 3206 lidelis,
494 3113 556 3209 qui
577 3114 757 3188 ecclesiam
771 3137 871 3189 snam
890 3115 1074 3213 previdens
1086 3115 1247 3212 angustia
1257 3113 1388 3211 duplici
1404 3111 1632 3208 fatigandam,

225 3238 394 3313 contraria
407 3238 562 3314 curando
574 3240 753 3314 conuariis
767 3241 920 3316 remedio
934 3241 1064 3338 duplici
1080 3241 1160 3315 fidei
1173 3249 1288 3314 nosne
1304 3239 1506 3334 gravamina
1519 3238 1636 3312 suble·

225 3363 343 3438 vauda
354 3364 519 3461 previdit.
535 3363 708 3460 Affligitur
724 3367 851 3439 etenim
865 3366 1008 3441 erotesis
1022 3387 1092 3463 qne
1105 3365 1326 3462 congregatio
1340 3359 1496 3438 fidelium
1509 3363 1637 3438 dicitnr

225 3489 263 3562 in
281 3487 376 3562 salsis
393 3489 664 3565 fratribusuelut
677 3489 714 3562 in
727 3489 937 3586 quibusdam
950 3491 1045 3566 uitiis
1057 3491 1201 3566 occultis
1213 3489 1436 3578 intrinsecus,
1458 3497 1493 3563 et
1504 3489 1635 3562 extrin-

226 3633 327 3687 secus
354 3613 574 3709 publicarum
601 3614 827 3690 rebellionum
852 3615 1049 3690 incursibus
1070 3617 1198 3714 apertis
1222 3615 1427 3688 vulneribus
1452 3615 1634 3688 laceratur.

226 3737 288 3810 His
305 3736 445 3812 duobus
462 3761 532 3813 non
551 3739 653 3832 duas,
673 3741 736 3816 sed
753 3763 859 3814 unam
878 3741 1052 3837 duplicem
1067 3741 1220 3839 provisio
1233 3741 1366 3814 celestis
1380 3739 1540 3836 apposuit
1556 3761 1638 3813 me·

228 3861 402 3937 diuinam:
420 3873 638 3960 unguentum
656 3863 879 3938 sacerdotalis
891 3865 994 3940 officii
1004 3889 1067 3962 per
1075 3866 1171 3962 qnod
1182 3865 1344 3939 falsorum
1354 3864 1498 3936 lratmm
1516 3863 1638 3935 intrin-

228 3986 401 4062 seoauitia
412 3997 531 4085 utpote
541 3987 727 4063 inlicientia
741 3989 892 4064 nobilem
906 3991 1057 4064 animem
1071 3989 1289 4088 spiritualiter
1302 3997 1517 4072 curarentur,
1531 3988 1638 4083 gladii

228 4111 415 4208 imperialis
443 4113 629 4208 potentiam
655 4115 716 4210 qni
740 4115 887 4188 vulnera
910 4114 1044 4188 tumida
1071 4121 1197 4210 purget
1219 4112 1379 4186 acumine
1403 4121 1438 4184 et
1460 4112 1640 4208 prostratis

228 4235 377 4332 publicis
392 4236 548 4311 hostibus
569 4237 666 4334 quod
689 4247 742 4312 eet
766 4239 933 4313 intectum
956 4249 1017 4313 aut
1041 4237 1179 4312 aridum
1205 4237 1280 4312 acie
1306 4237 1479 4310 mucronis
1505 4237 1640 4334 imperii

230 4360 415 4436 materialis
432 4361 603 4436 abscidat.
620 4363 691 4436 lleo
708 4369 761 4436 est
776 4383 876 4457 vere,
896 4363 1109 4439 sanctissime
1135 4371 1248 4460 pater,
1265 4383 1336 4436 nna
1353 4360 1416 4436 sed
1432 4361 1563 4459 duplex
1579 4363 1640 4436 in-

230 4481 400 4559 firmitatis
417 4495 532 4560 nostre
542 4488 686 4578 curatio,
698 4499 732 4562 et
741 4511 941 4585 quanquam
956 4489 1021 4564 bec
1034 4487 1119 4582 duo,
1134 4485 1364 4564 sacerdotium
1375 4498 1410 4562 et
1419 4510 1555 4563 sacrum
1570 4488 1641 4561 im-

230 4609 384 4706 perinm,
410 4611 657 4685 vocabulorum
682 4625 871 4710 appareant
897 4614 1155 4710 nuncupatione
1183 4611 1348 4707 discrete,
1382 4611 1641 4709 significationis

230 4742 346 4808 tamen
362 4733 486 4810 ellectu
498 4745 581 4812 eunt
596 4736 718 4813 eudem
729 4737 886 4835 ejusdem
902 4739 1057 4836 originis,
1073 4739 1193 4816 divine
1204 4740 1355 4837 potentie
1367 4739 1497 4814 scilicet
1506 4738 1641 4813 initiata

311 4858 366 4922 lV.
1444 4871 1481 4928 ⁵2
