<?xml version="1.0" encoding="UTF-8"?>
<!DOCTYPE html PUBLIC "-//W3C//DTD XHTML 1.0 Transitional//EN"
    "http://www.w3.org/TR/xhtml1/DTD/xhtml1-transitional.dtd">
<html xmlns="http://www.w3.org/1999/xhtml" xml:lang="en" lang="en">
 <head>
  <title>
</title>
<meta http-equiv="Content-Type" content="text/html;charset=utf-8" />
  <meta name='ocr-system' content='tesseract 3.04.00' />
  <meta name='ocr-capabilities' content='ocr_page ocr_carea ocr_par ocr_line ocrx_word'/>
</head>
<body>
  <div class='ocr_page' id='page_1' title='image "./historiadiploma07fredgoog_0256.png"; bbox 0 0 4298 5906; ppageno 0'>
   <div class='ocr_carea' id='block_1_1' title="bbox 515 506 1524 624">
    <p class='ocr_par' dir='ltr' id='par_1_1' title="bbox 515 506 1524 624">
     <span class='ocr_line' id='line_1_1' title="bbox 515 506 1524 624; baseline -0.003 0"><span class='ocrx_word' id='word_1_1' title='bbox 515 559 577 624; x_wconf 81' lang='lat' dir='ltr'><strong>aaa</strong></span> <span class='ocrx_word' id='word_1_2' title='bbox 921 506 1130 618; x_wconf 82' lang='lat' dir='ltr'><strong>rernunrr</strong></span> <span class='ocrx_word' id='word_1_3' title='bbox 1154 553 1524 621; x_wconf 83' lang='lat' dir='ltr'><strong>corsrruurrorrurr.</strong></span> 
     </span>
    </p>
   </div>
   <div class='ocr_carea' id='block_1_2' title="bbox 601 717 1926 1012">
    <p class='ocr_par' dir='ltr' id='par_1_2' title="bbox 601 717 1926 1012">
     <span class='ocr_line' id='line_1_2' title="bbox 601 717 1926 803; baseline 0.003 -17"><span class='ocrx_word' id='word_1_4' title='bbox 601 722 698 803; x_wconf 80' lang='lat' dir='ltr'><strong>(Edit.</strong></span> <span class='ocrx_word' id='word_1_5' title='bbox 713 739 763 802; x_wconf 84' lang='lat' dir='ltr'><strong>up.</strong></span> <span class='ocrx_word' id='word_1_6' title='bbox 776 721 863 784; x_wconf 78' lang='lat' dir='ltr'><strong>Petri</strong></span> <span class='ocrx_word' id='word_1_7' title='bbox 874 718 910 782; x_wconf 77' lang='lat' dir='ltr'><strong>de</strong></span> <span class='ocrx_word' id='word_1_8' title='bbox 925 721 988 782; x_wconf 69' lang='lat' dir='ltr'><strong>rsa</strong></span> <span class='ocrx_word' id='word_1_9' title='bbox 1005 719 1116 800; x_wconf 74' lang='lat' dir='ltr'><strong>Epist,</strong></span> <span class='ocrx_word' id='word_1_10' title='bbox 1135 717 1185 782; x_wconf 88' lang='lat' dir='ltr'><strong>lib.</strong></span> <span class='ocrx_word' id='word_1_11' title='bbox 1205 718 1265 793; x_wconf 82' lang='lat' dir='ltr'><strong>VI,</strong></span> <span class='ocrx_word' id='word_1_12' title='bbox 1287 735 1354 798; x_wconf 88' lang='lat' dir='ltr'><strong>cup.</strong></span> <span class='ocrx_word' id='word_1_13' title='bbox 1373 719 1462 794; x_wconf 61' lang='lat' dir='ltr'><strong>xxo</strong></span> <span class='ocrx_word' id='word_1_14' title='bbox 1477 719 1645 782; x_wconf 72' lang='lat' dir='ltr'><strong>intitulatur</strong></span> <span class='ocrx_word' id='word_1_15' title='bbox 1663 727 1764 782; x_wconf 69' lang='lat' dir='ltr'><strong>auum</strong></span> <span class='ocrx_word' id='word_1_16' title='bbox 1781 723 1814 784; x_wconf 90' lang='lat' dir='ltr'><strong>in</strong></span> <span class='ocrx_word' id='word_1_17' title='bbox 1830 725 1926 790; x_wconf 86' lang='lat' dir='ltr'><strong>codiee</strong></span> 
     </span>
     <span class='ocr_line' id='line_1_3' title="bbox 638 827 1922 910; baseline 0 -18"><span class='ocrx_word' id='word_1_18' title='bbox 638 839 695 892; x_wconf 76' lang='lat' dir='ltr'><strong>aaa</strong></span> <span class='ocrx_word' id='word_1_19' title='bbox 712 849 720 891; x_wconf 72' lang='grc' dir='ltr'><strong>ε</strong></span> <span class='ocrx_word' id='word_1_20' title='bbox 737 851 753 890; x_wconf 83' lang='lat' dir='ltr'><strong>a</strong></span> <span class='ocrx_word' id='word_1_21' title='bbox 770 829 921 893; x_wconf 85' lang='lat' dir='ltr'><strong>cunradus</strong></span> <span class='ocrx_word' id='word_1_22' title='bbox 935 827 990 890; x_wconf 85' lang='lat' dir='ltr'><strong>liei</strong></span> <span class='ocrx_word' id='word_1_23' title='bbox 1003 829 1099 906; x_wconf 82' lang='lat' dir='ltr'><strong>gratia</strong></span> <span class='ocrx_word' id='word_1_24' title='bbox 1110 827 1312 889; x_wconf 82' lang='lat' dir='ltr'><strong>Romanorum</strong></span> <span class='ocrx_word' id='word_1_25' title='bbox 1330 829 1361 888; x_wconf 87' lang='lat' dir='ltr'><strong>in</strong></span> <span class='ocrx_word' id='word_1_26' title='bbox 1383 843 1482 907; x_wconf 79' lang='lat' dir='ltr'><strong>regam</strong></span> <span class='ocrx_word' id='word_1_27' title='bbox 1495 829 1618 903; x_wconf 81' lang='lat' dir='ltr'><strong>eiectus,</strong></span> <span class='ocrx_word' id='word_1_28' title='bbox 1634 843 1750 907; x_wconf 81' lang='lat' dir='ltr'><strong>semper</strong></span> <span class='ocrx_word' id='word_1_29' title='bbox 1766 837 1922 910; x_wconf 73' lang='lat' dir='ltr'><strong>augurare,</strong></span> 
     </span>
     <span class='ocr_line' id='line_1_4' title="bbox 636 931 1076 1012; baseline -0.014 -14"><span class='ocrx_word' id='word_1_30' title='bbox 636 937 800 1000; x_wconf 72' lang='lat' dir='ltr'>Jerusalem</span> <span class='ocrx_word' id='word_1_31' title='bbox 812 943 843 998; x_wconf 87' lang='lat' dir='ltr'><strong>et</strong></span> <span class='ocrx_word' id='word_1_32' title='bbox 855 935 953 1000; x_wconf 86' lang='lat' dir='ltr'><strong>Sicilie</strong></span> <span class='ocrx_word' id='word_1_33' title='bbox 964 951 1027 996; x_wconf 81' lang='lat' dir='ltr'><strong>rex.</strong></span> <span class='ocrx_word' id='word_1_34' title='bbox 1038 931 1076 1012; x_wconf 79' lang='lat' dir='ltr'><strong>a)</strong></span> 
     </span>
    </p>
   </div>
   <div class='ocr_carea' id='block_1_3' title="bbox 512 1119 1924 2341">
    <p class='ocr_par' dir='ltr' id='par_1_3' title="bbox 512 1119 1924 2341">
     <span class='ocr_line' id='line_1_5' title="bbox 563 1119 1923 1222; baseline 0 -24"><span class='ocrx_word' id='word_1_35' title='bbox 563 1127 691 1200; x_wconf 89' lang='lat' dir='ltr'><strong>Notum·</strong></span> <span class='ocrx_word' id='word_1_36' title='bbox 711 1126 856 1198; x_wconf 90' lang='lat' dir='ltr'><strong>iacimus</strong></span> <span class='ocrx_word' id='word_1_37' title='bbox 875 1123 1031 1197; x_wconf 88' lang='lat' dir='ltr'><strong>fidelitati</strong></span> <span class='ocrx_word' id='word_1_38' title='bbox 1049 1131 1163 1196; x_wconf 87' lang='lat' dir='ltr'><strong>vostre</strong></span> <span class='ocrx_word' id='word_1_39' title='bbox 1178 1120 1276 1218; x_wconf 86' lang='lat' dir='ltr'><strong>quod</strong></span> <span class='ocrx_word' id='word_1_40' title='bbox 1289 1142 1354 1196; x_wconf 89' lang='lat' dir='ltr'><strong>noa</strong></span> <span class='ocrx_word' id='word_1_41' title='bbox 1369 1119 1490 1196; x_wconf 85' lang='lat' dir='ltr'><strong>confisi</strong></span> <span class='ocrx_word' id='word_1_42' title='bbox 1515 1121 1561 1196; x_wconf 92' lang='lat' dir='ltr'><strong>de</strong></span> <span class='ocrx_word' id='word_1_43' title='bbox 1579 1121 1765 1218; x_wconf 88' lang='lat' dir='ltr'><strong>prudentia</strong></span> <span class='ocrx_word' id='word_1_44' title='bbox 1780 1137 1816 1198; x_wconf 91' lang='lat' dir='ltr'><strong>et</strong></span> <span class='ocrx_word' id='word_1_45' title='bbox 1831 1127 1923 1222; x_wconf 79' lang='lat' dir='ltr'><strong>lega-</strong></span> 
     </span>
     <span class='ocr_line' id='line_1_6' title="bbox 514 1247 1922 1342; baseline 0.003 -18"><span class='ocrx_word' id='word_1_46' title='bbox 514 1253 610 1326; x_wconf 89' lang='lat' dir='ltr'><strong>litate</strong></span> <span class='ocrx_word' id='word_1_47' title='bbox 635 1305 644 1323; x_wconf 90' lang='lat'><strong>.</strong></span> <span class='ocrx_word' id='word_1_48' title='bbox 666 1306 674 1323; x_wconf 95' lang='lat'><em>.</em></span> <span class='ocrx_word' id='word_1_49' title='bbox 696 1305 704 1324; x_wconf 89' lang='lat'><strong>.</strong></span> <span class='ocrx_word' id='word_1_50' title='bbox 724 1249 836 1324; x_wconf 86' lang='lat' dir='ltr'><strong>fidelis</strong></span> <span class='ocrx_word' id='word_1_51' title='bbox 853 1249 981 1342; x_wconf 77' lang='lat' dir='ltr'>nostri,</span> <span class='ocrx_word' id='word_1_52' title='bbox 1009 1248 1054 1322; x_wconf 94' lang='lat' dir='ltr'><strong>de</strong></span> <span class='ocrx_word' id='word_1_53' title='bbox 1076 1250 1178 1341; x_wconf 89' lang='lat' dir='ltr'><strong>cujus</strong></span> <span class='ocrx_word' id='word_1_54' title='bbox 1202 1247 1273 1322; x_wconf 87' lang='lat' dir='ltr'><strong>fide</strong></span> <span class='ocrx_word' id='word_1_55' title='bbox 1294 1258 1330 1321; x_wconf 90' lang='lat' dir='ltr'><strong>et</strong></span> <span class='ocrx_word' id='word_1_56' title='bbox 1349 1247 1554 1321; x_wconf 87' lang='lat' dir='ltr'><strong>sufficientia</strong></span> <span class='ocrx_word' id='word_1_57' title='bbox 1575 1249 1751 1324; x_wconf 89' lang='lat' dir='ltr'><strong>laudabile</strong></span> <span class='ocrx_word' id='word_1_58' title='bbox 1772 1253 1922 1328; x_wconf 86' lang='lat' dir='ltr'><strong>testimo-</strong></span> 
     </span>
     <span class='ocr_line' id='line_1_7' title="bbox 515 1371 1923 1472; baseline 0.001 -22"><span class='ocrx_word' id='word_1_59' title='bbox 515 1379 612 1450; x_wconf 91' lang='lat' dir='ltr'><strong>nium</strong></span> <span class='ocrx_word' id='word_1_60' title='bbox 630 1377 794 1450; x_wconf 80' lang='lat' dir='ltr'>serenitas</span> <span class='ocrx_word' id='word_1_61' title='bbox 818 1385 933 1448; x_wconf 88' lang='lat' dir='ltr'><strong>nostra</strong></span> <span class='ocrx_word' id='word_1_62' title='bbox 952 1373 1096 1469; x_wconf 87' lang='lat' dir='ltr'><strong>recepit,</strong></span> <span class='ocrx_word' id='word_1_63' title='bbox 1119 1371 1271 1446; x_wconf 90' lang='lat' dir='ltr'><strong>officium</strong></span> <span class='ocrx_word' id='word_1_64' title='bbox 1287 1372 1524 1447; x_wconf 77' lang='lat' dir='ltr'><strong>advocationis</strong></span> <span class='ocrx_word' id='word_1_65' title='bbox 1539 1375 1575 1446; x_wconf 95' lang='lat' dir='ltr'><strong>in</strong></span> <span class='ocrx_word' id='word_1_66' title='bbox 1594 1375 1693 1448; x_wconf 88' lang='lat' dir='ltr'><strong>terris</strong></span> <span class='ocrx_word' id='word_1_67' title='bbox 1709 1375 1795 1472; x_wconf 91' lang='lat' dir='ltr'><strong>ipsis</strong></span> <span class='ocrx_word' id='word_1_68' title='bbox 1811 1377 1923 1452; x_wconf 91' lang='lat' dir='ltr'><strong>cidem</strong></span> 
     </span>
     <span class='ocr_line' id='line_1_8' title="bbox 513 1496 1924 1592; baseline -0.001 -14"><span class='ocrx_word' id='word_1_69' title='bbox 513 1503 681 1578; x_wconf 88' lang='lat' dir='ltr'><strong>duximus</strong></span> <span class='ocrx_word' id='word_1_70' title='bbox 695 1499 976 1592; x_wconf 90' lang='lat' dir='ltr'><strong>concedendum,</strong></span> <span class='ocrx_word' id='word_1_71' title='bbox 996 1507 1034 1570; x_wconf 92' lang='lat' dir='ltr'><strong>nt</strong></span> <span class='ocrx_word' id='word_1_72' title='bbox 1050 1497 1136 1570; x_wconf 89' lang='lat' dir='ltr'><strong>iliud</strong></span> <span class='ocrx_word' id='word_1_73' title='bbox 1154 1497 1201 1571; x_wconf 93' lang='lat' dir='ltr'><strong>ad</strong></span> <span class='ocrx_word' id='word_1_74' title='bbox 1222 1497 1387 1572; x_wconf 90' lang='lat' dir='ltr'><strong>honorem</strong></span> <span class='ocrx_word' id='word_1_75' title='bbox 1413 1508 1448 1571; x_wconf 87' lang='lat' dir='ltr'><strong>et</strong></span> <span class='ocrx_word' id='word_1_76' title='bbox 1466 1496 1664 1573; x_wconf 87' lang='lat' dir='ltr'><strong>fidelitatem</strong></span> <span class='ocrx_word' id='word_1_77' title='bbox 1691 1509 1841 1574; x_wconf 91' lang='lat' dir='ltr'><strong>nostram</strong></span> <span class='ocrx_word' id='word_1_78' title='bbox 1862 1502 1924 1576; x_wconf 90' lang='lat' dir='ltr'><strong>de·</strong></span> 
     </span>
     <span class='ocr_line' id='line_1_9' title="bbox 514 1621 1923 1722; baseline 0 -23"><span class='ocrx_word' id='word_1_79' title='bbox 514 1623 655 1699; x_wconf 82' lang='lat' dir='ltr'><strong>beside</strong></span> <span class='ocrx_word' id='word_1_80' title='bbox 672 1636 785 1698; x_wconf 84' lang='lat' dir='ltr'><strong>cetero</strong></span> <span class='ocrx_word' id='word_1_81' title='bbox 806 1623 952 1698; x_wconf 88' lang='lat' dir='ltr'><strong>fideliter</strong></span> <span class='ocrx_word' id='word_1_82' title='bbox 969 1644 1144 1696; x_wconf 82' lang='lat' dir='ltr'><strong>exercere.</strong></span> <span class='ocrx_word' id='word_1_83' title='bbox 1164 1621 1381 1719; x_wconf 81' lang='lat' dir='ltr'><strong>Quapropter</strong></span> <span class='ocrx_word' id='word_1_84' title='bbox 1398 1621 1556 1697; x_wconf 85' lang='lat' dir='ltr'><strong>fidelitati</strong></span> <span class='ocrx_word' id='word_1_85' title='bbox 1574 1633 1688 1698; x_wconf 81' lang='lat' dir='ltr'><strong>vestre</strong></span> <span class='ocrx_word' id='word_1_86' title='bbox 1702 1625 1923 1722; x_wconf 82' lang='lat' dir='ltr'><strong>precipiendo</strong></span> 
     </span>
     <span class='ocr_line' id='line_1_10' title="bbox 514 1745 1924 1846; baseline 0.002 -23"><span class='ocrx_word' id='word_1_87' title='bbox 514 1749 720 1824; x_wconf 90' lang='lat' dir='ltr'><strong>mandamus</strong></span> <span class='ocrx_word' id='word_1_88' title='bbox 750 1759 943 1846; x_wconf 85' lang='lat' dir='ltr'><strong>quatenus,</strong></span> <span class='ocrx_word' id='word_1_89' title='bbox 967 1758 1150 1844; x_wconf 89' lang='lat' dir='ltr'><strong>postquam</strong></span> <span class='ocrx_word' id='word_1_90' title='bbox 1176 1745 1279 1822; x_wconf 87' lang='lat' dir='ltr'><strong>vobis</strong></span> <span class='ocrx_word' id='word_1_91' title='bbox 1302 1749 1490 1822; x_wconf 89' lang='lat' dir='ltr'><strong>constiterit</strong></span> <span class='ocrx_word' id='word_1_92' title='bbox 1512 1772 1574 1846; x_wconf 91' lang='lat' dir='ltr'><strong>per</strong></span> <span class='ocrx_word' id='word_1_93' title='bbox 1605 1751 1722 1824; x_wconf 89' lang='lat' dir='ltr'><strong>literas</strong></span> <span class='ocrx_word' id='word_1_94' title='bbox 1741 1751 1924 1844; x_wconf 83' lang='lat' dir='ltr'><strong>justiciarii</strong></span> 
     </span>
     <span class='ocr_line' id='line_1_11' title="bbox 514 1873 1921 1971; baseline 0.001 -23"><span class='ocrx_word' id='word_1_95' title='bbox 514 1875 665 1971; x_wconf 80' lang='lat' dir='ltr'><strong>regionis</strong></span> <span class='ocrx_word' id='word_1_96' title='bbox 681 1875 791 1970; x_wconf 90' lang='lat' dir='ltr'><strong>ipsius</strong></span> <span class='ocrx_word' id='word_1_97' title='bbox 803 1876 918 1971; x_wconf 90' lang='lat' dir='ltr'><strong>ipsum</strong></span> <span class='ocrx_word' id='word_1_98' title='bbox 933 1873 1105 1947; x_wconf 88' lang='lat' dir='ltr'><strong>fidelitatis</strong></span> <span class='ocrx_word' id='word_1_99' title='bbox 1119 1883 1153 1947; x_wconf 92' lang='lat' dir='ltr'><strong>et</strong></span> <span class='ocrx_word' id='word_1_100' title='bbox 1168 1873 1271 1946; x_wconf 88' lang='lat' dir='ltr'><strong>officii</strong></span> <span class='ocrx_word' id='word_1_101' title='bbox 1286 1873 1472 1970; x_wconf 81' lang='lat' dir='ltr'><strong>prestitisse</strong></span> <span class='ocrx_word' id='word_1_102' title='bbox 1492 1874 1649 1948; x_wconf 90' lang='lat' dir='ltr'><strong>debitum</strong></span> <span class='ocrx_word' id='word_1_103' title='bbox 1664 1875 1921 1970; x_wconf 87' lang='lat' dir='ltr'><strong>juramentum,</strong></span> 
     </span>
     <span class='ocr_line' id='line_1_12' title="bbox 514 1997 1924 2095; baseline 0.002 -21"><span class='ocrx_word' id='word_1_104' title='bbox 514 1997 559 2074; x_wconf 88' lang='lat' dir='ltr'><strong>de</strong></span> <span class='ocrx_word' id='word_1_105' title='bbox 576 1999 737 2074; x_wconf 89' lang='lat' dir='ltr'><strong>omnihus</strong></span> <span class='ocrx_word' id='word_1_106' title='bbox 757 2021 827 2095; x_wconf 91' lang='lat' dir='ltr'><strong>que</strong></span> <span class='ocrx_word' id='word_1_107' title='bbox 840 2001 887 2075; x_wconf 90' lang='lat' dir='ltr'><strong>ad</strong></span> <span class='ocrx_word' id='word_1_108' title='bbox 905 1999 1056 2074; x_wconf 88' lang='lat' dir='ltr'><strong>officium</strong></span> <span class='ocrx_word' id='word_1_109' title='bbox 1080 1997 1317 2072; x_wconf 80' lang='lat' dir='ltr'><strong>advocationis</strong></span> <span class='ocrx_word' id='word_1_110' title='bbox 1335 1999 1506 2094; x_wconf 83' lang='lat' dir='ltr'><strong>pertinere</strong></span> <span class='ocrx_word' id='word_1_111' title='bbox 1527 2009 1716 2073; x_wconf 87' lang='lat' dir='ltr'><strong>noscuntur</strong></span> <span class='ocrx_word' id='word_1_112' title='bbox 1740 2001 1924 2077; x_wconf 85' lang='lat' dir='ltr'><strong>intendatis</strong></span> 
     </span>
     <span class='ocr_line' id='line_1_13' title="bbox 513 2122 1922 2222; baseline 0.004 -25"><span class='ocrx_word' id='word_1_113' title='bbox 513 2135 548 2198; x_wconf 87' lang='lat' dir='ltr'><strong>et</strong></span> <span class='ocrx_word' id='word_1_114' title='bbox 572 2125 722 2222; x_wconf 88' lang='lat' dir='ltr'><strong>pareatis</strong></span> <span class='ocrx_word' id='word_1_115' title='bbox 740 2124 871 2218; x_wconf 88' lang='lat' dir='ltr'><strong>eidem,</strong></span> <span class='ocrx_word' id='word_1_116' title='bbox 894 2133 1058 2220; x_wconf 86' lang='lat' dir='ltr'><strong>tanquam</strong></span> <span class='ocrx_word' id='word_1_117' title='bbox 1083 2122 1253 2198; x_wconf 88' lang='lat' dir='ltr'><strong>advocate</strong></span> <span class='ocrx_word' id='word_1_118' title='bbox 1270 2125 1305 2196; x_wconf 92' lang='lat' dir='ltr'><strong>in</strong></span> <span class='ocrx_word' id='word_1_119' title='bbox 1329 2123 1427 2198; x_wconf 86' lang='lat' dir='ltr'><strong>terris</strong></span> <span class='ocrx_word' id='word_1_120' title='bbox 1448 2123 1532 2222; x_wconf 89' lang='lat' dir='ltr'><strong>ipsis</strong></span> <span class='ocrx_word' id='word_1_121' title='bbox 1553 2147 1616 2222; x_wconf 90' lang='lat' dir='ltr'><strong>per</strong></span> <span class='ocrx_word' id='word_1_122' title='bbox 1636 2135 1787 2200; x_wconf 89' lang='lat' dir='ltr'><strong>nostram</strong></span> <span class='ocrx_word' id='word_1_123' title='bbox 1801 2130 1922 2204; x_wconf 86' lang='lat' dir='ltr'><strong>excel-</strong></span> 
     </span>
     <span class='ocr_line' id='line_1_14' title="bbox 512 2249 1118 2341; baseline -0.007 -16"><span class='ocrx_word' id='word_1_124' title='bbox 512 2249 651 2325; x_wconf 90' lang='lat' dir='ltr'><strong>lentiam</strong></span> <span class='ocrx_word' id='word_1_125' title='bbox 672 2250 867 2324; x_wconf 89' lang='lat' dir='ltr'><strong>constituto.</strong></span> <span class='ocrx_word' id='word_1_126' title='bbox 889 2253 1031 2341; x_wconf 87' lang='lat' dir='ltr'><strong>Datum,</strong></span> <span class='ocrx_word' id='word_1_127' title='bbox 1051 2259 1118 2322; x_wconf 91' lang='lat' dir='ltr'><strong>etc.</strong></span> 
     </span>
    </p>
   </div>
   <div class='ocr_carea' id='block_1_4' title="bbox 509 2801 1921 3312">
    <p class='ocr_par' dir='ltr' id='par_1_4' title="bbox 509 2801 1921 3312">
     <span class='ocr_line' id='line_1_15' title="bbox 560 2801 1920 2914; baseline 0.003 -28"><span class='ocrx_word' id='word_1_128' title='bbox 560 2801 789 2914; x_wconf 84' lang='lat' dir='ltr'><strong>Exemplum</strong></span> <span class='ocrx_word' id='word_1_129' title='bbox 810 2805 1064 2888; x_wconf 90' lang='lat' dir='ltr'><strong>concessionis</strong></span> <span class='ocrx_word' id='word_1_130' title='bbox 1091 2804 1240 2890; x_wconf 89' lang='lat' dir='ltr'><strong>mulieri</strong></span> <span class='ocrx_word' id='word_1_131' title='bbox 1267 2803 1435 2890; x_wconf 88' lang='lat' dir='ltr'><strong>tiliorum</strong></span> <span class='ocrx_word' id='word_1_132' title='bbox 1453 2829 1612 2889; x_wconf 87' lang='lat' dir='ltr'><strong>suorum</strong></span> <span class='ocrx_word' id='word_1_133' title='bbox 1629 2803 1756 2890; x_wconf 88' lang='lat' dir='ltr'><strong>tutrici</strong></span> <span class='ocrx_word' id='word_1_134' title='bbox 1773 2804 1920 2913; x_wconf 86' lang='lat' dir='ltr'><strong>factae,</strong></span> 
     </span>
     <span class='ocr_line' id='line_1_16' title="bbox 510 2935 1921 3050; baseline 0.003 -30"><span class='ocrx_word' id='word_1_135' title='bbox 510 2935 650 3021; x_wconf 87' lang='lat' dir='ltr'><strong>scilicet</strong></span> <span class='ocrx_word' id='word_1_136' title='bbox 672 2947 715 3021; x_wconf 84' lang='lat' dir='ltr'><strong>ut</strong></span> <span class='ocrx_word' id='word_1_137' title='bbox 732 2963 868 3021; x_wconf 87' lang='lat' dir='ltr'><strong>causas</strong></span> <span class='ocrx_word' id='word_1_138' title='bbox 885 2938 1119 3049; x_wconf 89' lang='lat' dir='ltr'><strong>pupillorum</strong></span> <span class='ocrx_word' id='word_1_139' title='bbox 1137 2939 1176 3020; x_wconf 92' lang='lat' dir='ltr'><strong>in</strong></span> <span class='ocrx_word' id='word_1_140' title='bbox 1193 2937 1337 3048; x_wconf 88' lang='lat' dir='ltr'><strong>judicio</strong></span> <span class='ocrx_word' id='word_1_141' title='bbox 1355 2949 1394 3022; x_wconf 91' lang='lat' dir='ltr'><strong>et</strong></span> <span class='ocrx_word' id='word_1_142' title='bbox 1409 2947 1515 3022; x_wconf 85' lang='lat' dir='ltr'><strong>extra</strong></span> <span class='ocrx_word' id='word_1_143' title='bbox 1528 2937 1717 3050; x_wconf 88' lang='lat' dir='ltr'><strong>judicium</strong></span> <span class='ocrx_word' id='word_1_144' title='bbox 1735 2965 1803 3050; x_wconf 89' lang='lat' dir='ltr'><strong>per</strong></span> <span class='ocrx_word' id='word_1_145' title='bbox 1819 2965 1921 3050; x_wconf 92' lang='lat' dir='ltr'><strong>pro-</strong></span> 
     </span>
     <span class='ocr_line' id='line_1_17' title="bbox 509 3071 1920 3182; baseline 0.003 -28"><span class='ocrx_word' id='word_1_146' title='bbox 509 3081 702 3155; x_wconf 86' lang='lat' dir='ltr'><strong>curatores</strong></span> <span class='ocrx_word' id='word_1_147' title='bbox 720 3071 770 3156; x_wconf 90' lang='lat' dir='ltr'><strong>ab</strong></span> <span class='ocrx_word' id='word_1_148' title='bbox 787 3073 871 3182; x_wconf 89' lang='lat' dir='ltr'><strong>ipsa</strong></span> <span class='ocrx_word' id='word_1_149' title='bbox 888 3081 1049 3158; x_wconf 83' lang='lat' dir='ltr'><strong>statutos</strong></span> <span class='ocrx_word' id='word_1_150' title='bbox 1067 3099 1239 3156; x_wconf 88' lang='lat' dir='ltr'><strong>exercere</strong></span> <span class='ocrx_word' id='word_1_151' title='bbox 1256 3072 1394 3157; x_wconf 88' lang='lat' dir='ltr'><strong>valeat.</strong></span> <span class='ocrx_word' id='word_1_152' title='bbox 1409 3119 1465 3136; x_wconf 93' lang='lat'><strong>-·</strong></span> <span class='ocrx_word' id='word_1_153' title='bbox 1478 3071 1537 3157; x_wconf 86' lang='lat' dir='ltr'><strong>Cf.</strong></span> <span class='ocrx_word' id='word_1_154' title='bbox 1558 3073 1627 3158; x_wconf 90' lang='lat' dir='ltr'><strong>lih.</strong></span> <span class='ocrx_word' id='word_1_155' title='bbox 1649 3073 1706 3181; x_wconf 92' lang='lat'><strong>11,</strong></span> <span class='ocrx_word' id='word_1_156' title='bbox 1726 3075 1785 3157; x_wconf 88' lang='lat' dir='ltr'><strong>iit.</strong></span> <span class='ocrx_word' id='word_1_157' title='bbox 1806 3073 1920 3181; x_wconf 85' lang='lat' dir='ltr'>XLII,</span> 
     </span>
     <span class='ocr_line' id='line_1_18' title="bbox 510 3206 665 3312; baseline 0.006 -27"><span class='ocrx_word' id='word_1_158' title='bbox 510 3231 551 3312; x_wconf 90' lang='lat' dir='ltr'><strong>p.</strong></span> <span class='ocrx_word' id='word_1_159' title='bbox 575 3206 665 3286; x_wconf 75' lang='lat' dir='ltr'><strong>tia.</strong></span> 
     </span>
    </p>
   </div>
   <div class='ocr_carea' id='block_1_5' title="bbox 589 3418 1991 3826">
    <p class='ocr_par' dir='ltr' id='par_1_5' title="bbox 589 3418 1991 3826">
     <span class='ocr_line' id='line_1_19' title="bbox 589 3418 1925 3504; baseline 0.002 -23"><span class='ocrx_word' id='word_1_160' title='bbox 589 3419 686 3502; x_wconf 86' lang='lat' dir='ltr'><strong>(Edit.</strong></span> <span class='ocrx_word' id='word_1_161' title='bbox 701 3438 747 3500; x_wconf 91' lang='lat' dir='ltr'><strong>ap.</strong></span> <span class='ocrx_word' id='word_1_162' title='bbox 761 3421 889 3484; x_wconf 74' lang='lat' dir='ltr'><strong>Percide</strong></span> <span class='ocrx_word' id='word_1_163' title='bbox 908 3423 971 3484; x_wconf 79' lang='lat' dir='ltr'><strong>Via.</strong></span> <span class='ocrx_word' id='word_1_164' title='bbox 983 3423 1093 3504; x_wconf 71' lang='lat' dir='ltr'><strong>Epist,</strong></span> <span class='ocrx_word' id='word_1_165' title='bbox 1108 3422 1161 3484; x_wconf 89' lang='lat' dir='ltr'><strong>lib.</strong></span> <span class='ocrx_word' id='word_1_166' title='bbox 1177 3423 1216 3498; x_wconf 83' lang='lat' dir='ltr'><strong>V,</strong></span> <span class='ocrx_word' id='word_1_167' title='bbox 1231 3439 1297 3502; x_wconf 82' lang='lat' dir='ltr'><strong>cap.</strong></span> <span class='ocrx_word' id='word_1_168' title='bbox 1313 3423 1349 3495; x_wconf 86' lang='lat' dir='ltr'><strong>L.</strong></span> <span class='ocrx_word' id='word_1_169' title='bbox 1364 3439 1432 3486; x_wconf 89' lang='lat' dir='ltr'><strong>eum</strong></span> <span class='ocrx_word' id='word_1_170' title='bbox 1443 3423 1500 3485; x_wconf 85' lang='lat' dir='ltr'><strong>hac</strong></span> <span class='ocrx_word' id='word_1_171' title='bbox 1513 3418 1817 3486; x_wconf 77' lang='lat' dir='ltr'><strong>mideuercorrccdit</strong></span> <span class='ocrx_word' id='word_1_172' title='bbox 1830 3418 1925 3484; x_wconf 74' lang='lat' dir='ltr'><strong>muta</strong></span> 
     </span>
     <span class='ocr_line' id='line_1_20' title="bbox 624 3525 1991 3624; baseline 0 -36"><span class='ocrx_word' id='word_1_173' title='bbox 624 3525 741 3589; x_wconf 80' lang='lat' dir='ltr'><strong>mulieri</strong></span> <span class='ocrx_word' id='word_1_174' title='bbox 762 3531 862 3591; x_wconf 81' lang='lat' dir='ltr'><strong>latrici</strong></span> <span class='ocrx_word' id='word_1_175' title='bbox 874 3527 1010 3610; x_wconf 74' lang='lat' dir='ltr'><strong>stliunrm</strong></span> <span class='ocrx_word' id='word_1_176' title='bbox 1031 3528 1109 3611; x_wconf 80' lang='lat' dir='ltr'><strong>qood</strong></span> <span class='ocrx_word' id='word_1_177' title='bbox 1123 3531 1217 3610; x_wconf 77' lang='lat' dir='ltr'><strong>poerit</strong></span> <span class='ocrx_word' id='word_1_178' title='bbox 1234 3531 1406 3592; x_wconf 73' lang='lat' dir='ltr'><strong>mettum</strong></span> <span class='ocrx_word' id='word_1_179' title='bbox 1421 3535 1642 3610; x_wconf 64' lang='lat' dir='ltr'><strong>prostraturum</strong></span> <span class='ocrx_word' id='word_1_180' title='bbox 1660 3529 1694 3590; x_wconf 82' lang='lat' dir='ltr'><strong>t&#39;ru</strong></span> <span class='ocrx_word' id='word_1_181' title='bbox 1715 3546 1803 3592; x_wconf 72' lang='lat' dir='ltr'><strong>uutuu</strong></span> <span class='ocrx_word' id='word_1_182' title='bbox 1818 3547 1921 3590; x_wconf 76' lang='lat' dir='ltr'><strong>rua.»</strong></span> <span class='ocrx_word' id='word_1_183' title='bbox 1987 3617 1991 3624; x_wconf 12' lang='grc' dir='ltr'><strong>ἡ</strong></span> 
     </span>
     <span class='ocr_line' id='line_1_21' title="bbox 625 3635 1921 3719; baseline 0.002 -23"><span class='ocrx_word' id='word_1_184' title='bbox 625 3635 699 3698; x_wconf 85' lang='lat' dir='ltr'><strong>Goil.</strong></span> <span class='ocrx_word' id='word_1_185' title='bbox 725 3653 793 3698; x_wconf 89' lang='lat' dir='ltr'><strong>eum</strong></span> <span class='ocrx_word' id='word_1_186' title='bbox 815 3638 881 3699; x_wconf 91' lang='lat' dir='ltr'><strong>eud.</strong></span> <span class='ocrx_word' id='word_1_187' title='bbox 902 3637 995 3699; x_wconf 88' lang='lat' dir='ltr'><strong>Paria.</strong></span> <span class='ocrx_word' id='word_1_188' title='bbox 1011 3638 1209 3700; x_wconf 73' lang='lat' dir='ltr'><strong>Notae-Doroa</strong></span> <span class='ocrx_word' id='word_1_189' title='bbox 1230 3647 1306 3714; x_wconf 80' lang='lat' dir='ltr'><strong>iot,</strong></span> <span class='ocrx_word' id='word_1_190' title='bbox 1331 3637 1398 3700; x_wconf 88' lang='lat' dir='ltr'><strong>eud.</strong></span> <span class='ocrx_word' id='word_1_191' title='bbox 1421 3637 1597 3700; x_wconf 84' lang='lat' dir='ltr'><strong>Guelierbit.</strong></span> <span class='ocrx_word' id='word_1_192' title='bbox 1611 3635 1689 3719; x_wconf 76' lang='lat' dir='ltr'><strong>Aup.</strong></span> <span class='ocrx_word' id='word_1_193' title='bbox 1709 3646 1782 3700; x_wconf 80' lang='lat' dir='ltr'><strong>ta·4</strong></span> <span class='ocrx_word' id='word_1_194' title='bbox 1800 3642 1831 3699; x_wconf 87' lang='lat' dir='ltr'><strong>et</strong></span> <span class='ocrx_word' id='word_1_195' title='bbox 1849 3637 1921 3698; x_wconf 90' lang='lat' dir='ltr'><strong>eod.</strong></span> 
     </span>
     <span class='ocr_line' id='line_1_22' title="bbox 626 3741 890 3826; baseline 0.015 -24"><span class='ocrx_word' id='word_1_196' title='bbox 626 3741 770 3822; x_wconf 88' lang='lat' dir='ltr'><strong>Phiiiipps</strong></span> <span class='ocrx_word' id='word_1_197' title='bbox 785 3742 890 3826; x_wconf 74' lang='lat'><strong>8890.)</strong></span> 
     </span>
    </p>
   </div>
   <div class='ocr_carea' id='block_1_6' title="bbox 505 3925 1923 4525">
    <p class='ocr_par' dir='ltr' id='par_1_6' title="bbox 505 3925 1923 4525">
     <span class='ocr_line' id='line_1_23' title="bbox 554 3925 1923 4024; baseline 0.002 -26"><span class='ocrx_word' id='word_1_198' title='bbox 554 3925 767 4020; x_wconf 83' lang='lat' dir='ltr'><strong>Fredericus,</strong></span> <span class='ocrx_word' id='word_1_199' title='bbox 788 3937 854 4000; x_wconf 91' lang='lat' dir='ltr'><strong>etc.</strong></span> <span class='ocrx_word' id='word_1_200' title='bbox 874 3927 1062 4024; x_wconf 86' lang='lat' dir='ltr'><strong>imperialis</strong></span> <span class='ocrx_word' id='word_1_201' title='bbox 1079 3929 1337 4018; x_wconf 90' lang='lat' dir='ltr'><strong>benevolentia,</strong></span> <span class='ocrx_word' id='word_1_202' title='bbox 1358 3951 1438 4002; x_wconf 89' lang='lat' dir='ltr'><strong>cum</strong></span> <span class='ocrx_word' id='word_1_203' title='bbox 1457 3927 1612 4004; x_wconf 85' lang='lat' dir='ltr'><strong>fidelium</strong></span> <span class='ocrx_word' id='word_1_204' title='bbox 1633 3927 1866 4021; x_wconf 88' lang='lat' dir='ltr'><strong>subjectorum</strong></span> <span class='ocrx_word' id='word_1_205' title='bbox 1887 3939 1923 4003; x_wconf 91' lang='lat' dir='ltr'><strong>et</strong></span> 
     </span>
     <span class='ocr_line' id='line_1_24' title="bbox 507 4049 1923 4150; baseline 0.003 -28"><span class='ocrx_word' id='word_1_206' title='bbox 507 4049 674 4124; x_wconf 90' lang='lat' dir='ltr'><strong>nobilium</strong></span> <span class='ocrx_word' id='word_1_207' title='bbox 699 4052 851 4127; x_wconf 85' lang='lat' dir='ltr'><strong>maxime</strong></span> <span class='ocrx_word' id='word_1_208' title='bbox 876 4075 995 4150; x_wconf 88' lang='lat' dir='ltr'><strong>preces</strong></span> <span class='ocrx_word' id='word_1_209' title='bbox 1020 4055 1186 4146; x_wconf 88' lang='lat' dir='ltr'><strong>admittit,</strong></span> <span class='ocrx_word' id='word_1_210' title='bbox 1210 4063 1245 4128; x_wconf 91' lang='lat' dir='ltr'><strong>et</strong></span> <span class='ocrx_word' id='word_1_211' title='bbox 1269 4077 1371 4127; x_wconf 88' lang='lat' dir='ltr'><strong>sunm</strong></span> <span class='ocrx_word' id='word_1_212' title='bbox 1399 4054 1533 4128; x_wconf 83' lang='lat' dir='ltr'><strong>extollit</strong></span> <span class='ocrx_word' id='word_1_213' title='bbox 1555 4054 1681 4127; x_wconf 91' lang='lat' dir='ltr'><strong>solium</strong></span> <span class='ocrx_word' id='word_1_214' title='bbox 1707 4061 1742 4125; x_wconf 90' lang='lat' dir='ltr'><strong>et</strong></span> <span class='ocrx_word' id='word_1_215' title='bbox 1773 4052 1819 4126; x_wconf 93' lang='lat' dir='ltr'><strong>ad</strong></span> <span class='ocrx_word' id='word_1_216' title='bbox 1847 4073 1923 4126; x_wconf 90' lang='lat' dir='ltr'><strong>ser-</strong></span> 
     </span>
     <span class='ocr_line' id='line_1_25' title="bbox 507 4173 1923 4273; baseline 0.003 -27"><span class='ocrx_word' id='word_1_217' title='bbox 507 4173 672 4248; x_wconf 86' lang='lat' dir='ltr'><strong>uiendum</strong></span> <span class='ocrx_word' id='word_1_218' title='bbox 692 4175 835 4251; x_wconf 89' lang='lat' dir='ltr'><strong>devotos</strong></span> <span class='ocrx_word' id='word_1_219' title='bbox 852 4181 983 4252; x_wconf 88' lang='lat' dir='ltr'><strong>animat</strong></span> <span class='ocrx_word' id='word_1_220' title='bbox 1002 4181 1223 4253; x_wconf 77' lang='lat' dir='ltr'><strong>inoessanter.</strong></span> <span class='ocrx_word' id='word_1_221' title='bbox 1245 4179 1332 4251; x_wconf 86' lang='lat' dir='ltr'><strong>Hinc</strong></span> <span class='ocrx_word' id='word_1_222' title='bbox 1352 4178 1516 4273; x_wconf 89' lang='lat' dir='ltr'><strong>estquod</strong></span> <span class='ocrx_word' id='word_1_223' title='bbox 1534 4177 1660 4250; x_wconf 89' lang='lat' dir='ltr'><strong>nobilis</strong></span> <span class='ocrx_word' id='word_1_224' title='bbox 1684 4177 1740 4250; x_wconf 91' lang='lat' dir='ltr'><strong>vir</strong></span> <span class='ocrx_word' id='word_1_225' title='bbox 1765 4177 1809 4248; x_wconf 88' lang='grc' dir='ltr'><strong>Α.</strong></span> <span class='ocrx_word' id='word_1_226' title='bbox 1831 4178 1923 4250; x_wconf 86' lang='lat' dir='ltr'><strong>civis</strong></span> 
     </span>
     <span class='ocr_line' id='line_1_26' title="bbox 506 4299 1923 4400; baseline 0.001 -28"><span class='ocrx_word' id='word_1_227' title='bbox 506 4299 679 4393; x_wconf 86' lang='lat' dir='ltr'><strong>Senensis,</strong></span> <span class='ocrx_word' id='word_1_228' title='bbox 697 4300 809 4376; x_wconf 87' lang='lat' dir='ltr'><strong>fidelis</strong></span> <span class='ocrx_word' id='word_1_229' title='bbox 822 4313 949 4394; x_wconf 87' lang='lat' dir='ltr'><strong>noster,</strong></span> <span class='ocrx_word' id='word_1_230' title='bbox 967 4325 1029 4400; x_wconf 90' lang='lat' dir='ltr'><strong>pro</strong></span> <span class='ocrx_word' id='word_1_231' title='bbox 1048 4303 1118 4378; x_wconf 87' lang='lat' dir='ltr'><strong>iilia</strong></span> <span class='ocrx_word' id='word_1_232' title='bbox 1133 4326 1198 4378; x_wconf 92' lang='lat' dir='ltr'><strong>sua</strong></span> <span class='ocrx_word' id='word_1_233' title='bbox 1213 4303 1370 4396; x_wconf 89' lang='lat' dir='ltr'><strong>isabella,</strong></span> <span class='ocrx_word' id='word_1_234' title='bbox 1384 4303 1503 4378; x_wconf 86' lang='lat' dir='ltr'><strong>relicta</strong></span> <span class='ocrx_word' id='word_1_235' title='bbox 1519 4302 1698 4398; x_wconf 89' lang='lat' dir='ltr'><strong>quondam</strong></span> <span class='ocrx_word' id='word_1_236' title='bbox 1717 4303 1748 4374; x_wconf 85' lang='lat' dir='ltr'><strong>J.</strong></span> <span class='ocrx_word' id='word_1_237' title='bbox 1764 4299 1810 4374; x_wconf 93' lang='lat' dir='ltr'><strong>de</strong></span> <span class='ocrx_word' id='word_1_238' title='bbox 1826 4303 1923 4398; x_wconf 85' lang='lat' dir='ltr'><strong>liup-</strong></span> 
     </span>
     <span class='ocr_line' id='line_1_27' title="bbox 505 4425 1921 4525; baseline 0 -27"><span class='ocrx_word' id='word_1_239' title='bbox 505 4425 676 4521; x_wconf 90' lang='lat' dir='ltr'><strong>pemontis</strong></span> <span class='ocrx_word' id='word_1_240' title='bbox 694 4425 761 4523; x_wconf 84' lang='lat' dir='ltr'><strong>(a),</strong></span> <span class='ocrx_word' id='word_1_241' title='bbox 783 4428 907 4502; x_wconf 87' lang='lat' dir='ltr'><strong>tutrice</strong></span> <span class='ocrx_word' id='word_1_242' title='bbox 925 4428 972 4525; x_wconf 85' lang='lat' dir='ltr'><strong>(b)</strong></span> <span class='ocrx_word' id='word_1_243' title='bbox 993 4429 1140 4502; x_wconf 88' lang='lat' dir='ltr'><strong>filiorum</strong></span> <span class='ocrx_word' id='word_1_244' title='bbox 1160 4437 1351 4503; x_wconf 86' lang='lat' dir='ltr'><strong>suammet</strong></span> <span class='ocrx_word' id='word_1_245' title='bbox 1368 4427 1609 4524; x_wconf 84' lang='lat' dir='ltr'><strong>Jacobisupra</strong></span> <span class='ocrx_word' id='word_1_246' title='bbox 1627 4426 1730 4520; x_wconf 89' lang='lat' dir='ltr'><strong>dicti,</strong></span> <span class='ocrx_word' id='word_1_247' title='bbox 1748 4427 1921 4520; x_wconf 84' lang='lat' dir='ltr'><strong>majestati</strong></span> 
     </span>
    </p>
   </div>
   <div class='ocr_carea' id='block_1_7' title="bbox 546 4594 1169 4782">
    <p class='ocr_par' dir='ltr' id='par_1_7' title="bbox 546 4594 1169 4782">
     <span class='ocr_line' id='line_1_28' title="bbox 547 4594 1169 4678; baseline 0.011 -24"><span class='ocrx_word' id='word_1_248' title='bbox 547 4594 589 4674; x_wconf 87' lang='lat' dir='ltr'><strong>(u)</strong></span> <span class='ocrx_word' id='word_1_249' title='bbox 609 4596 645 4656; x_wconf 89' lang='lat' dir='ltr'><strong>lu</strong></span> <span class='ocrx_word' id='word_1_250' title='bbox 665 4597 817 4674; x_wconf 85' lang='lat' dir='ltr'><strong>impressis</strong></span> <span class='ocrx_word' id='word_1_251' title='bbox 831 4595 1169 4678; x_wconf 61' lang='lat' dir='ltr'><strong>immemoratio).</strong></span> 
     </span>
     <span class='ocr_line' id='line_1_29' title="bbox 546 4699 965 4782; baseline 0.012 -20"><span class='ocrx_word' id='word_1_252' title='bbox 546 4699 587 4782; x_wconf 81' lang='lat' dir='ltr'><strong>(d)</strong></span> <span class='ocrx_word' id='word_1_253' title='bbox 610 4701 722 4764; x_wconf 84' lang='lat' dir='ltr'><strong>ibidem</strong></span> <span class='ocrx_word' id='word_1_254' title='bbox 736 4705 865 4780; x_wconf 78' lang='lat' dir='ltr'><strong>nutrica,</strong></span> <span class='ocrx_word' id='word_1_255' title='bbox 880 4707 965 4767; x_wconf 85' lang='lat' dir='ltr'><strong>maie.</strong></span> 
     </span>
    </p>
   </div>
   <div class='ocr_carea' id='block_1_8' title="bbox 0 0 2154 5906">
    <p class='ocr_par' dir='ltr' id='par_1_8' title="bbox 0 0 2154 5906">
     <span class='ocr_line' id='line_1_30' title="bbox 0 0 2154 5906; baseline 0 0"><span class='ocrx_word' id='word_1_256' title='bbox 0 0 2154 5906; x_wconf 95' lang='lat' dir='ltr'><strong> </strong></span> 
     </span>
    </p>
   </div>
  </div>
 </body>
</html>
