4308 5910
1046 601 1400 666 coustttostottus

956 898 1157 970 arnonus
1188 899 1283 974 xnr.
1307 904 1376 973 us
1404 901 1493 998 (tr).

944 1075 993 1144 De
1023 1076 1227 1148 restitutione
1256 1077 1465 1176 mulierum(
1488 1078 1514 1178 ).

1061 1271 1138 1319 REX
1166 1273 1387 1323 accustus.

573 1423 775 1498 Mulieribus
795 1425 856 1497 ubi
883 1447 951 1498 non
971 1426 1105 1500 modice
1131 1427 1201 1500 lese
1223 1437 1304 1500 sunt
1322 1437 1461 1525 propter
1478 1429 1632 1524 fragilem
1657 1451 1794 1521 sexum,
1814 1431 1930 1526 legum

523 1551 706 1645 equitatem
727 1560 912 1642 sectantes,
931 1560 1000 1622 mm
1020 1574 1081 1648 per
1099 1573 1284 1646 nosquam
1312 1575 1372 1648 per
1387 1552 1551 1626 officiales
1567 1565 1700 1628 nostros
1722 1531 1932 1652 [visceribus

527 1672 675 1772 pietatis]
694 1675 972 1749 subveniendum
988 1697 1063 1748 esse
1077 1675 1307 1765 decernimus,
1325 1676 1412 1748 sicut
1428 1675 1527 1750 decet
1544 1689 1579 1751 et
1595 1687 1766 1774 qnatenus
1787 1689 1930 1775 oportet.

953 1989 1155 2063 rtrunus
1186 1991 1299 2064 xnrr.
1326 1997 1391 2064 un
1416 1991 1506 2090 (te).

1003 2171 1051 2240 lte
1066 2169 1270 2240 restitutione
1287 2173 1462 2242 minorum.

987 2367 1207 2416 rurnnsron
1231 2369 1475 2418 rnnnnnrcus.

578 2522 750 2595 Minorum
769 2519 848 2610 jura
871 2519 931 2612 qui
954 2519 989 2590 in
1006 2519 1149 2612 judiciis
1176 2523 1231 2594 vel
1257 2533 1353 2595 extra
1368 2521 1499 2615 judicia
1517 2517 1738 2620 [immodice]
1761 2521 1826 2592 lesi
1852 2543 1939 2617 pro·

529 2649 667 2732 bantur,
683 2643 892 2739 precipimus
909 2643 1072 2717 inviolata
1093 2645 1236 2736 servari,
1258 2644 1387 2740 quibus
1406 2646 1441 2717 iu
1461 2647 1527 2718 illis
1547 2645 1685 2718 casibus
1702 2653 1834 2718 tantum
1856 2669 1937 2720 suc·

530 2769 699 2842 currimus
728 2753 896 2840 beneficio
921 2766 956 2837 in
989 2769 1160 2860 integrum
1184 2769 1407 2841 restitutionis
1435 2769 1581 2862 indulto,
1602 2769 1785 2864 inquibus
1805 2769 1936 2842 eisdem

531 2895 625 2988 leges
643 2901 777 2964 veteres
789 2891 1036 2964 succurrebant
1056 2917 1064 2962 :
1086 2891 1248 2965 videlicet
1261 2893 1289 2964 si
1305 2893 1466 2966 facilitate
1482 2894 1551 2985 sui,
1572 2895 1629 2967 vel
1649 2903 1818 2985 tutorum,
1836 2917 1937 2967 oura-

533 3030 659 3108 torom‚
689 3013 875 3114 [beliorum
898 3037 959 3088 seu
983 3015 1085 3087 etiam
1115 3013 1395 3114 procuratorum]
1417 3017 1539 3090 fraude
1562 3017 1618 3090 vel
1644 3018 1853 3112 negligentia
1878 3029 1941 3092 aut

532 3143 612 3216 dolo
638 3141 912 3214 adversariorum
936 3163 1077 3213 suorum
1100 3141 1160 3212 lesi
1184 3141 1384 3236 probantur.
1402 3142 1460 3213 Eis
1488 3151 1601 3214 autem
1621 3137 1938 3240 [delinquentibus]

534 3267 563 3338 si
583 3267 743 3339 delictum
769 3263 935 3360 procedat
957 3287 1002 3337 ex
1028 3264 1156 3355 animo,
1184 3265 1249 3336 nisi
1274 3273 1444 3358 qnatenus
1469 3265 1641 3338 miseratio
1664 3265 1763 3338 etatis
1785 3265 1940 3358 judicem

534 3391 689 3474 moverit,
710 3389 851 3461 minime
869 3388 1107 3462 subvenimus.
1126 3387 1216 3462 lllud
1234 3389 1336 3461 etiam
1353 3386 1583 3488 [expressim]
1603 3390 1843 3463 constitutione
1857 3411 1937 3485 pre-

534 3517 621 3590 senti
655 3515 823 3590 duximus
855 3513 1106 3588 admittendum
1135 3513 1182 3610 (lo)
1209 3525 1248 3586 nt
1280 3516 1316 3586 in
1349 3515 1463 3588 causis
1490 3536 1560 3586 uon
1593 3525 1726 3588 tantum
1754 3514 1937 3604 civilibus,

533 3663 654 3714 verum
676 3640 778 3712 etiam
805 3635 1057 3736 [criminalibus
1076 3633 1126 3734 et]
1147 3637 1311 3731 publicis,
1333 3647 1484 3710 tutorum
1504 3639 1561 3710 vel
1582 3647 1778 3710 curatorum
1797 3657 1857 3709 sou
1877 3637 1940 3710 ba·

529 3766 680 3857 jutorum
698 3762 883 3836 auctoritas
903 3761 985 3855 ipsis
1009 3761 1156 3832 assistat.
1181 3761 1474 3834 abundantiorem
1500 3761 1604 3833 etiam
1628 3759 1877 3856 providentium
1896 3759 1943 3834 de

534 3889 612 3960 sinu
633 3888 741 3982 gratie
758 3895 872 3958 nostre
891 3881 1058 3982 [pupillis]
1075 3886 1235 3957 volumus
1251 3885 1418 3980 impartiri
1435 3883 1481 3982 (c)
1500 3895 1539 3956 ut
1554 3905 1676 3958 causae
1695 3885 1889 3958 criminales
1907 3895 1942 3957 et

578 4067 617 4168 (o)
641 4090 750 4151 Graece
766 4108 774 4149 ε
789 4091 832 4151 ne
844 4086 1033 4150 urioeuieudo
1046 4067 1213 4148 mulieribus
1225 4095 1347 4169 propter
1360 4093 1484 4148 naturae
1490 4085 1700 4170 sroqilitateor.

576 4195 617 4277 (b)
641 4198 676 4258 Iu
691 4197 756 4258 cod.
773 4207 850 4259 tots
865 4195 1088 4270 Macatonion,
1101 4199 1284 4275 quodetiam
1298 4213 1402 4276 graeco
1415 4199 1565 4259 convenit.

579 4305 616 4383 (e)
637 4305 731 4365 Totus
745 4305 794 4364 btc
811 4306 892 4366 loeus
905 4305 1021 4364 dtverse
1034 4306 1065 4364 in
1080 4319 1184 4382 graeco
1196 4306 1359 4381 eonctpttnr
1374 4323 1382 4363 ι
1398 4311 1433 4364 ut
1451 4321 1510 4363 uon
1528 4301 1621 4364 solum
1639 4304 1673 4362 iu
1679 4300 1801 4385 judiciis
1814 4299 1946 4362 ciuilibus

535 4409 586 4496 sul
598 4418 626 4472 et
638 4412 671 4469 in
681 4407 815 4489 publicis,
836 4428 895 4470 uou
911 4407 1091 4490 suffrapuute
1113 4416 1241 4469 tutorum
1259 4416 1312 4468 out
1333 4416 1500 4469 curatorum
1521 4415 1573 4470 out
1593 4407 1735 4470 beliorum
1755 4410 1941 4483 ambulate,

536 4515 776 4578 abundantiarum
785 4514 998 4596 prouidentiam
1015 4535 1035 4576 o
1055 4523 1155 4577 nostro
1168 4517 1317 4598 majestate
1325 4515 1462 4597 praebui
1477 4515 1615 4594 uelimus;
1626 4518 1669 4576 itu
1682 4523 1716 4576 ut
1729 4534 1829 4578 merrus
1842 4516 1943 4575 trinti-

537 4621 631 4700 uoler,
647 4631 699 4684 ete.
715 4627 813 4700 Quum
827 4627 904 4684 enlm
919 4628 1000 4701 prtus
1013 4624 1091 4685 solae
1104 4626 1310 4685 universitates
1323 4631 1353 4684 et
1365 4625 1502 4685 mulieres
1515 4641 1553 4685 ex
1566 4625 1653 4686 titulo
1669 4624 1699 4685 ΙΙ
1712 4624 1801 4702 hujus
1813 4623 1879 4683 llbrl
1894 4638 1941 4682 es·

538 4738 603 4792 sent
616 4737 785 4810 exceptans
799 4730 995 4809 competendo
1008 4729 1161 4809 thndtcto
1175 4731 1333 4806 crtmtnult,
1350 4730 1469 4792 demum
1486 4738 1553 4809 post
1571 4730 1680 4793 editum
1700 4731 1777 4793 bunc
1796 4731 1942 4792 constitn-
