4298 5906
770 583 895 645 REGNI
920 583 1107 646 SICILIAE.
1585 583 1642 649 183

228 723 402 815 locorum,
429 721 572 796 comites
592 729 627 792 et
647 719 795 794 barones
821 719 959 816 publice
984 720 1202 818 perpetratis.
1223 720 1334 816 Super
1351 717 1419 791 illis
1434 720 1538 793 etiam
1563 743 1642 797 ma·

227 845 350 922 Isliciis
376 845 607 942 coguitionem
634 865 734 918 suam
763 844 930 942 impartiri
957 845 1134 920 debebunt
1158 865 1228 940 qus
1250 844 1468 941 presentibus
1493 846 1577 942 ipsis
1604 848 1642 921 iu

228 973 313 1047 locis
331 972 389 1046 vel
406 993 538 1068 perum⁴
550 978 631 1044 aute
651 969 842 1044 adventum
860 970 1014 1066 ipsorum
1035 969 1217 1064 contigerit
1235 970 1440 1065 perpetrari,
1466 979 1506 1042 ut
1528 979 1643 1046 tamen

228 1096 259 1170 si
282 1096 463 1194 regiorum
489 1093 667 1188 justitiarii
697 1093 766 1166 sint
788 1105 982 1190 presentes,
1009 1115 1132 1169 causas
1159 1094 1253 1190 ipsas
1279 1115 1342 1190 per
1363 1113 1423 1178 scs
1446 1094 1523 1168 sine
1546 1117 1643 1170 mora

228 1222 382 1316 qualibet
400 1218 515 1294 audiri
536 1219 683 1312 jubeant
704 1228 739 1293 st
761 1218 867 1292 liniri.
889 1218 1100 1294 Absentibus
1124 1228 1241 1294 autem
1259 1220 1472 1313 justitiariis,
1497 1221 1526 1292 si
1551 1221 1644 1318 peri·

229 1346 348 1419 culum
377 1344 522 1420 evidens
547 1344 584 1416 in
616 1344 823 1440 cognitionis
850 1344 1016 1420 dilatione
1041 1344 1272 1442 providerim,
1300 1353 1552 1440 consequentes
1579 1369 1644 1420 au-

228 1469 328 1544 dlunt
345 1480 381 1545 ct
398 1468 567 1544 definiant
581 1471 791 1566 questiones.
807 1468 970 1565 AlioquIn
988 1491 1072 1544 vero
1083 1470 1134 1566 (a)
1151 1469 1348 1544 officialium
1362 1469 1449 1544 ordo
1467 1481 1639 1564 cerretum

230 1595 278 1670 ad
289 1595 515 1688 justitiarium
536 1593 704 1690 primum,
728 1593 856 1670 deinde
878 1593 926 1668 ad
950 1596 1132 1690 magistros
1151 1594 1354 1688 justitiarios
1381 1603 1417 1668 et
1440 1595 1581 1668 demum
1607 1597 1642 1668 iu

229 1719 402 1795 delectum
419 1719 576 1794 omnium
597 1719 646 1793 ad
661 1741 823 1816 magnum
840 1720 971 1796 curiam
988 1729 1137 1794 nostram
1156 1721 1318 1794 volumus
1334 1721 1551 1816 proclamari.
1571 1720 1644 1817 Ap-

230 1846 432 1941 pellationcs
451 1868 476 1920 a
496 1845 674 1918 sententiis
696 1845 897 1918 interiorum
918 1845 1078 1937 judicum
1100 1843 1148 1918 ad
1172 1845 1266 1940 ipsos
1287 1845 1451 1918 volumus
1472 1845 1642 1941 interponi

229 1970 328 2043 stab
353 1970 507 2066 ipsorum
531 1969 708 2042 senteutiIs
724 1967 772 2043 ad
795 1977 945 2042 nostram
973 1969 1185 2043 audientiam
1204 1970 1394 2068 provocari.
1415 1971 1471 2042 Ex
1490 1971 1641 2064 generali

230 2093 334 2166 etiam
364 2093 605 2167 commissione
631 2103 747 2168 nostra
773 2093 967 2189 specialiter
996 2093 1047 2166 eis
1075 2093 1164 2166 facta
1197 2093 1442 2167 committimus
1470 2094 1641 2190 magistris

225 2219 421 2312 justitiariis
439 2219 622 2294 antedictis
639 2229 695 2310 ut,
716 2219 817 2294 nobis
840 2219 929 2292 circa
953 2218 1089 2315 imperii
1109 2219 1216 2291 nostri
1239 2227 1350 2314 partes
1371 2227 1469 2292 extra
1494 2241 1639 2314 regnum

229 2343 430 2436 agentibus,
452 2344 738 2440 appellationesa
759 2343 938 2416 sententiis
950 2343 1218 2436 justiciariorum
1241 2365 1303 2416 seu
1326 2343 1557 2437 quorumlibet
1582 2345 1642 2418 in-

229 2467 393 2542 teriorum
413 2467 575 2561 jndIcum
591 2467 638 2542 ad
655 2476 806 2542 nostram
819 2467 1031 2542 audientiam
1051 2467 1238 2559 interjectis
1253 2466 1302 2564 (b)
1319 2467 1384 2562 ipsi
1398 2469 1587 2563 suscipiant
1608 2478 1643 2541 et

231 2602 334 2687 prout
349 2591 501 2666 viderint
519 2591 565 2666 dc
578 2593 659 2685 jure
675 2590 856 2685 decidaut;
877 2593 924 2665 ita
940 2591 1037 2688 quod
1053 2593 1140 2664 nulli
1158 2601 1351 2665 nostrorum
1368 2590 1523 2665 fidelium
1542 2593 1644 2666 liceat

230 2715 412 2790 occasione
439 2715 678 2812 appellationis
703 2715 750 2790 ad
778 2716 988 2790 auditorium
1018 2727 1171 2788 nostrum
1201 2717 1290 2789 lacte
1316 2713 1534 2788 adversarios
1561 2737 1644 2790 snos

230 2848 330 2912 entra
347 2860 496 2934 regnum
516 2837 681 2936 expensis
703 2847 738 2914 ct
753 2841 929 2914 laboribus
946 2840 1108 2934 fatigare,
1128 2839 1197 2912 nisi
1220 2838 1360 2912 forsitan
1378 2860 1483 2935 super
1500 2838 1644 2914 crimine

230 2963 302 3036 lese
318 2963 506 3056 majestatis
520 2963 578 3037 vel
596 2985 702 3060 super
715 2965 915 3039 so·crimine
929 2965 975 3039 de
990 2987 1060 3061 quo
1075 2963 1324 3037 condemnatus
1336 2963 1445 3036 vitam
1460 2964 1515 3037 vel
1535 2984 1644 3037 mem·

230 3085 333 3160 brum
350 3088 521 3164 amitteret
537 3089 594 3162 vsl
611 3089 752 3162 forsitan
767 3091 943 3181 exularet,
962 3101 1023 3163 ant
1040 3089 1138 3163 exilii
1151 3087 1284 3182 judicio
1304 3097 1432 3161 statum
1449 3097 1510 3161 aut
1527 3089 1644 3162 omnia

230 3210 323 3286 bona
347 3234 411 3287 sua
433 3213 491 3286 vel
514 3214 679 3307 majorem
705 3223 837 3309 partem
857 3215 1011 3311 ipsorum
1037 3213 1177 3288 deberet
1198 3213 1354 3287 amittere
1377 3212 1640 3306 condemnatus,

230 3337 479 3432 appellationes
498 3337 544 3412 ad
562 3359 625 3412 nos
647 3339 860 3434 contingeret
881 3339 1066 3436 interponi.
1085 3341 1182 3412 Tunc
1203 3339 1297 3412 enirn
1319 3339 1356 3410 iu
1379 3339 1547 3412 electione
1567 3361 1643 3414 esse

230 3461 394 3536 volumus
422 3463 626 3561 appellantis
654 3471 770 3536 ubum
797 3463 844 3538 ad
869 3463 1075 3560 presentiam
1102 3471 1253 3536 nostram
1283 3461 1381 3536 adire
1411 3463 1559 3536 voluerit
1585 3463 1642 3538 vol

229 3587 380 3684 cupierit
399 3587 553 3685 ipsorum
567 3587 740 3684 judicium
760 3587 924 3686 experiri.
944 3587 1186 3674 Quarimonias
1204 3587 1308 3662 ctiam
1329 3607 1400 3682 qne
1421 3586 1505 3659 fient
1526 3596 1644 3662 conus

227 3711 434 3806 justitiarios
453 3713 652 3808 regionum,
676 3721 824 3788 secretos
845 3733 1002 3805 camere,
1024 3713 1244 3806 castellanos,
1269 3719 1506 3809 procuratores
1524 3711 1644 3786 dema-

230 3835 369 3909 nicrum
398 3844 649 3910 nostrorumst
673 3835 759 3910 alios
780 3835 943 3911 officiales
967 3838 1112 3912 audiant
1134 3847 1168 3910 et
1194 3857 1241 3910 ex
1267 3835 1380 3909 officio
1406 3856 1470 3908 suc
1491 3835 1645 3930 ipsorum

232 3981 397 4036 excessus
427 3971 462 4036 et
490 3961 719 4056 negligentias
749 3962 912 4058 puniant,
939 3971 973 4035 ct
1004 3961 1178 4035 interdum
1206 3959 1377 4034 desectum
1400 3980 1519 4033 corum
1542 3961 1646 4053 juxta

232 4085 459 4182 subscriptam
491 4087 656 4178 formam,
674 4095 778 4182 prout
803 4085 1017 4182 expedierit,
1038 4085 1199 4184 supplere
1230 4094 1426 4184 procurent.
1445 4085 1645 4182 specialiter

272 4289 314 4365 (a)
334 4289 385 4352 Sic
396 4289 587 4352 ammdamus
598 4307 638 4352 ex
652 4289 793 4352 Carcanc.
806 4291 842 4351 ln
854 4291 1005 4368 imprecata
1017 4307 1091 4365 aaa,
1104 4289 1193 4352 ande.

275 4393 316 4476 (t)
337 4398 442 4460 Nonne
454 4398 562 4460 medus
573 4394 760 4480 matur?

555 4567 689 4578 ...η-οι-
697 4567 800 4577 ι-ο-
1495 4561 1641 4574 υ-ι--Π

235 4669 316 4730 regno
335 4657 487 4716 ordimttrm
499 4666 558 4720 erat
570 4659 643 4735 quod
655 4661 699 4720 bis
711 4661 741 4719 in
753 4677 825 4720 anno
837 4660 919 4719 cartis
933 4659 1100 4734 temporibus
1113 4665 1142 4719 et
1151 4659 1216 4718 locta
1229 4659 1360 4748 deberent
1372 4658 1431 4718 llari
1448 4657 1583 4717 solemnes
1594 4671 1648 4714 cu·

237 4751 308 4826 riae,
324 4754 466 4832 inquibus
477 4759 544 4817 certi
557 4759 705 4819 lntcrarant
721 4765 749 4819 st
762 4759 801 4819 ibi
813 4757 1033 4836 proponebantur
1046 4757 1238 4834 querimcnIae.
