4360 5908
217 565 316 634 luntcr.
334 568 376 656 5.]
671 571 869 635 HISTORIA
896 565 1189 632 nlltotllttlclt.
1577 573 1639 634 327

218 706 336 778 Sicilie
358 727 435 780 rex.
453 705 603 780 Romani
630 709 798 805 principis
822 707 930 781 decus
955 705 1131 779 extollitur
1152 713 1188 775 et
1210 712 1358 796 augusta
1383 704 1485 778 sedes
1508 707 1642 803 imperii

218 829 413 924 decoratur,
433 851 514 904 cnm
529 831 744 930 principatus
759 833 796 906 in
813 833 942 929 quibus
964 829 1118 904 consistit
1140 839 1174 900 et
1196 827 1293 922 viget
1310 829 1494 923 imperium
1517 833 1553 904 iu
1576 855 1640 908 sna

219 957 388 1052 dignitate
406 977 560 1052 congrua
581 958 780 1054 provisione
795 965 931 1054 reparat
952 965 987 1030 et
1004 963 1203 1045 conservat,
1225 963 1260 1026 et
1277 953 1352 1028 illas
1370 955 1418 1028 ad
1435 977 1553 1030 eorum
1577 981 1640 1032 re-

218 1081 433 1176 parationem
451 1093 487 1155 et
511 1083 787 1157 conservantiam
806 1103 971 1178 personas
987 1081 1085 1174 eligit
1103 1089 1138 1153 et
1156 1080 1316 1176 preponit
1331 1103 1402 1176 qne
1423 1104 1503 1154 oum
1523 1105 1641 1178 prero-

220 1206 338 1299 gativa
348 1205 608 1279 commissarum
621 1206 687 1280 sibi
702 1208 938 1300 eeclesiarum,
955 1229 1035 1278 oum
1050 1227 1113 1278 sue
1126 1205 1247 1278 merito
1259 1205 1439 1299 dignitatis
1451 1208 1640 1282 efficientes

220 1331 269 1404 ad
293 1330 331 1404 id
355 1340 390 1405 et
413 1339 552 1426 accepte
576 1333 650 1405 lore
671 1342 865 1406 censentur.
886 1331 1062 1406 Universis
1091 1331 1196 1424 igitur
1217 1330 1353 1427 imperii
1377 1329 1541 1406 fidelibus
1570 1343 1639 1406 tam

222 1456 397 1530 modernis
411 1477 518 1550 quam
537 1458 684 1553 posteris
700 1461 863 1532 volumus
879 1477 955 1531 esse
976 1465 1096 1530 notum
1114 1454 1210 1550 quod
1226 1477 1291 1528 nos
1311 1456 1568 1531 considerantes
1584 1468 1641 1532 te-

221 1603 327 1656 nuem
343 1591 471 1656 sutum
496 1583 641 1656 ecclesie
659 1584 892 1658 Laurissensis
908 1583 953 1656 ab
972 1583 1103 1656 honore
1121 1591 1156 1653 et
1173 1581 1313 1654 nomine
1326 1581 1542 1678 principatus
1560 1605 1640 1678 pro·

221 1707 503 1803 cassu-temporis
520 1707 761 1797 collabentem,
778 1717 817 1782 ut
834 1729 904 1782 non
919 1707 1035 1780 minus
1051 1705 1197 1802 imperio
1211 1728 1315 1800 quam
1334 1707 1400 1780 sibi
1420 1705 1568 1782 deficere
1585 1709 1640 1780 vi-

222 1830 362 1922 deatur;
376 1831 594 1905 attendentes
603 1832 744 1928 insuper
751 1832 847 1929 quod
860 1853 921 1928 per
929 1832 1091 1905 dilectum
1107 1831 1300 1927 principem
1309 1840 1464 1903 nostrum
1474 1831 1639 1905 Sitridnm

221 1955 520 2052 arehiepiscopum
536 1957 797 2052 Maguutiunm,
818 1959 919 2050 cujus
933 1965 1029 2052 gata
1047 1955 1188 2029 servitia
1210 1955 1366 2050 quotidie
1389 1957 1537 2052 imperio
1555 1979 1641 2052 pre-

222 2081 302 2154 stita
320 2091 436 2155 nostro
455 2085 651 2179 conspectui
668 2105 748 2156 cum
763 2085 873 2156 multa
890 2081 1101 2176 gratitudine
1118 2103 1157 2154 se
1173 2090 1383 2176 presentant,
1403 2102 1469 2153 nec
1487 2103 1557 2155 non
1579 2104 1643 2178 per

223 2203 381 2279 eamdem
395 2207 634 2300 lllaguutinam
641 2207 773 2298 sedem,
787 2209 884 2280 velut
896 2207 1137 2302 obsequiosum
1157 2227 1291 2302 semper
1306 2205 1453 2302 imperio
1467 2216 1502 2280 et
1516 2209 1641 2281 nostris

223 2329 414 2404 honoribus
426 2331 801 2426 efficacem,sarvitium
810 2331 966 2426 ejusdem
978 2333 1190 2428 principatus
1201 2331 1346 2427 imperio
1359 2330 1638 2427 debitum,qnod

223 2475 285 2550 per
302 2456 620 2548 ejusdemecolesie
637 2458 873 2554 impotentiam
890 2457 990 2531 nobis
1007 2458 1174 2531 hactenus
1188 2465 1240 2530 est
1257 2457 1486 2548 subtractum,
1505 2459 1637 2552 integre

223 2582 345 2676 poterit
364 2581 541 2676 exhiberi,
561 2583 740 2657 assistente
756 2583 857 2657 uobis
873 2594 907 2656 et
924 2583 1138 2679 approbante
1160 2583 1287 2656 dilecto
1305 2581 1376 2655 lilio
1397 2593 1513 2654 nostro
1532 2584 1638 2654 Hein-

224 2706 294 2779 rieo
311 2707 542 2782 Romanorum
561 2731 644 2806 rege
661 2731 796 2806 semper
814 2718 962 2799 angusto
981 2705 1051 2804 (l),
1069 2729 1173 2802 super
1193 2707 1247 2780 his
1266 2707 1449 2802 providere
1468 2709 1634 2799 volentes,

225 2853 294 2904 uua
319 2853 398 2906 cum
422 2833 668 2908 deliberatione
698 2844 732 2908 et
754 2833 897 2908 oonsilio
920 2817 1134 2930 principum,
1158 2833 1203 2906 de
1225 2834 1342 2905 innata
1363 2833 1583 2928 providentia
1604 2842 1639 2906 et

224 2965 337 3030 nostre
359 2960 468 3052 gratia
488 2961 676 3054 majestatis
699 2959 861 3033 cumdem
883 2959 1114 3055 principatum
1136 2959 1281 3032 ecclesie
1303 2958 1534 3031 Laurisseusis
1558 2981 1638 3032 cum

223 3083 317 3154 omui
339 3083 491 3176 bonore,
517 3085 677 3181 vasallis,
705 3085 1008 3176 ministerialibus,
1036 3083 1174 3176 eastris,
1201 3083 1358 3179 oppidio,
1390 3085 1635 3179 proventibus,

220 3209 359 3299 juribus
375 3219 411 3282 et
429 3211 642 3305 pertinentiis
660 3211 733 3283 suis
755 3211 846 3283 sicut
863 3210 908 3283 ad
929 3231 993 3282 nos
1013 3219 1047 3282 et
1067 3209 1251 3305 imperium
1277 3209 1431 3282 noscitur
1446 3211 1636 3306 pertinere,

223 3335 337 3408 cidem
361 3337 563 3431 Magantine
585 3337 748 3427 ecclesie,
771 3335 862 3409 dieto
884 3335 1087 3430 Maguntino
1106 3334 1364 3430 archiepiscopo
1397 3343 1431 3406 et
1462 3355 1640 3408 successo·

223 3460 321 3532 ribus
337 3461 412 3554 ejus
431 3461 602 3558 imperiali
621 3461 823 3535 auctoritate
836 3460 873 3532 iu
891 3469 1096 3556 perpetuum
1111 3458 1321 3532 donavimus
1334 3467 1369 3531 et
1384 3459 1636 3551 concessimus,

220 3595 259 3659 et
287 3587 504 3659 nominatum
529 3588 718 3683 principem
746 3595 903 3660 nostrum
931 3584 1163 3660 venerabilem
1191 3583 1434 3678 lllagnntinnm
1461 3584 1639 3679 archiepi-

220 3733 368 3807 scopum
391 3713 608 3808 presentibus
633 3713 847 3809 principibns
872 3711 1093 3806 solempniter
1112 3709 1353 3783 investivimus
1374 3718 1413 3780 ut
1435 3709 1558 3781 eadem
1581 3730 1638 3782 ec·

220 3836 327 3908 olesia
347 3837 568 3932 ltlaguntina,
589 3837 682 3911 idem
707 3835 929 3932 Maguntinus
955 3835 1235 3930 archiepiscopus
1257 3843 1292 3906 et
1320 3853 1535 3906 successores
1564 3834 1640 3925 ejus

220 3960 349 4034 amodo
365 3962 595 4058 principatum
620 3961 734 4058 ipsum
754 3970 892 4035 teneant
906 3972 941 4034 et
955 3959 1158 4056 possideant
1178 3969 1213 4030 et
1234 3957 1281 4031 ad
1299 3959 1464 4031 honorem
1485 3966 1641 4031 nostrum

221 4097 259 4158 ot
275 4085 409 4182 imperii
429 4087 526 4159 illum
542 4088 682 4161 foveant
699 4097 733 4160 et
746 4093 962 4179 conservent,
985 4085 1083 4157 salvo
1094 4087 1175 4176 jure
1191 4084 1288 4178 qnod
1306 4083 1389 4156 inde
1411 4083 1557 4157 debetur
1572 4083 1641 4154 im-

223 4210 335 4305 perio.
364 4211 535 4285 Presentis
560 4211 731 4309 privilegii
753 4211 953 4284 auctoritate
982 4207 1187 4282 mandantes
1213 4207 1376 4302 quatinus
1401 4208 1518 4279 nullus
1542 4207 1643 4303 prin-

262 4519 295 4594 (t)
316 4520 490 4596 «imperator
502 4521 574 4596 apud
584 4521 751 4596 Aquilegiam
762 4522 865 4581 Pascha
876 4523 915 4596 (ll
931 4520 1034 4597 aprilis)
1043 4521 1171 4592 celebrat,
1179 4520 1231 4578 lilio
1242 4536 1292 4578 suo
1304 4535 1367 4594 rege
1379 4519 1511 4596 adipsum
1521 4519 1643 4578 veniente

223 4625 254 4674 et
271 4617 430 4691 quibusdam
450 4619 618 4695 principibus
632 4621 839 4678 dismanatas.»
853 4620 979 4678 Gonnus.
993 4621 1098 4680 Concu
1111 4637 1156 4696 ap.
1174 4621 1319 4693 llouuusu,
1334 4619 1439 4688 Fontes,
1453 4626 1472 4676 t.
1486 4621 1524 4690 ll,
1537 4637 1564 4694 p.
1579 4618 1642 4675 tol.

225 4717 265 4776 Cl.
280 4719 375 4775 Herus.
385 4717 481 4776 ltus.
492 4723 521 4777 et
532 4719 660 4777 Obroaic.
670 4718 771 4776 Solisb.
