4360 5908
221 582 318 642 lirurcr.
335 581 382 659 5.]
673 580 870 641 HISTORIA
895 579 1187 642 DlPLOblllTlCr'l.
1572 581 1632 644 36¹1

218 717 280 810 qui
299 738 361 812 pro
377 725 473 812 parte
491 724 550 788 lua
569 715 632 808 ipsi
648 717 819 810 colloquio
832 739 900 788 non
913 717 1067 788 interluit
1082 727 1120 787 ut
1138 715 1298 804 debebat,
1317 737 1514 810 quanquam
1529 741 1633 813 snper

219 839 286 916 boc
304 863 343 913 se
360 864 422 938 per
435 842 563 913 litteras
580 849 615 913 et
633 841 791 912 nuntium
809 842 1007 930 excusavit,
1027 841 1218 913 rectoribus
1234 840 1397 935 predictis
1411 844 1634 917 causantibus

217 967 407 1063 plurimum
425 967 503 1058 ejus
520 966 712 1038 absentiam
731 975 765 1037 et
779 967 968 1039 nitentibus
985 989 1006 1039 a
1024 966 1199 1062 proposito
1215 965 1362 1055 resilire,
1380 965 1501 1060 prelati
1520 968 1633 1041 cardi·

217 1093 314 1164 uales
342 1091 570 1184 injunxerunt
598 1091 728 1163 eisdem
756 1100 795 1162 ut
823 1091 858 1162 in
887 1092 973 1164 festo
1003 1091 1095 1163 beati
1121 1089 1298 1162 Michaelis
1316 1110 1378 1184 per
1399 1101 1635 1184 procuratores

217 1213 363 1289 idoneus
379 1225 413 1288 et
424 1213 633 1286 sufficienter
647 1213 831 1288 instructos
844 1238 882 1288 se
896 1225 1011 1288 nostro
1029 1215 1227 1310 conspectui
1244 1225 1492 1309 representem.
1509 1215 1634 1288 Verum

218 1341 304 1435 quia
332 1341 434 1413 nobis
459 1341 556 1413 venii
576 1341 612 1410 in
638 1339 786 1412 dubium
812 1341 841 1412 si
870 1349 953 1412 tunc
974 1342 1108 1412 nostros
1134 1341 1253 1411 iratres
1279 1327 1455 1432 contingat
1479 1339 1581 1412 simul
1597 1341 1633 1412 in

217 1466 314 1538 curia
338 1465 500 1561 reperiri,
532 1485 643 1558 nsque
672 1465 716 1538 ad
743 1465 868 1537 iestum
887 1464 1048 1536 Omnium
1072 1467 1273 1537 Sanctorum
1293 1465 1451 1558 proximo
1479 1465 1633 1538 futurum

216 1589 380 1662 eumdem
412 1589 596 1662 terminum
634 1588 851 1686 providimus
884 1590 1163 1684 prorogandnm3
1204 1588 1407 1662 mandantes
1444 1590 1634 1664 rectoribus

216 1714 425 1810 supradictis
443 1725 482 1808 ut
502 1737 562 1814 per
577 1715 761 1808 jamdictos
778 1727 1016 1812 procuratores
1032 1715 1205 1788 sufficiens
1224 1714 1424 1786 mandatum
1444 1715 1630 1808 babentes,

216 1826 514 1942 siculprsdictum
528 1850 593 1926 est,
606 1862 722 1917 coram
739 1841 838 1914 uobis
854 1841 888 1912 in
905 1841 1049 1914 termino
1063 1839 1195 1936 prelixo
1212 1849 1442 1935 compareant,
1459 1850 1493 1912 et
1509 1863 1633 1912 secun-

221 1965 307 2038 dum
330 1965 447 2038 statuti
472 1967 617 2039 sormam
640 1954 724 2039 editi
755 1989 859 2062 super
882 1967 1021 2060 negotio
1043 1977 1229 2040 memoratu
1251 1965 1321 2062 (l),
1341 1987 1411 2060 que
1435 1966 1470 2036 in
1489 1974 1632 2038 tractatu

216 2091 314 2184 pacis
328 2111 495 2186 expressa
509 2100 697 2163 noscuntur
710 2091 839 2164 illibata
856 2111 995 2164 manere
1007 2091 1133 2164 iaciant
1150 2100 1185 2164 et
1199 2091 1328 2185 quieta.
1343 2091 1511 2164 Volumus
1528 2090 1633 2182 igitur

217 2215 555 2310 utprudentesriros
568 2215 615 2289 ad
628 2215 694 2288 boc
707 2216 881 2288 sufficiens
896 2215 1099 2288 mandatum
1110 2215 1276 2288 habentes
1294 2215 1469 2310 inpreiato
1489 2215 1631 2286 termino

216 2337 262 2412 ad
280 2351 429 2412 nostram
451 2340 656 2435 presentiam
674 2339 846 2413 destinare
864 2363 1036 2436 procures.

265 2467 387 2538 Datum
406 2465 532 2560 Spoleti
545 2463 615 2563 (2),
638 2478 760 2562 quarto
774 2465 854 2540 idus
867 2465 964 2560 julii,
986 2463 1206 2564 pontificatus
1221 2463 1328 2537 nostri
1347 2485 1439 2537 anuo
1453 2474 1566 2538 sexto.

438 2660 446 2668 ι
453 2660 655 2670 ...σοι-«Ψ...
926 2658 1623 2670 -η--οω--οω--Μ-υ--ῌο--κ--ι

219 2791 232 2823 n
247 2773 316 2845 perii
329 2773 357 2829 in
371 2773 446 2831 ltalia
458 2773 546 2848 legato
559 2781 640 2850 atquo
654 2776 774 2850 ejusdcm
788 2776 888 2834 domini
902 2776 1030 2846 vicarius,
1043 2775 1143 2833 Neroni
1158 2777 1255 2848 (Nigro
1266 2775 1309 2832 rel
1321 2775 1461 2848 Negrana),
1474 2775 1594 2834 Pratensi
1605 2783 1633 2834 et

219 2871 448 2942 »Bonamnturm
463 2873 673 2932 castaldionibus
694 2875 751 2932 suis
771 2875 806 2931 de
825 2873 895 2931 ralla
918 2873 999 2942 Arni,
1020 2872 1124 2930 dilectis
1146 2873 1213 2945 sibi,
1236 2873 1349 2930 salutem
1369 2879 1397 2930 et
1417 2889 1497 2930 omne
1519 2873 1629 2931 bonurn.

219 2991 232 3024 a
247 2972 405 3036 blandamus
415 2972 494 3032 vobis
505 2973 627 3038 districte
639 2981 667 3032 et
682 2974 793 3033 tirmiter
812 2974 990 3049 precipientes
1002 2980 1134 3046 quatenus
1146 2973 1318 3032 incontinenti
1331 2974 1397 3032 visis
1410 2974 1563 3048 hujusmodi
1581 2975 1632 3033 lic-

218 3089 231 3120 a
249 3071 313 3128 teris
325 3087 388 3128 cum
401 3072 460 3130 viro
470 3071 554 3130 nobili
568 3072 674 3130 domino
684 3072 803 3131 Plebanu
816 3073 850 3130 dc
863 3073 1016 3147 Altupascio
1028 3073 1111 3130 latore
1124 3071 1288 3146 presentium
1297 3087 1358 3130 esse
1371 3073 1492 3130 debeatis
1503 3079 1530 3130 et
1545 3078 1631 3132 terras

218 3168 311 3225 »diui
324 3169 466 3244 hospitalis
482 3172 627 3229 decemers
640 3177 667 3228 et
684 3171 826 3244 designare
846 3170 935 3228 velitis
956 3171 990 3227 de
1007 3170 1103 3244 plagiis
1123 3169 1202 3228 vallis
1221 3171 1302 3241 Arni,
1316 3170 1446 3243 justitiam
1460 3172 1628 3232 strationem

218 3285 231 3316 a
245 3265 330 3340 ipsius
341 3266 481 3342 hospitalis
494 3273 701 3326 manutenentes
712 3273 740 3324 et
751 3269 779 3324 in
797 3268 997 3342 possessionem
1010 3267 1045 3324 ds
1058 3283 1152 3324 eorum
1173 3267 1253 3324 terris
1270 3267 1420 3337 mittentes3
1436 3268 1473 3324 ita
1486 3269 1558 3340 quod
1567 3269 1630 3342 jura

217 3383 230 3415 r
245 3365 404 3424 strutiones
417 3366 491 3422 curis
504 3365 644 3424 occasimm
656 3371 789 3424 terrarum
802 3366 867 3424 dicti
879 3365 1018 3441 hospitalis
1031 3381 1085 3422 non
1096 3365 1202 3439 possint
1213 3365 1365 3438 obfuscari,
1380 3371 1408 3424 et
1420 3366 1492 3424 dicto
1505 3365 1631 3440 hospitali

217 3479 230 3514 s
245 3477 295 3519 sua
304 3462 365 3536 jura
377 3461 412 3520 ds
425 3460 503 3522 dictis
515 3465 595 3522 terris
609 3465 711 3540 optime
726 3469 948 3522 manuteneamus
958 3471 986 3521 et
999 3464 1152 3538 specialiter
1165 3465 1199 3520 de
1212 3464 1292 3522 terris
1303 3463 1337 3521 de
1348 3465 1445 3538 plagiis
1459 3481 1526 3539 quas
1540 3470 1631 3522 tenent

217 3561 375 3619 »Martinus
386 3559 518 3620 Grecbius
532 3564 710 3637 et·liragbius
721 3563 912 3622 utilennarius
930 3563 963 3620 de
984 3563 1103 3621 datiana
1121 3563 1152 3618 ln
1176 3562 1274 3636 quibus
1295 3564 1375 3621 terris
1394 3565 1484 3637 ipsum
1506 3564 1630 3622 eumdem

216 3677 229 3710 r
243 3655 354 3716 latorem
364 3661 529 3733 presentium
542 3677 593 3736 pro
602 3661 675 3720 dmto
686 3662 811 3736 hospitali
823 3661 851 3718 in
864 3660 1064 3735 possessionem
1075 3660 1197 3718 mitmtis.

251 3757 356 3822 »Unda
376 3773 425 3816 nus
444 3759 506 3816 dicti
525 3761 608 3834 Niger
622 3769 651 3818 ct
665 3762 800 3820 Prateusis
819 3767 848 3818 et
864 3761 1066 3830 buuanmtura,
1085 3759 1265 3817 castaldiones
1278 3760 1370 3831 curia,
1383 3759 1505 3818 volentes
1518 3761 1630 3834 exsequi

214 3873 228 3908 a
244 3856 402 3914 mandalum
422 3857 585 3931 predictum,
603 3859 705 3916 dictum
716 3859 853 3917 dominum
865 3857 1014 3915 Plebanum
1027 3873 1077 3931 pro
1090 3857 1161 3915 dicto
1172 3856 1296 3930 hospitali
1310 3857 1344 3914 de
1359 3857 1513 3930 Altupascio
1524 3857 1551 3912 in
1564 3873 1631 3931 pos-

215 3975 228 4008 »
244 3951 392 4012 monem
403 3961 431 4014 et
443 3962 563 4014 tenuem
576 3959 696 4016 omnium
708 3958 939 4031 ialrascriptcrum
952 3963 1084 4012 terrarum
1099 3956 1231 4026 misimus,
1241 3961 1306 4027 etc,
1317 3970 1386 4011 enno
1401 3955 1436 4012 eb
1449 3955 1631 4014 incarnatione

158 4101 165 4116 ,
215 4071 229 4106 s
243 4053 348 4112 Domini
362 4053 559 4126 dccxxxiii,
575 4056 600 4112 ll
613 4055 674 4114 idus
687 4057 806 4130 augusti,
819 4055 962 4114 indictione
975 4055 1083 4128 quinta,
1097 4059 1150 4112 etc.

251 4169 265 4204 n
281 4150 427 4209 llicorerus
440 4153 578 4224 noerius,
590 4161 644 4211 etc.
657 4172 670 4206 n

247 4248 288 4304 lix
305 4247 456 4307 indictionis
473 4263 585 4308 numero
601 4250 678 4308 lacils
691 4251 775 4325 liquet
787 4251 922 4309 notamum
936 4249 965 4306 in
978 4250 1030 4307 boc
1043 4249 1219 4306 instrumento
1233 4248 1335 4306 ratione
1348 4249 1518 4323 computandi
1532 4267 1631 4309 aunum

213 4345 247 4401 ad
263 4345 392 4402 Pisanum
410 4361 512 4404 morem
531 4363 610 4405 usum
623 4347 719 4420 luisse,
735 4347 837 4406 scilicet
850 4364 913 4406 aere
927 4349 979 4405 ista
992 4361 1089 4405 norem
1107 4345 1245 4404 mensibus
1268 4351 1330 4404 auto
1349 4352 1472 4404 nostrum
1492 4347 1630 4421 vulgarem

213 4459 315 4500 annum
328 4444 480 4518 incipiente.

249 4541 284 4615 (l)
301 4541 368 4600 Vide
379 4558 461 4618 supra
479 4545 663 4618 compromissi
676 4545 806 4616 formem,
821 4561 850 4618 p.
863 4547 914 4600 eis
929 4549 957 4600 et
968 4559 1045 4616 seqq.

249 4639 284 4714 (2)
305 4643 424 4699 eliense
435 4642 543 4717 aprilis,
553 4643 700 4718 Gregorius
709 4659 780 4719 papa
791 4645 824 4701 de
838 4645 921 4701 Reate
935 4643 1006 4718 apud
1017 4642 1267 4700 interarnuesvadit
1277 4648 1306 4698 et
1318 4641 1380 4698 inde
1392 4641 1467 4699 vadit
1477 4641 1626 4714 spoletum

214 4739 261 4810 qui
277 4740 414 4811 generales
425 4741 459 4798 ad
473 4742 549 4816 regni
566 4743 700 4818 praelatos
719 4743 822 4800 litteras
835 4741 924 4815 dirigit
938 4758 973 4798 ae
991 4742 1052 4814 quis
1070 4757 1164 4798 eorum
1182 4740 1339 4799 officialibus
1352 4739 1534 4813 imperatoris,
1549 4754 1628 4796 occa-
