4298 5906
519 621 578 686 194
968 623 1106 686 NOVAE
1130 625 1483 692 CONSTITUTIONES

516 760 610 856 ipsas
634 755 866 854 depositiones
886 779 1025 854 eorum,
1052 761 1179 836 tamam
1198 765 1300 840 etiam
1320 763 1524 840 corumdem
1541 771 1713 859 quatenns
1737 766 1849 862 ipsam
1868 789 1929 864 per

518 882 776 978 inquisitionem
795 886 1018 960 summariam
1030 885 1238 978 justitiarius
1256 889 1345 964 scire
1358 897 1482 986 potest.
1501 889 1540 960 ln
1558 889 1725 985 predictis
1742 891 1881 966 casibus
1895 902 1931 967 et

518 1008 680 1082 omnibus
711 1009 788 1083 aliis
816 1009 853 1084 in
879 991 1008 1106 quibus
1040 1011 1218 1107 inquisitio
1245 1013 1406 1088 iacienda
1426 1022 1498 1103 est,
1521 1014 1714 1089 secundum
1732 1017 1812 1109 jura
1838 1037 1930 1090 corn·

517 1132 637 1208 munia
659 1135 716 1208 vel
741 1135 848 1208 nostri
869 1135 1018 1210 nominis
1041 1138 1234 1214 sanctiones
1253 1135 1521 1236 exprimendum
1541 1147 1595 1210 est
1617 1136 1782 1212 delatoris
1804 1159 1929 1214 nomen

518 1265 553 1331 et
565 1279 685 1332 omnes
698 1259 930 1334 solemnitates
944 1260 1114 1338 servande
1128 1272 1301 1359 suntque
1314 1263 1491 1338 veteribus
1506 1261 1642 1358 legibus
1657 1272 1692 1336 et
1704 1262 1830 1336 nostris
1846 1285 1930 1337 con-

365 1397 370 1408 ·
519 1381 754 1458 stitutionibns
772 1405 877 1481 super
895 1383 1125 1460 delationibus
1144 1365 1183 1461 ει
1200 1387 1412 1462 delatoribus
1428 1387 1532 1462 editis
1549 1387 1780 1480 continentur,
1798 1396 1929 1484 preter-

517 1529 623 1602 quam
639 1508 676 1580 in
693 1531 736 1583 eo
750 1519 884 1583 tantum
901 1511 1045 1584 crimine
1062 1513 1133 1588 lese
1145 1513 1333 1608 majestatis
1347 1521 1463 1588 nostre
1474 1511 1570 1609 quod
1582 1533 1764 1608 porsonam
1777 1521 1929 1587 nostram

518 1629 648 1706 directo
663 1632 844 1728 contingit,
864 1635 922 1708 vei
943 1634 1009 1707 nisi
1024 1637 1119 1729 justa
1138 1645 1173 1710 et
1187 1636 1377 1734 probabitis
1396 1657 1458 1732 per
1470 1657 1551 1710 eum
1569 1636 1667 1734 apud
1680 1659 1786 1732 quem
1803 1635 1929 1712 delatio

518 1757 608 1832 facta
624 1767 676 1830 cst
690 1757 869 1832 videbitur
884 1780 988 1834 musa
1008 1760 1152 1856 timoris,
1171 1772 1431 1860 propterquam
1451 1762 1582 1837 dolator
1595 1762 1632 1834 in
1648 1761 1827 1858 publicum
1840 1785 1930 1860 pro-

518 1879 595 1954 dire
615 1881 788 1958 formidet.
809 1882 1039 1958 Nihilominus
1053 1894 1168 1960 tamen
1186 1886 1370 1982 inquisitor
1385 1885 1452 1961 boc
1468 1907 1551 1960 casu
1572 1885 1690 1960 omnia
1707 1894 1864 1960 teneatur
1880 1908 1931 1962 ex

517 2005 632 2080 officio
653 2029 718 2081 suo
740 2007 988 2106 circumspecte
1011 2011 1225 2107 prospicere,
1248 2021 1319 2086 tam
1344 2011 1381 2084 in
1403 2010 1560 2108 personis
1584 2009 1830 2108 productorum
1853 2021 1930 2086 tes-

517 2128 605 2202 tium
621 2152 727 2225 quam
744 2131 781 2204 in
796 2132 959 2206 omuibus
976 2133 1240 2210 circumstantiis
1254 2135 1344 2228 aliis,
1355 2143 1390 2210 et
1403 2135 1597 2232 specialiter
1610 2135 1690 2230 quis
1704 2134 1750 2208 sit
1761 2137 1856 2209 mins
1867 2137 1931 2211 dc-

516 2253 636 2328 latoris
650 2264 710 2329 aut
727 2277 833 2332 causa
851 2278 921 2352 que
936 2258 1050 2354 ipsum
1068 2259 1114 2335 ad
1134 2259 1245 2357 ipsam
1260 2259 1472 2335 delationem
1490 2259 1650 2351 inducat;
1671 2269 1706 2335 et
1725 2259 1932 2352 generaliter

515 2377 566 2452 sic
591 2381 708 2456 omnia
731 2403 778 2456 ex
800 2381 914 2458 officio
936 2404 1001 2458 suc
1026 2385 1184 2482 suppleat
1204 2383 1391 2482 inquisitor
1413 2384 1512 2481 quod
1533 2385 1571 2457 in
1591 2385 1708 2481 aliquo
1734 2385 1930 2480 ignorantia

513 2503 746 2600 predictorum
777 2505 891 2582 delato
914 2529 1039 2585 accere
1064 2531 1134 2584 aon
1164 2510 1291 2607 possit;
1314 2531 1387 2606 que
1403 2509 1434 2583 si
1456 2531 1517 2605 pcr
1541 2509 1772 2605 inquirentem
1794 2509 1930 2608 perspi·

513 2629 639 2704 caciter
661 2629 844 2704 observata
867 2652 936 2706 non
957 2631 1105 2726 inerint,
1126 2633 1306 2730 inquisitio
1329 2633 1481 2708 irritetur
1504 2633 1621 2708 denuo
1644 2632 1825 2728 iacienda,
1851 2634 1930 2731 ipso

513 2753 737 2828 nibilominus
754 2753 800 2830 de
818 2753 974 2832 doloret
991 2758 1214 2854 negligentia,
1234 2767 1338 2855 prout
1353 2781 1401 2833 cx
1418 2757 1558 2834 arbitrio
1576 2767 1692 2833 nostro
1708 2759 1927 2857 processerit,

513 2879 791 2956 condemnando.

560 3005 645 3080 item
664 3005 740 3082 dira
757 3014 793 3082 et
814 3005 903 3081 dura
926 3007 1124 3084 observatio
1148 3030 1219 3104 qne
1239 3007 1406 3084 hactenus
1427 3006 1623 3102 obtinebat,
1644 3005 1807 3082 videlicet
1828 3007 1928 3104 quod

510 3128 540 3202 si
559 3151 623 3225 per
639 3129 898 3225 inquisitionem
914 3141 1034 3208 contra
1059 3133 1212 3229 aliquem
1235 3133 1361 3208 iactum
1384 3153 1448 3231 psr
1471 3130 1718 3207 decennarium
1741 3153 1926 3206 numerum

512 3253 827 3350 probabobertus
851 3257 998 3336 dabatur
1022 3258 1122 3358 copia
1146 3257 1379 3349 reclamandi,
1398 3257 1561 3332 nolumus
1575 3255 1626 3352 (c)
1642 3254 1739 3354 quod
1752 3257 1798 3333 de
1812 3267 1927 3333 cetero

513 3377 734 3481 observetur3
758 3387 822 3464 sed
842 3399 878 3463 et
895 3409 957 3486 per
977 3409 1223 3485 quemcunque
1246 3381 1293 3486 (b)
1310 3382 1490 3486 probetur,
1508 3382 1646 3479 copiam
1663 3381 1792 3464 habeat
1814 3407 1928 3466 accu-

514 3520 610 3588 satus
622 3522 657 3588 et
669 3513 704 3588 in
723 3513 796 3588 suis
814 3512 1072 3590 defensionibus
1087 3512 1262 3588 audiatur.

562 3639 715 3718 Prceenti
730 3641 809 3737 lege
824 3641 1000 3716 sancimus
1015 3653 1055 3714 ut
1071 3661 1137 3714 nec
1153 3639 1316 3734 magister
1326 3636 1537 3732 justitiarius
1549 3633 1647 3710 curie
1660 3640 1776 3710 nostre
1788 3657 1854 3711 nec
1865 3638 1925 3712 alii

512 3767 687 3864 justitiarii
712 3765 894 3862 regionum
919 3774 1135 3840 accusatores
1162 3773 1223 3838 aut
1244 3763 1427 3838 criminum
1446 3761 1616 3836 delatoroe
1636 3759 1735 3834 aliter
1756 3761 1805 3835 ad
1821 3761 1927 3856 judi-

516 3893 648 3968 ciorum
676 3913 819 3966 suornm
843 3891 1037 3987 ingressum
1058 3889 1256 3984 admittant,
1281 3889 1348 3964 nisi
1367 3887 1465 3985 prius
1490 3885 1671 3960 vinculum
1694 3887 1925 3986 inscriptionis

516 4019 706 4116 accipiant,
727 4026 829 4114 prout
857 4016 1034 4094 ueteribus
1057 4016 1195 4111 legibus
1219 4025 1273 4089 est
1297 4014 1496 4106 inductum,
1518 4019 1558 4083 ut
1579 4009 1778 4087 doeistentie
1799 4034 1924 4110 penam

517 4155 621 4242 atque
638 4143 809 4218 calumnis
825 4143 862 4216 in
879 4139 1129 4218 calumniantes
1145 4149 1180 4215 et
1195 4140 1397 4216 desistentes
1413 4146 1609 4213 consenter
1626 4137 1822 4214 observent.

560 4347 601 4432 (a)
623 4351 659 4412 ln
673 4349 807 4413 Palatino
815 4309 917 4432 preter
927 4365 1027 4412 cmm
1039 4343 1184 4410 mlum.
1251 4419 1255 4430 q
1292 4425 1295 4440 Ι

559 4455 599 4540 (b)
620 4459 655 4520 ln
668 4457 739 4522 edit.
754 4445 866 4520 venen
878 4457 999 4520 additur
1011 4461 1243 4540 ctprrcccccqtrc.
