4372 5918
499 611 542 672 44
1035 604 1386 670 consultortottns

502 749 587 821 bant
597 744 627 842 (l
637 746 664 839 ),
676 767 742 819 nec
756 743 803 818 de
817 743 894 817 aliis
907 741 1041 837 aliquid
1054 743 1260 817 sanctientes
1271 742 1321 843 (a)
1330 746 1415 842 ipsis
1428 767 1498 820 non
1515 743 1686 818 modicam
1699 741 1913 836 malignandi

502 873 680 946 materiam
706 869 914 959 afferebant3
936 868 1119 941 statuimus
1136 878 1175 940 ut
1193 869 1239 942 de
1263 870 1377 944 causis
1404 871 1480 944 aliis
1506 879 1577 943 tam
1604 867 1782 942 mobilium
1807 890 1912 964 quam

502 992 732 1066 immobilium
755 1001 790 1064 st
816 1010 1106 1086 quarumcunque
1128 1011 1243 1062 rerum
1271 1013 1341 1086 qne
1366 1014 1436 1066 nou
1463 993 1594 1066 cadunt
1613 994 1651 1065 in
1676 1003 1802 1064 nomon
1829 1013 1911 1064 oon·

502 1127 675 1189 tractuum
693 1115 942 1212 predictorum,
963 1113 1027 1187 sed
1045 1115 1215 1210 personali
1232 1115 1387 1210 qualibet
1413 1117 1470 1191 vel
1488 1117 1556 1190 alia
1580 1117 1714 1191 actione
1740 1116 1823 1189 reali
1851 1137 1912 1212 pe·

503 1250 635 1332 tumtur,
662 1240 867 1313 tricesimam
894 1247 1026 1312 tanturn
1051 1239 1250 1334 quantitatis
1273 1241 1331 1314 vol
1353 1241 1578 1316 estimationis
1600 1241 1650 1314 rei
1675 1242 1781 1338 petite
1805 1241 1910 1334 baiuli

502 1364 569 1460 ipsi
582 1364 726 1458 exigant
743 1373 779 1436 et
795 1362 962 1458 recipiant
977 1383 998 1434 a
1011 1359 1186 1452 damnato,
1203 1383 1283 1434 oum
1298 1383 1403 1436 cansa
1417 1385 1478 1460 per
1494 1364 1697 1438 sententiam
1714 1363 1907 1454 decidatur,

501 1489 591 1562 sicut
607 1489 643 1561 in
657 1487 837 1582 judicibus
858 1488 999 1561 novella
1025 1486 1132 1559 nostri
1160 1486 1312 1560 numinis
1329 1489 1525 1562 constitutio
1549 1489 1754 1564 introduxit.
1775 1489 1811 1562 Si
1828 1513 1911 1564 vero

500 1636 605 1688 causa
628 1612 865 1688 transactionis
882 1610 1035 1686 remedio
1052 1609 1245 1701 decidatur,
1264 1621 1348 1685 tunc
1363 1614 1409 1686 ab
1428 1623 1576 1709 utreque
1592 1624 1689 1710 parte
1701 1615 1911 1710 litigantium

501 1739 669 1835 recipiant
692 1738 898 1812 tricesimam
928 1737 1174 1833 supradictam.
1204 1737 1345 1830 Bajolus
1371 1747 1489 1811 antem
1518 1749 1635 1812 contra
1657 1739 1811 1835 predicta
1833 1743 1910 1833 [vel

501 1863 636 1960 aliquid
653 1863 929 1960 supradictorum
951 1861 1116 1950 veniens]
1136 1882 1207 1956 que
1223 1862 1259 1934 in
1279 1864 1455 1936 nostriset
1479 1885 1599 1959 regum
1617 1863 1664 1961 (b)
1684 1865 1814 1939 assisiis
1829 1887 1911 1938 con·

500 1989 665 2078 tinentur,
684 1996 799 2084 preter
820 1986 961 2084 periurii
983 2007 1107 2082 penam
1129 1983 1187 2084 [in
1206 1987 1356 2060 articulis
1379 1989 1606 2082 jurisjurandi
1629 1987 1846 2088 contentam]
1866 1990 1911 2064 de

501 2135 572 2211 qno
599 2112 721 2187 divina
743 2111 910 2186 sententia
934 2110 1194 2202 condemnatur,
1220 2111 1308 2186 duas
1331 2113 1437 2187 libras
1460 2113 1536 2188 anri
1563 2111 1782 2215 [purissimi]
1802 2117 1910 2191 erario

500 2247 617 2312 nostro
633 2259 672 2312 ss
687 2237 822 2312 noverit
833 2237 1022 2310 illaturum.

549 2365 647 2438 Circa
669 2373 785 2437 tamen
804 2362 1029 2458 compalatios
1044 2363 1202 2458 Neapolis
1216 2371 1252 2436 et
1278 2363 1434 2438 stratioos
1450 2364 1580 2438 Salerni
1599 2365 1729 2440 scilicet
1753 2377 1789 2440 et
1816 2369 1910 2442 bles·

501 2513 601 2582 sans,
621 2487 749 2584 quibus
766 2509 973 2584 cognoscere
1001 2488 1081 2560 licet
1098 2488 1143 2561 do
1169 2487 1371 2561 criminibus
1392 2488 1437 2562 de
1454 2489 1595 2586 speciali
1617 2501 1651 2564 et
1668 2491 1812 2588 antiqua
1829 2517 1907 2590 pre·

501 2615 656 2711 rogativa
674 2623 709 2687 et
725 2613 823 2706 regni
848 2613 954 2686 nostri
980 2613 1221 2686 observatione
1244 2613 1459 2707 dignoscitur
1477 2635 1554 2688 esse
1576 2637 1797 2710 concessum,
1816 2619 1908 2694 ordi·

501 2742 640 2816 natione
657 2737 909 2812 constitutionis
927 2737 1095 2836 presentis
1111 2737 1196 2810 nibil
1212 2739 1375 2812 volumus
1392 2740 1551 2814 innovari
1567 2737 1580 2834 (
1595 2741 1621 2838 ).

956 3070 1157 3144 TlTULUS
1185 3069 1280 3144 XCl.
1306 3075 1339 3144 N
1362 3069 1452 3168 (50).

790 3252 838 3322 Dc
859 3249 962 3344 officio
987 3250 1241 3322 castellanorum
1261 3262 1294 3323 at
1316 3253 1526 3324 sevientium
1548 3248 1612 3347 (d).

1019 3453 1094 3502 unx
1125 3452 1383 3503 ournnunnus.

546 3605 727 3681 Castellani
744 3621 779 3682 et
804 3608 993 3682 servientes
1014 3609 1060 3682 ab
1083 3609 1303 3684 incarceratis
1325 3610 1387 3706 qui
1405 3609 1528 3684 eodem
1553 3609 1829 3684 incarcerationis
1851 3607 1910 3682 die

496 3754 707 3828 quacunque
730 3732 814 3806 bora
838 3734 1013 3806 extiterint
1037 3733 1190 3826 liberati,
1209 3733 1294 3806 nihil
1314 3735 1454 3809 omnino
1476 3735 1656 3832 recipiant.
1679 3735 1716 3808 Si
1740 3743 1854 3808 autem
1872 3735 1908 3806 in

496 3856 619 3930 eodem
638 3879 775 3932 carcero
796 3869 930 3932 noctem
950 3859 1182 3932 incarceratus
1204 3859 1341 3948 lecerit,
1361 3880 1430 3932 non
1452 3860 1636 3955 plusquam
1651 3858 1834 3934 dimidium
1857 3868 1908 3934 ta·

497 4003 620 4055 renum
639 4003 701 4077 pro
719 3983 919 4058 liberatione
937 3983 982 4057 ab
996 3984 1205 4058 incarcerato
1218 3983 1296 4079 ipso
1312 3983 1473 4056 volumus
1486 3983 1663 4080 postulari.

539 4157 584 4240 (a)
604 4161 640 4222 ln
653 4161 790 4223 omnlbus
802 4163 972 4225 mortona.
990 4163 1169 4243 Corrlglmus
1181 4178 1216 4223 ex
1231 4161 1332 4224 codloe
1344 4162 1436 4224 latlno
1449 4171 1539 4224 4625.

539 4265 582 4347 (b)
603 4267 646 4329 nt
657 4284 759 4350 regom
771 4269 854 4330 deest
864 4271 895 4330 ln
910 4271 1011 4332 oodlce
1025 4271 1125 4332 latino.
1141 4271 1177 4331 ln
1192 4285 1297 4350 graeco
1309 4267 1422 4330 καὶτῶν
1436 4266 1573 4352 turriger
1586 4265 1735 4352 προγόνων.

540 4373 580 4454 (r)
605 4375 686 4436 Haec
698 4373 736 4436 ob
752 4375 837 4437 ceso
850 4383 946 4437 tamar
959 4393 1054 4455 usqua
1067 4377 1106 4437 ad
1119 4377 1210 4438 fluam
1223 4379 1254 4438 ln
1268 4377 1334 4438 uod.
1350 4385 1427 4439 tots
1445 4377 1567 4438 omnlno
1579 4375 1696 4438 desunt.

541 4477 585 4560 (d)
606 4479 717 4542 Graece
732 4500 741 4543 ε
759 4481 909 4559 Qnuotm
921 4479 1042 4543 debeam
1053 4479 1203 4544 occultant
1213 4501 1234 4542 a
1248 4483 1402 4544 commotis
1414 4482 1539 4565 atcere

535 4768 572 4842 (t)
590 4768 657 4828 Vide
671 4785 753 4846 supra
766 4772 807 4830 tit.
823 4771 932 4843 LXVll,
945 4787 978 4831 ex
992 4789 1087 4847 graeca
1099 4773 1299 4850 computatione
1311 4776 1355 4832 tt.
