4288 5912
201 601 300 663 lanrcr.
315 599 363 679 5.]
654 593 854 658 HISTORIA
877 590 1172 655 nlnnotlnssca
1551 595 1615 660 381

201 731 416 832 suscipiendi
441 729 635 806 cautionem
662 740 697 805 et
722 729 979 806 satisdationem
999 749 1061 802 scu
1089 725 1295 801 firmantiam
1320 726 1366 801 ab
1392 729 1616 808 universitate

201 881 264 935 seu
283 857 458 934 communi
475 855 627 932 Massilia
643 855 725 931 villo
742 853 1006 944 vicecomitalia,
1021 861 1057 928 et
1073 851 1267 949 predictum
1283 874 1326 926 ac
1343 863 1534 950 presentem
1551 858 1616 932 Ni-

201 985 353 1060 colinum
370 979 571 1080 Apcardnm
587 978 773 1079 syndicum
792 978 884 1054 dicte
905 978 1141 1052 universitatis
1159 977 1205 1052 ad
1233 979 1324 1052 hanc
1347 982 1614 1056 controversiam

200 1109 424 1183 constitutum
454 1113 489 1180 ot
509 1125 574 1204 por
598 1103 762 1180 eumdem
788 1102 974 1204 syndicum
1003 1103 1131 1178 dictam
1159 1103 1417 1179 universitatem
1442 1106 1611 1196 Massilic,

200 1243 374 1308 mnentem
392 1253 455 1306 seu
471 1239 626 1306 oenontes
645 1231 761 1305 locum
778 1229 1015 1305 universitatis
1034 1228 1192 1324 ejusdem
1211 1229 1287 1304 aive
1303 1229 1417 1304 vicem
1435 1229 1612 1326 quondam

200 1357 420 1433 dominorum
443 1355 595 1430 llossilie
620 1354 791 1453 predicte,
821 1353 869 1428 ad
894 1354 1114 1452 prestandum
1138 1353 1343 1429 firmantiam
1365 1357 1613 1454 suprepetitam

199 1481 293 1558 dicto
310 1481 428 1557 comiti
444 1479 625 1556 Provincia
640 1489 681 1554 ut
699 1479 840 1555 domino
858 1489 892 1554 et
910 1479 1026 1555 comiti
1043 1477 1297 1569 condemnauit,
1318 1487 1420 1576 prout
1434 1481 1471 1554 in
1486 1482 1612 1580 scripto

198 1605 358 1701 ejusdem
390 1606 559 1681 sententie
590 1605 687 1702 quod
716 1606 783 1679 sub
810 1605 933 1701 sigillis
962 1605 1119 1699 ejusdem
1146 1605 1367 1680 Massiliensis
1399 1607 1551 1704 episcopi
1578 1619 1612 1684 et

197 1732 347 1806 aliorum
365 1732 576 1828 prelatorum
598 1730 669 1806 lide
694 1728 880 1826 dignorum
903 1729 1059 1805 vidimus
1074 1729 1211 1827 plenius
1228 1730 1413 1815 contineri,
1432 1730 1478 1805 de
1492 1741 1610 1807 noema

197 1855 402 1932 confirmare
424 1856 535 1952 gratia
564 1854 799 1950 dignaremur.
827 1855 897 1930 Nos
925 1855 1032 1950 igitur
1055 1855 1343 1952 supplicationem
1367 1853 1450 1930 dicti
1478 1859 1611 1932 comitis

195 1983 294 2056 velut
313 1981 448 2077 justitie
467 1981 680 2056 inherentem
698 1981 931 2056 favorabiliter
951 1980 1189 2073 admittentes,
1210 1980 1368 2056 eamdem
1385 1983 1607 2078 sententiam,

195 2107 287 2181 sicut
307 2108 402 2201 J'uste
420 2107 490 2181 lata
506 2117 575 2199 est,
597 2127 660 2181 nos
677 2107 830 2202 legitima
849 2105 1078 2204 appellatione
1096 2127 1264 2203 suspensa
1280 2106 1469 2204 imperialis
1485 2115 1611 2184 audo

194 2232 296 2305 ritate
312 2229 474 2305 culminis
496 2228 752 2305 confirmamus.
773 2229 830 2304 Ad
853 2229 960 2324 hujus
980 2239 1096 2303 autem
1123 2227 1391 2304 confirmationis
1413 2233 1611 2309 memoriam

195 2363 231 2429 et
249 2355 409 2430 stabilem
425 2351 643 2448 firmitatem,
659 2375 801 2452 presens
820 2355 986 2452 scriptum
1006 2351 1081 2428 fieri
1098 2363 1134 2430 et
1153 2353 1266 2451 sigillo
1287 2355 1475 2451 majestatis
1497 2367 1611 2434 nostm

191 2479 361 2574 jussimus
379 2478 596 2554 communiri.

242 2606 370 2679 Datum
387 2602 515 2696 Mollia,
531 2625 623 2678 anno
641 2601 814 2677 dominice
829 2601 1075 2678 incarnationis
1090 2603 1275 2679 millesimo
1291 2603 1526 2683 ducentesimo
1541 2608 1609 2681 tri·-

194 2729 325 2806 cesimo
341 2728 508 2824 mundo,
528 2749 648 2804 mense
662 2727 817 2824 augusti,
837 2727 958 2826 quinte
973 2727 1185 2804 indictionis

414 3022 440 3035 ν
447 3021 1394 3034 nnn—-n--u--ffl-u——n—-ffl

246 3265 477 3376 fridericus,
492 3267 752 3352 Romanorum
769 3267 990 3379 imperator,
1010 3270 1194 3382 magistro
1211 3271 1374 3358 ilenrico
1393 3274 1607 3362 Coloniensi
1686 3377 1700 3411 ι
1735 3321 1762 3357 a

192 3401 413 3485 commodat
433 3401 765 3486 transcribendum
791 3429 905 3488 suum
931 3405 1125 3516 exemplar
1142 3405 1479 3495 Abbreviationum
1505 3412 1605 3500 Avi-

192 3559 337 3620 cennae
354 3543 405 3620 lle
422 3535 668 3639 animalibus,
691 3536 911 3625 aMichaele
929 3537 1040 3626 Scoto
1057 3541 1300 3628 nunciatum.

276 3736 402 3819 (lncdlt.
416 3758 455 3804 cx
468 3741 569 3806 codice
581 3742 707 3806 membr.
721 3745 754 3806 ln
768 3754 811 3822 8⁰,
826 3761 886 3809 sec.
900 3746 1009 3808 decimi
1021 3749 1100 3808 tartll
1112 3748 1160 3810 vel
1173 3751 1288 3828 qunti,
1303 3760 1337 3812 n⁰
1350 3760 1427 3816 855⁷
1440 3753 1519 3818 Blbl.
1528 3756 1603 3820 Bru·

313 3849 413 3926 gensis
431 3855 463 3910 ct
477 3865 517 3912 cx
537 3851 629 3913 allero
648 3851 765 3926 codice,
785 3853 877 3914 seculi
895 3856 994 3932 quartl
1012 3854 1136 3930 decimi,
1157 3855 1189 3916 ln
1207 3856 1286 3920 Bibl.
1306 3858 1602 3939 Pommcreieldeosi,

314 3970 442 4033 quorum
459 3958 571 4018 mutio
586 3955 622 4018 fit
639 3973 689 4035 ap.
709 3957 824 4033 Pnnrn,
840 3956 949 4052 ,anm
965 3957 1017 4022 dar
1034 3957 1221 4044 qaedscioffl
1228 3960 1288 4042 sair
1306 3961 1362 4028 dit.
1381 3967 1518 4032 macca
1536 3987 1605 4052 pca-

312 4057 529 4143 cttcteiunde,
542 4067 568 4128 t.
582 4062 668 4140 vlu,
683 4081 716 4143 p.
732 4068 1002 4146 aaa,ett1x,p.
1019 4066 1105 4149 aar.)

241 4227 404 4306 Aviccocc
420 4235 617 4310 domatio
633 4259 736 4332 anper
748 4238 869 4312 librom
882 4241 1093 4315 ocimolicm.
1105 4281 1155 4298 -
1167 4243 1356 4340 Frederice,
1372 4249 1602 4329 Romanorum

192 4355 389 4454 imperator,
404 4359 544 4436 domine
556 4361 694 4453 mundi,
708 4365 847 4463 suscipe
857 4365 983 4442 devote
996 4367 1091 4441 hunc
1104 4367 1257 4444 laborem
1271 4371 1417 4451 lllichael
1431 4376 1549 4478 Scoti(
1573 4379 1600 4478 ),

193 4482 293 4557 nteit
310 4484 420 4580 maia
435 4486 541 4584 capiti
559 4497 620 4562 tuo
637 4498 673 4563 ot
689 4490 823 4586 torquis
835 4491 921 4565 collo
938 4499 1010 4565 tuo.

230 4739 267 4816 (t)
287 4741 398 4804 lliraael
411 4743 525 4821 scotus,
545 4747 666 4809 Damsmi
687 4749 717 4809 in
737 4749 832 4826 dagila
845 4756 939 4825 nans,
953 4752 1039 4812 toleti
1053 4754 1155 4814 studmt
1175 4756 1223 4816 ubi
1245 4759 1342 4821 auxilio
1358 4759 1519 4822 ludaeorum
1536 4775 1607 4820 non-
