4298 5906
507 593 568 654 232
956 589 1094 652 NOVAE
1118 587 1473 652 constitutiones

504 731 562 804 vel
583 751 631 802 ex
647 735 852 802 naumann
872 728 930 802 vel
950 749 995 801 ex
1022 727 1237 825 usucapione
1259 725 1310 824 (o)
1328 736 1390 800 aut
1415 725 1482 800 sub
1508 735 1670 823 pretextu
1696 728 1920 820 defensionis,

507 855 574 928 nisi
598 853 726 926 fuerint
749 861 911 950 parentes
928 851 989 950 (b).
1011 853 1170 926 Potentes
1191 860 1308 926 autem
1330 850 1481 924 dicimus
1504 873 1575 925 non
1602 861 1736 926 tantum
1763 855 1840 926 illos
1862 855 1923 950 qni

507 1001 569 1075 per
586 999 624 1052 se
639 987 720 1050 sunt
738 986 914 1073 potentes,
935 976 1120 1051 sedetiam
1140 999 1203 1074 per
1224 975 1489 1073 propinquiores
1509 997 1572 1072 per
1593 997 1682 1072 quos
1699 988 1845 1073 possunt
1864 979 1925 1050 in-

508 1103 597 1176 ierre
617 1102 773 1176 timorem
796 1099 843 1198 (c)
865 1101 1111 1175 alienatoribus
1132 1109 1195 1174 aut
1216 1121 1281 1198 per
1303 1101 1564 1196 promissionem
1586 1099 1757 1174 beneficii.
1782 1101 1819 1174 Si
1843 1104 1924 1198 quis

358 1219 368 1230 '
507 1237 624 1300 numm
643 1225 812 1321 potentior
827 1224 888 1319 qui
908 1226 1025 1298 lecerit
1045 1224 1111 1321 (d),
1134 1225 1179 1297 sit
1199 1225 1334 1298 alienus
1355 1223 1533 1298 abiliane
1553 1231 1589 1296 ct
1609 1223 1858 1298 estimationem
1881 1225 1924 1298 il·

507 1350 576 1424 lius
610 1351 660 1424 rei
693 1358 822 1446 prestet
850 1347 947 1423 fisco.
970 1350 1180 1424 Transcurso
1210 1358 1328 1424 autem
1357 1348 1525 1423 decennio
1557 1348 1587 1420 si
1624 1369 1694 1422 non
1729 1349 1924 1423 denuncia-

507 1474 560 1548 vit
572 1473 632 1572 (a),
652 1475 750 1548 nulla
766 1473 812 1548 de
825 1483 938 1548 cetero
952 1483 1133 1549 moveatur
1144 1471 1377 1548 controversia
1394 1473 1534 1569 illisqui
1549 1471 1727 1568 possident
1739 1493 1786 1547 ex
1805 1473 1923 1568 aliquo

508 1608 685 1674 contractu
700 1600 757 1672 vel
770 1619 818 1672 ex
835 1599 1023 1674 donatione
1038 1601 1096 1674 vel
1114 1621 1161 1674 ox
1178 1607 1394 1688 testamento,
1417 1619 1483 1671 nuc
1496 1597 1543 1670 ab
1558 1597 1700 1692 illisqui
1716 1596 1846 1670 habant
1862 1597 1923 1689 J'us

508 1725 732 1819 pmtimeseos
753 1745 818 1798 nec
835 1724 978 1797 etiama
1000 1722 1083 1798 fisco
1101 1725 1167 1820 (s).
1190 1723 1363 1820 Scriptum
1387 1731 1441 1796 est
1462 1721 1556 1795 enim
1577 1719 1764 1795 Grecorum
1784 1721 1923 1818 legibus

509 1847 555 1922 de
568 1849 648 1939 June
668 1847 890 1942 protimeseos
904 1847 960 1943 (l)
977 1849 1037 1922 uhi
1058 1849 1185 1922 dicitur
1203 1848 1248 1922 de
1266 1847 1412 1921 mimine
1440 1856 1476 1918 et
1500 1844 1628 1919 linibus
1646 1867 1717 1942 que
1728 1847 1788 1939 jus
1806 1846 1923 1942 ipsum

509 1970 614 2044 habet
632 1971 681 2068 (p)
703 1997 711 2042 :
731 1969 894 2044 videlicet
911 1969 1007 2065 qnod
1023 1970 1072 2042 illi
1087 1970 1149 2065 qui
1166 1969 1363 2044 incircuitu
1378 1977 1460 2042 sunt
1479 1967 1655 2064 perlinam
1667 1969 1861 2042 secundum
1873 1969 1923 2064 (l)

509 2096 619 2191 ipsam
636 2095 925 2193 propinquitatem
942 2117 1049 2192 quam
1066 2095 1133 2191 ipsi
1152 2095 1299 2188 habunt,
1316 2096 1406 2170 siout
1423 2095 1564 2191 propius
1579 2091 1630 2190 (i)
1643 2095 1776 2168 suntin
1792 2094 1924 2170 vendi·

511 2220 602 2294 tione
626 2221 817 2315 conjuncti,
838 2220 1015 2294 victoriam
1038 2221 1148 2316 ipsius
1168 2219 1380 2294 venditionis
1403 2219 1574 2310 habeant;
1593 2219 1629 2290 in
1646 2217 1706 2292 tali
1724 2219 1840 2314 itaque
1863 2237 1922 2291 cr·

510 2343 593 2420 diue
610 2355 648 2418 ut
663 2346 711 2418 illi
727 2346 789 2442 qui
802 2344 931 2420 habent
946 2345 1056 2440 ipsam
1074 2345 1288 2440 protimesim
1304 2354 1424 2418 elnon
1442 2353 1525 2418 sunt
1541 2343 1578 2416 in
1598 2343 1674 2439 ipsa
1691 2341 1867 2435 terra,sed
1884 2342 1924 2415 in

508 2471 594 2561 alia,
619 2471 771 2546 habeant
793 2472 829 2543 in
854 2469 1057 2546 venditione
1082 2469 1295 2566 protimesim
1326 2469 1417 2542 inira
1441 2467 1545 2543 nnius
1567 2468 1650 2542 anni
1676 2467 1825 2565 spatium
1848 2465 1920 2562 (j),

508 2601 589 2691 post
605 2617 736 2668 annum
760 2616 846 2668 vero
868 2594 997 2668 nullam
1020 2595 1233 2690 protimesim
1257 2591 1385 2668 habere
1409 2592 1559 2668 debeant
1581 2612 1696 2686 neque
1718 2592 1864 2689 possint.
1886 2591 1923 2665 Si

509 2728 626 2792 autem
640 2719 710 2793 sint
727 2718 763 2790 in
787 2719 863 2814 ipsa
881 2729 973 2792 terra
988 2719 1046 2792 vel
1061 2718 1097 2792 in
1122 2717 1198 2814 ipso
1214 2719 1306 2810 loco,
1325 2718 1477 2792 habeant
1493 2716 1722 2814 protimosaos
1741 2717 1924 2790 victoriam

510 2864 622 2939 usque
646 2843 692 2918 ad
712 2853 864 2938 quatuor
879 2865 1033 2936 menses,
1053 2843 1101 2918 ita
1119 2843 1285 2917 tamensi
1308 2843 1437 2916 luerint
1460 2865 1481 2916 a
1501 2841 1744 2916 venditoribus
1765 2842 1924 2938 solemp-

511 2967 599 3042 niter
621 2969 776 3064 requisiti
799 2980 835 3045 et
858 2993 929 3044 non
948 2971 1235 3045 renuntiaverunt
1258 2989 1386 3043 emere.
1409 2969 1493 3042 ltem
1513 2967 1558 3042 de
1579 2967 1655 3064 ipsa
1678 2967 1866 3064 protimese
1885 2968 1923 3041 iu

510 3091 580 3166 alio
605 3095 791 3167 Grecorum
822 3096 974 3192 capitulo
999 3095 1196 3170 continetur
1223 3093 1350 3190 utqui
1375 3093 1504 3166 babent
1530 3093 1743 3190 protimesim
1768 3115 1790 3166 a
1813 3091 1924 3166 tribus

512 3217 679 3314 partibus,
700 3219 838 3292 illorum
856 3220 973 3316 potior
989 3219 1034 3292 sit
1045 3217 1218 3310 venditio,
1234 3228 1270 3292 et
1283 3240 1353 3292 uua
1369 3240 1450 3316 pars
1468 3217 1573 3292 nichil
1589 3217 1638 3292 ibi
1651 3217 1792 3310 habeat,
1811 3218 1874 3294 sed
1891 3217 1922 3292 si

553 3417 595 3500 (a)
617 3419 764 3482 Addimus
775 3437 813 3482 cx
827 3421 946 3500 Cujaclo
958 3427 988 3483 et
1000 3421 1096 3496 beck3
1111 3437 1160 3500 ap.
1175 3419 1306 3500 Samyna
1318 3417 1364 3482 ccl
1375 3439 1412 3482 cc
1424 3438 1480 3482 rou
1493 3427 1626 3496 tantun,
1643 3421 1731 3483 mdc.

553 3525 594 3606 (ll)
616 3527 672 3605 Ap.
696 3527 780 3589 Parta
796 3528 855 3588 nni
863 3525 963 3609 sunit
971 3529 1113 3608 parentis.
1130 3529 1329 3590 Emendamus
1341 3545 1380 3591 cx
1395 3529 1544 3609 Sarayna,
1564 3529 1686 3608 cujacio
1699 3535 1729 3591 st
1739 3527 1831 3592 Beck.

554 3631 593 3714 (c)
617 3637 676 3712 Ap.
691 3635 846 3713 Culuclum
860 3642 890 3696 et
902 3636 982 3697 Beck
995 3633 1046 3696 aad
1056 3635 1207 3716 cticmpcr
1213 3637 1393 3718 propinquos
1399 3637 1513 3718 possint
1525 3636 1634 3717 &sn-rc
1647 3637 1787 3699 timoren.

554 3739 597 3821 (d)
617 3742 676 3820 Ap.
690 3741 823 3821 Surayna
834 3747 864 3803 et
879 3743 955 3804 Beck
968 3743 1001 3802 Sl
1013 3743 1077 3826 qaia
1090 3749 1188 3804 natent
1201 3761 1239 3804 ca
1246 3741 1457 3824 potentioribus
1469 3741 1521 3806 hoc
1530 3745 1737 3826 presumpserit
1740 3743 1851 3825 smne.

553 3845 593 3929 (c)
618 3849 677 3926 Ap.
693 3851 846 3928 Culaclum
860 3856 891 3911 et
901 3850 982 3912 Beck
995 3851 1057 3912 sinc
1069 3849 1299 3915 dcnmtdutionc.

552 3953 602 4036 (ji
618 3958 699 4018 Haec
716 3957 837 4020 anarbo
858 3958 1035 4018 Trcmcarao
1048 3959 1155 4020 desum
1168 3975 1218 4040 ap.
1232 3961 1330 4023 Perta.
1342 3961 1399 4022 lile
1411 3963 1520 4022 sistunt
1532 3962 1670 4040 Cujaclus
1683 3965 1713 4021 et
1724 3959 1814 4021 Bnelr.

553 4061 595 4144 (p)
617 4065 674 4140 np.
691 4062 894 4144 Portzfinihtu
907 4067 1021 4149 qncjau
1034 4063 1140 4128 hbent
1152 4067 1257 4147 ipsum.
1270 4067 1328 4145 Ap.
1340 4065 1546 4148 Saraynafinc
1559 4067 1669 4149 pnijat
1681 4067 1777 4146 mmm
1785 4062 1882 4128 habet.

555 4165 599 4246 (h)
618 4167 676 4246 Ap.
694 4169 778 4230 Perta
789 4167 908 4232 salust.
1274 4221 1276 4224 -

553 4272 597 4356 (i)
618 4275 674 4352 Ap.
686 4277 770 4338 Partz
782 4275 889 4338 adluat
895 4279 1036 4358 μορφὰς
1050 4297 1099 4358 ap.
1109 4281 1242 4358 Sarayna
1256 4285 1284 4339 ct
1293 4296 1398 4360 prope.

554 4379 602 4463 (j)
618 4381 730 4442 Locum
743 4399 791 4460 ap.
804 4383 890 4446 Perta
903 4385 1090 4446 decurtatum
1109 4403 1148 4446 ex
1167 4387 1301 4465 Sarayna
1315 4387 1509 4447 restituimus.

548 4561 584 4638 (l)
603 4563 746 4638 Hucusque
765 4564 821 4622 lere
834 4565 993 4623 transiemus
1004 4568 1157 4626 constitutio
1176 4567 1204 4626 in
1217 4567 1329 4626 latinum
1343 4585 1377 4628 ex
1388 4569 1492 4628 novella
1505 4568 1618 4627 Romani
1632 4569 1778 4642 lacapeni,
1794 4583 1864 4643 quas
1877 4585 1921 4643 ap.

511 4659 661 4734 Cujaoium,
673 4661 786 4731 Ibidem,
798 4681 825 4738 p.
840 4665 902 4722 229.
917 4665 994 4721 Nunc
1005 4663 1065 4722 aliis
1076 4665 1188 4725 novellis
1200 4667 1350 4726 Fridericus
1364 4667 1471 4740 alludit,
1483 4665 1663 4726 verisimiliter
1673 4683 1744 4742 quae
1757 4666 1808 4725 snb
1816 4667 1925 4724 nomine

511 4757 676 4818 Constantini
692 4759 1130 4835 Porphyrogenetaoeditaesunt.
1595 4781 1596 4786 ¹
