4288 5912
549 561 610 621 aaa
1048 557 1262 622 unrourucr
1287 557 1457 621 sacuam
1768 559 1849 636 [aas
1869 557 1952 620 rasa

554 694 699 776 fuscolo
714 691 906 800 justitiarii
924 691 1061 774 l'errae
1083 692 1254 799 Laboris,
1266 694 1368 803 apud
1385 694 1582 776 Theseum
1601 691 1757 801 praelati
1775 693 1838 773 isti
1855 717 1954 776 cou-

550 828 706 909 reniunt
722 826 763 904 in
781 825 842 906 die
860 825 1060 907 abeodem
1075 824 1278 934 justitiario
1296 827 1498 910 constituto
1522 855 1530 906 :
1553 825 1693 908 scilicet
1711 826 1954 932 casertanus,

553 959 765 1066 Caluenus,
787 959 1015 1064 calinensis,
1036 959 1292 1068 Venafranus,
1312 959 1485 1043 alifanus
1504 969 1541 1042 ct
1558 957 1747 1065 Nolanus3
1774 959 1842 1040 sed
1866 957 1958 1040 nul-

552 1095 764 1206 lassorum
784 1119 823 1174 se
841 1093 1053 1173 molestiam
1072 1093 1130 1174 vel
1149 1093 1327 1202 injuriam
1345 1103 1503 1203 p'assum
1521 1091 1638 1175 luisse
1655 1091 1705 1174 ab
1723 1091 1853 1200 aliquo
1871 1089 1957 1174 offi-

553 1225 706 1308 cialium
724 1237 951 1336 conquestus
970 1233 1039 1308 cst.
1062 1225 1160 1308 Rrec.
1182 1253 1227 1306 un
1247 1227 1287 1310 S.
1310 1227 1499 1336 Gaurano,
1521 1223 1689 1310 chronic.
1708 1227 1757 1308 ad
1776 1250 1866 1307 aun.

396 1807 420 1890 a,
441 1806 502 1892 ³2⁰:
611 1775 813 1884 Gregorius
840 1800 941 1882 papa
964 1772 1072 1854 fratri
1094 1772 1255 1874 lohanni
1271 1773 1474 1876 ,vicentino
1492 1773 1636 1874 ordinis
1653 1773 1958 1873 Praedicatorum

555 1909 620 1990 dat
646 1907 863 1990 facultatem
890 1905 1110 1988 absoluendi
1136 1903 1354 1988 Eccelinum
1373 1906 1435 2009 [de
1456 1905 1644 2010 Romano]
1661 1917 1700 1990 et
1716 1907 1815 1990 cives
1833 1907 1957 1988 Vero-

555 2063 689 2124 nenses
707 2065 917 2148 eorumque
937 2039 1104 2122 lautores
1124 2039 1194 2146 qui
1217 2039 1257 2120 in
1280 2040 1708 2124 excommunicationem
1731 2040 1857 2148 illapsi
1873 2039 1960 2122 fue-

554 2185 660 2278 rant,
682 2199 746 2270 seu
774 2173 814 2252 in
846 2198 909 2254 eos
931 2197 1111 2256 censuras
1135 2170 1324 2254 Ecclesiae
1348 2173 1547 2256 exercendi
1569 2173 1602 2254 si
1629 2172 1748 2281 ipsius
1770 2172 1958 2255 mandatis

553 2307 724 2388 resistere
741 2305 1074 2414 praesumpserint.

637 2521 740 2599 (Edld.
756 2521 869 2591 Vnacr,
886 2517 963 2578 Stor.
979 2515 1054 2598 deplr'
1067 2515 1157 2592 rat,
1171 2523 1195 2578 t.
1213 2517 1275 2591 111,
1291 2535 1321 2595 p.
1338 2527 1412 2590 ὅτι,
1427 2517 1549 2592 GCCIV,
1564 2535 1602 2578 cx
1615 2515 1849 2580 autonomon.
1864 2518 1958 2580 Pm-

676 2628 780 2706 areat,
795 2633 866 2686 tom.
879 2627 910 2698 l,
921 2643 952 2702 p.
970 2625 1030 2698 62.)

607 2813 788 2904 Gregorius
816 2812 1012 2906 episcopus,
1035 2832 1155 2883 servus
1183 2831 1360 2882 servorum
1383 2811 1461 2903 Dei,
1479 2809 1604 2885 dilecto
1627 2811 1696 2884 filio
1722 2813 1817 2884 fratri
1842 2812 1958 2884 loanni

559 2939 735 3012 Vicentino
761 2935 892 3010 ordinis
915 2933 1169 3008 Predicatorum
1195 2935 1398 3006 salutemet
1426 2936 1647 3030 apostolicam
1673 2935 1956 3010 benedictionem.

558 3063 760 3136 Mirificante
777 3081 880 3156 super
905 3059 1162 3131 miserationum
1186 3081 1326 3132 suarum
1344 3059 1477 3154 copiam
1483 3113 1659 3132 ......
1686 3061 1861 3134 Salvatore
1882 3083 1959 3134 cunr

558 3188 665 3258 simus
669 3237 941 3258 .........
963 3184 998 3253 in
1027 3205 1114 3278 quos
1142 3182 1227 3254 lines
1247 3183 1440 3256 seculorum
1470 3183 1662 3256 secundum
1687 3185 1880 3278 apostolum
1902 3184 1961 3258 de·

559 3319 744 3399 venerunt,
773 3307 901 3402 gaudio
923 3307 1096 3380 relicimur
1121 3307 1261 3380 salutari
1284 3307 1480 3402 devotoque
1508 3331 1714 3382 veneramur
1741 3309 1864 3382 allecta
1893 3331 1960 3402 que

560 3458 681 3507 manus
707 3433 950 3528 omnipotentis
977 3433 1039 3504 Dei
1065 3454 1127 3527 per
1155 3454 1256 3503 suum
1284 3431 1509 3504 ministerium
1539 3442 1709 3528 operatur.
1736 3433 1838 3505 Fides
1860 3433 1960 3506 etiam

559 3561 737 3632 roboratur
754 3555 932 3646 catholieo,
954 3565 1198 3628 conuertuntur
1216 3555 1381 3628 inereduli
1397 3557 1443 3630 ad
1457 3557 1627 3650 justorum
1641 3557 1796 3632 semitam
1809 3567 1845 3629 et
1859 3555 1963 3630 corda

558 3681 710 3754 fidelium
739 3681 776 3750 in
806 3679 860 3750 sui
889 3677 1079 3750 conditoris
1107 3699 1257 3750 amorem
1288 3677 1441 3751 suaviter
1468 3678 1720 3763 aemulantum
1751 3680 1846 3752 unde
1876 3681 1964 3752 inter

560 3825 735 3902 pressuras
755 3803 952 3874 innumeras
973 3809 1007 3873 et
1029 3799 1120 3874 tedia
1141 3799 1274 3906 infinita
1292 3821 1361 3895 qne
1377 3801 1467 3875 ferre
1485 3803 1562 3900 plus
1579 3824 1762 3898 possumus
1784 3825 1887 3898 quam
1908 3825 1962 3876 re-

561 3931 664 4018 ferre,
684 3927 805 4000 merito
831 3925 1071 3997 consolationis
1096 3924 1272 3998 materiam
1297 3933 1526 4016 resumentes,
1542 3927 1667 4020 gratias
1692 3949 1780 4022 quas
1808 3929 1963 4000 ualemus

561 4051 773 4123 exsolvimus
785 4049 933 4121 Creatori
950 4049 1045 4141 quod
1061 4069 1125 4142 per
1139 4049 1309 4142 insignem
1331 4049 1476 4142 gratiam
1490 4051 1552 4122 tibi
1569 4051 1614 4123 ab
1632 4051 1883 4146 ipsorollatam
1901 4052 1964 4124 irn-

560 4174 781 4270 prudentium
807 4173 985 4245 hominum
1014 4173 1207 4264 ignorantia
1231 4173 1456 4264 obmutescit,
1482 4173 1707 4269 ejusdemque
1729 4173 1896 4247 beneficia
1916 4173 1964 4246 fi-

562 4299 656 4371 deles
676 4297 712 4368 in
733 4295 805 4368 suis
829 4295 993 4391 operibus
1012 4295 1226 4368 attendentes
1249 4295 1360 4390 ipsum
1382 4297 1600 4370 inenarrabili
1624 4297 1810 4372 devotione
1831 4294 1961 4394 glorifi-

561 4431 658 4512 cant,
687 4419 830 4492 summis
857 4440 938 4491 eum
963 4419 1106 4493 laudum
1135 4417 1306 4515 preconiis
1334 4421 1535 4495 attollendo.
1568 4425 1656 4496 Sane
1686 4423 1829 4519 receptis
1855 4444 1963 4518 nuper

562 4545 740 4619 allectione
757 4541 873 4615 debita
888 4543 1006 4615 litteris
1022 4541 1091 4614 tuis
1104 4563 1293 4638 earumque
1311 4553 1428 4618 tenore
1440 4547 1577 4642 planius
1599 4547 1783 4640 intellecto,
1803 4547 1887 4641 qnia
1902 4544 1962 4620 tibi

561 4671 619 4744 coi
644 4667 741 4743 adest
767 4667 898 4764 puritas
924 4668 1131 4742 conscientie
1154 4687 1222 4742 non
1245 4668 1444 4744 dubitamus
1465 4671 1588 4746 adosse
1606 4671 1779 4764 iudicium
1803 4671 1959 4761 rationis,
