4288 5912
219 548 317 607 lrmrcr.
335 543 381 621 6.]
670 529 864 594 HISTORIA
890 527 1182 590 clancularius.

275 1111 508 1220 Fridericus,
536 1111 797 1196 Romanorum
822 1111 1042 1220 imperator,
1063 1110 1244 1221 Gregorio
1271 1135 1392 1220 popae
1417 1107 1568 1193 nuntiat
1593 1135 1634 1194 se
1685 1123 1815 1232 ’tgfggp

223 1255 355 1330 matra
380 1247 589 1331 haereticos
614 1243 723 1356 regni
750 1243 810 1326 sui
837 1243 1036 1326 manifeste
1067 1243 1256 1326 conuictos
1282 1268 1446 1351 poenam
1470 1241 1635 1326 incendii

223 1379 447 1484 decrevisse,
467 1388 506 1462 et
522 1377 677 1462 cuilibet
689 1375 901 1490 justiciario
918 1378 1122 1460 mandasse
1140 1387 1182 1459 ut
1198 1402 1288 1459 cum
1306 1397 1383 1460 unc
1400 1375 1570 1486 praelato
1586 1377 1635 1462 de

227 1525 327 1596 statu
353 1512 554 1622 regionum
577 1535 691 1622 super
716 1512 791 1596 hoe
815 1511 1003 1622 inquirat3
1027 1511 1275 1620 hortaturque
1296 1536 1435 1620 papam
1457 1519 1500 1594 ut
1522 1537 1636 1595 suum

228 1671 319 1756 erga
345 1655 512 1730 caeteros
543 1645 751 1728 haereticos
781 1645 911 1728 ltaliae
942 1654 980 1728 et
1005 1645 1152 1754 imperii
1183 1646 1419 1755 propositum
1441 1643 1638 1728 efficaciter

230 1779 397 1888 adjuvet.

311 1991 427 2065 (Edidit
439 1992 578 2072 aarum,
598 1991 703 2052 Kaisar
723 1987 1028 2064 Fricdr.11,docum.
1051 2009 1082 2070 p.
1109 2000 1186 2072 als,
1204 1999 1310 2072 n⁰163
1333 1990 1431 2054 collat.
1452 2007 1521 2054 cum
1542 1990 1642 2069 pupuli

347 2105 462 2178 regesto
475 2102 507 2159 ln
520 2098 598 2160 Blbl.
613 2115 675 2178 reg.
691 2100 785 2160 Paris.
808 2097 910 2176 (fonds
929 2097 1055 2178 Leporls
1075 2099 1117 2160 du
1138 2098 1258 2178 Thell),
1271 2115 1343 2162 ann.
1355 2099 1428 2173 Vll,
1449 2106 1483 2159 n⁰
1496 2107 1573 2173 243,
1588 2097 1641 2160 ubl

349 2211 436 2268 uotae
449 2205 671 2286 chronologicae
683 2207 793 2268 rectius
805 2205 995 2281 exhibentur,
1010 2221 1080 2267 cum
1092 2205 1192 2267 fleucr
1205 2221 1357 2284 perperam
1374 2213 1409 2266 15
1421 2203 1497 2288 jotti
1513 2203 1641 2286 legerit.)

281 2403 535 2502 [Sanctissimo,
554 2415 637 2498 etc,
654 2405 818 2500 Gregorio
831 2403 892 2478 Dei
912 2403 1034 2500 gratia,
1055 2411 1139 2498 eto,
1156 2403 1375 2498 Frederious,
1395 2402 1485 2504 etc]
1501 2406 1545 2479 Ut
1560 2407 1644 2502 Regi

232 2551 354 2625 regum
366 2530 522 2623 decujns
540 2538 629 2602 nutu
644 2530 785 2602 feliciter
801 2530 1022 2625 imperamus,
1039 2537 1169 2624 quanto
1187 2551 1249 2624 per
1261 2550 1340 2601 eum
1354 2529 1552 2602 hominibus
1564 2553 1645 2604 ma-

228 2657 304 2747 jora
316 2654 518 2749 recipimus,
532 2662 626 2727 tanto
637 2653 915 2746 magnificentius
930 2664 965 2726 et
978 2652 1137 2727 devotius
1151 2654 1394 2747 obsequamur,
1411 2663 1444 2726 el
1454 2654 1646 2729 obedientis

233 2777 296 2850 filii
314 2787 423 2851 mater
439 2778 592 2852 Ecclesia
611 2777 730 2851 videat
745 2778 965 2852 devotionem
984 2801 1030 2850 ex
1043 2799 1160 2872 opere,
1181 2798 1243 2872 pro
1260 2786 1351 2850 statu
1368 2777 1450 2852 fidei
1462 2779 1647 2854 christiane

234 2905 333 2995 cujus
354 2925 475 2975 snmus
502 2911 666 2998 tanquam
685 2903 884 2976 catholicus‘
897 2904 1080 2999 imperator
1105 2901 1262 2997 precipui
1286 2902 1499 2997 defensores,
1516 2927 1647 2978 novum

235 3046 322 3122 opus
338 3027 588 3122 assumpsimus
604 3024 651 3100 ad
664 3027 906 3122 extirpandum
922 3026 967 3100 de
986 3048 1093 3120 reguo
1112 3033 1228 3099 nostro
1239 3025 1425 3100 hereticam
1443 3030 1648 3126 pravitatem

235 3173 305 3246 que
315 3151 458 3224 latenter
466 3150 585 3246 irrepit
595 3159 630 3223 et
642 3151 744 3224 tacite
757 3160 875 3223 contra
887 3150 1005 3226 iidem.
1021 3151 1106 3224 Cum
1120 3150 1212 3223 enim
1222 3149 1270 3222 ud
1281 3160 1431 3225 nostram
1438 3153 1650 3228 audientiam

234 3275 449 3370 pervenisset
463 3275 572 3370 quod,
590 3275 679 3348 sicut
693 3276 876 3348 multorum
890 3286 982 3349 tenet
1002 3277 1180 3350 manifesta
1202 3276 1367 3373 suspicio,
1386 3289 1499 3373 partes
1517 3280 1650 3376 aliquas

239 3401 336 3494 regni
351 3399 459 3472 nostri
472 3401 670 3494 contagium
689 3401 837 3474 heretice
855 3403 960 3496 pestis
981 3403 1145 3475 invaserit
1162 3413 1196 3476 et
1212 3404 1247 3476 iu
1264 3404 1348 3477 locis
1363 3406 1571 3500 quibusdam
1589 3431 1651 3482 oc-

241 3524 333 3598 culte
347 3525 479 3598 latitant
493 3545 647 3598 errorum
658 3523 860 3618 hujusmodi
875 3528 1007 3600 semina
1021 3526 1190 3620 rediviva,
1207 3551 1356 3624 quorum
1367 3530 1579 3606 credidimus
1590 3557 1652 3632 per

241 3671 349 3745 penas
363 3648 498 3724 debitas
520 3651 713 3745 extirpasse
727 3649 879 3744 radices,
907 3651 1067 3727 incendio
1085 3651 1220 3727 traditis
1235 3676 1323 3750 quos
1341 3656 1484 3731 evidens
1502 3660 1653 3734 criminis

242 3774 460 3870 participium
478 3775 663 3868 arguebat,
688 3774 905 3871 providimus
929 3786 968 3849 ut
999 3799 1061 3874 per
1087 3777 1240 3872 singulas
1264 3780 1421 3876 regiones
1446 3784 1654 3876 justiciarius

245 3921 325 3972 cum
338 3899 456 3994 aliquo
470 3899 661 3972 venerabili
676 3901 805 3994 prelato
820 3899 997 3974 dotalium
1013 3911 1104 3975 statu
1120 3903 1302 3998 diligenter
1315 3907 1502 4002 inquirant,
1519 3919 1553 3984 st
1569 3933 1655 4008 pre·

243 4024 362 4096 sertim
381 4025 417 4096 in
431 4025 515 4098 loeis
534 4025 570 4096 in
588 4025 717 4120 quibus
734 4026 888 4122 suspicio
902 4027 946 4098 sit
963 4027 1130 4102 hereticos
1147 4029 1298 4124 latitare,
1316 4033 1410 4104 omni
1425 4034 1656 4111 sollicitudine

244 4146 428 4221 discutiant
444 4148 624 4222 veritatem
642 4146 707 4244 (l).
734 4149 916 4246 Quidquid
944 4161 1059 4226 autem
1084 4154 1278 4227 invenerint
1307 4154 1453 4232 fideliter
1479 4159 1657 4236 redactum

243 4269 280 4342 in
303 4271 438 4368 scriptis
452 4273 517 4346 snb
531 4273 713 4347 amborum
726 4275 920 4349 testimonio
934 4277 1108 4352 serenitati
1122 4288 1238 4354 nostre
1252 4279 1448 4375 significent
1466 4293 1505 4358 ut
1518 4309 1581 4383 per
1598 4308 1657 4362 eos

281 4577 319 4648 (t)
339 4599 352 4632 a
369 4577 436 4636 ltcm
449 4579 515 4639 aliae
529 4579 632 4656 [mense
642 4581 720 4658 julio]
733 4583 768 4642 ed
781 4583 956 4642 Gesertenum
974 4587 1128 4662 episcopum
1144 4589 1248 4648 litteras
1266 4591 1348 4649 mittit
1365 4607 1416 4667 pro
1430 4593 1599 4668 inquisitione
1615 4597 1660 4654 lu·

247 4675 341 4733 cienda
355 4675 505 4736 haereticae
517 4680 658 4752 pravitatis
669 4687 700 4739 ut
712 4687 767 4752 tam
779 4683 923 4742 Petarenos
935 4699 1017 4758 quam
1031 4701 1124 4744 eorum
1147 4685 1265 4748 lautmes
1278 4707 1345 4765 quos
1366 4691 1497 4752 invenerit
1511 4693 1591 4768 hujus
1604 4695 1660 4752 cri-
