4320 5918
515 539 576 602 456
1013 539 1227 603 salutaret
1251 541 1426 604 securam
1737 543 1819 622 [An.
1838 543 1931 606 1238.

564 672 783 764 Frederious,
806 682 873 747 etc.
889 674 975 748 Nota
993 670 1073 773 [est]
1087 695 1133 748 ex
1150 675 1292 771 antiqno
1308 675 1389 750 lidei
1402 685 1518 751 vestre
1536 677 1726 750 constantia
1744 699 1855 772 qnam
1868 678 1932 750 in-

517 796 716 872 deficienter
732 797 823 871 circa
841 797 1022 894 imperium
1034 798 1221 889 habuistis,
1237 799 1457 876 devotionem
1472 800 1674 874 immensam
1685 800 1731 874 ad
1743 821 1929 897 personam

516 931 667 996 nostram
683 942 745 1018 per
759 922 1007 1018 experientiam
1021 923 1257 1017 ostendentes,
1280 923 1427 997 nuncios
1445 932 1481 998 et
1499 924 1631 1018 legatos
1652 932 1785 998 nostros
1800 925 1866 1019 qni
1884 923 1931 998 ad

517 1055 632 1142 partes
652 1046 745 1142 ipsas
763 1067 826 1142 pro
844 1044 975 1120 bonore
991 1055 1027 1120 st
1049 1047 1190 1120 servitio
1211 1056 1328 1120 nostro
1347 1067 1510 1142 processu
1539 1046 1702 1142 temporis
1719 1046 1928 1136 veniebant,

516 1181 612 1244 tanto
626 1179 744 1266 postea
762 1169 968 1243 honorantes
983 1192 1086 1265 opere
1105 1180 1140 1244 et
1157 1192 1314 1244 sermone
1334 1180 1465 1266 quanto
1481 1171 1595 1243 nalum
1615 1167 1697 1243 lidei
1720 1179 1836 1242 vestre
1859 1191 1930 1244 non
1999 1255 2003 1262 ¹

517 1293 681 1390 poteratis
693 1294 759 1366 sub
770 1294 966 1390 palliatione
978 1295 1121 1368 transire
1130 1295 1214 1390 quin
1230 1304 1363 1391 pateret
1379 1295 1416 1367 in
1429 1294 1591 1368 omnibus
1601 1293 1648 1368 ad
1664 1291 1810 1368 dominii
1820 1294 1930 1366 nostri

517 1425 637 1492 votnm
653 1425 766 1491 vestre
781 1419 1235 1514 promptissimevolnntatis
1248 1419 1395 1494 allodio.
1409 1419 1527 1516 Nuper
1536 1427 1652 1492 antem
1664 1419 1703 1491 T.
1717 1417 1764 1492 de
1790 1472 1801 1491 .
1833 1473 1843 1490 .
1875 1473 1885 1490 .
1917 1473 1927 1492 .

521 1594 678 1614 .....
700 1539 792 1614 fideli
806 1551 922 1616 nostro
934 1543 1092 1618 eamdem
1104 1543 1255 1618 adeunto
1266 1543 1492 1641 pmvinoiam‚
1507 1543 1613 1617 nosti
1629 1543 1750 1638 gerulo
1760 1543 1930 1640 propositi

518 1673 553 1739 et
568 1665 695 1738 laveris
709 1665 739 1759 (l
747 1664 780 1762 l,
802 1668 918 1740 statim
934 1668 1030 1762 qnod
1048 1679 1182 1743 nostres
1193 1669 1388 1764 conjecistis
1399 1667 1543 1742 allectus
1553 1676 1589 1742 et
1600 1667 1755 1742 animum
1772 1668 1873 1763 qnod
1882 1667 1930 1742 ad

518 1789 737 1865 relormonda
759 1791 894 1886 imperii
911 1793 990 1885 jora
1008 1793 1116 1866 nostri
1140 1794 1306 1867 serenitas
1326 1801 1441 1868 nostra
1457 1793 1627 1866 ferventer
1642 1792 1787 1888 aspirat,
1811 1793 1929 1888 ipsum

521 1910 636 1986 debito
651 1914 824 2010 recepistis
834 1915 976 2006 honore,
992 1925 1026 1990 et
1040 1917 1086 1991 ad
1098 1917 1203 1990 nostri
1215 1917 1441 1992 reverentiam
1453 1915 1602 1990 nominis
1613 1915 1930 2011 etreoognitionem

517 2035 657 2110 honoris
673 2039 839 2134 pmmptis
849 2049 1067 2134 assurgentes
1080 2041 1270 2132 affectibus,
1283 2040 1494 2138 exposuistis
1505 2040 1537 2114 ei
1550 2061 1613 2136 pro
1626 2039 1726 2113 nobis
1736 2040 1927 2127 civitatem,

519 2182 680 2257 personas
693 2171 728 2236 et
743 2163 859 2237 omnia
876 2164 967 2237 bona
986 2173 1116 2257 νεεῖττ,
1139 2165 1308 2262 quioquid
1320 2173 1618 2262 propartenestra
1630 2163 1931 2259 requirerevolnit

520 2286 567 2360 ad
585 2287 837 2384 beneplacitum
858 2299 893 2363 et
909 2287 1113 2363 mandatum
1133 2302 1288 2362 nostrum
1306 2290 1442 2364 devotis
1458 2289 1584 2363 animis
1595 2297 1821 2383 exequentes.
1841 2288 1929 2360 Cum

520 2411 624 2504 igitur
641 2421 759 2504 grates
775 2422 889 2486 nostro
902 2415 1101 2508 conspectui
1117 2413 1256 2506 residet,
1270 2423 1304 2488 et
1319 2413 1408 2488 adeo
1420 2414 1457 2485 in
1472 2413 1573 2486 nobis
1589 2411 1635 2485 de
1651 2410 1721 2485 lide
1736 2421 1851 2484 vestra
1866 2433 1930 2484 ro-

521 2535 653 2608 boravit
664 2558 742 2609 eum
748 2536 964 2630 jocunditate
974 2537 1136 2611 fiduciam
1150 2547 1189 2610 nt
1203 2537 1249 2611 ad
1262 2537 1481 2612 commodum
1492 2545 1526 2609 et
1538 2548 1761 2632 augmentum
1769 2534 1929 2628 ejusdem

521 2659 669 2732 civitatis
689 2673 820 2752 vestre,
847 2683 952 2756 qnam
971 2671 1121 2736 nostram
1139 2661 1323 2758 specialem
1340 2681 1511 2735 cameram
1537 2668 1753 2755 reputamus,
1782 2679 1826 2732 ac
1843 2679 1930 2731 eon·

521 2781 625 2878 digna
645 2791 799 2856 nostrum
816 2785 943 2879 premia
959 2785 1175 2878 singulorum
1190 2785 1342 2859 laveram
1355 2793 1391 2858 ot
1406 2780 1638 2856 mnnilieentie
1650 2789 1766 2855 nostre
1782 2783 1929 2876 gratiam

519 2928 747 3002 exponamus,
758 2904 899 3006 [sciatis]
908 2907 1003 3002 quod
1014 2919 1128 3004 preter
1143 2908 1425 2982 remunerationis
1436 2905 1771 3002 vestrepropositnm
1785 2903 1930 2979 tirmiter

519 3041 554 3105 et
581 3031 847 3105 irrevocabiliter
871 3031 1088 3128 disponimus
1111 3030 1157 3105 ad
1182 3031 1424 3105 relevationem
1449 3040 1597 3104 vestram
1623 3039 1658 3102 et
1683 3027 1930 3100 exaltationem

521 3157 712 3254 proximam
729 3165 836 3229 statam
862 3157 968 3230 vestri
995 3155 1223 3252 potentialiter
1245 3165 1280 3228 et
1302 3155 1550 3250 presentialiter
1571 3151 1758 3241 advenire,
1781 3151 1930 3224 liberare

520 3303 583 3356 vos
601 3281 767 3378 populum
786 3291 938 3354 nostrum
957 3290 992 3354 et
1004 3281 1070 3354 sub
1082 3279 1241 3376 clamyde
1256 3301 1298 3353 ac
1315 3279 1472 3353 libertate
1492 3276 1628 3374 imperil
1645 3297 1709 3349 vos
1722 3275 1878 3371 recipcre
1893 3283 1930 3349 et

518 3405 618 3479 nobis
633 3405 767 3480 efficere
780 3405 978 3500 gloriosum.
1001 3406 1186 3478 Hortamur
1203 3403 1309 3499 igitur
1327 3402 1508 3476 universos
1520 3411 1555 3476 et
1579 3399 1736 3495 singulos
1750 3407 1925 3487 vestram,

517 3529 720 3604 mandantes
737 3529 837 3602 vobis
850 3529 1012 3602 omnibns
1028 3529 1064 3600 in
1077 3527 1251 3602 communi
1264 3537 1437 3622 qnatenus
1454 3526 1500 3600 da
1515 3523 1679 3598 cordibus
1695 3522 1822 3596 vestris
1831 3523 1928 3595 omni

517 3655 691 3730 dubietate
710 3663 856 3746 remota,
876 3655 913 3725 in
930 3651 1000 3727 lide
1017 3675 1059 3727 ac
1081 3651 1265 3726 devotione
1287 3659 1402 3723 nostra
1424 3657 1459 3722 et
1479 3648 1614 3746 imperii
1635 3645 1779 3722 firmiter
1798 3645 1927 3742 persis·

517 3791 643 3874 ῖεεῖεε,
673 3787 826 3854 nostrum
846 3777 1035 3874 expectetis
1054 3778 1089 3850 in
1116 3776 1274 3874 proximo
1300 3771 1536 3848 indubitanter
1553 3772 1767 3862 adventnm;
1794 3769 1925 3859 minas,

516 3907 675 3978 incursus
690 3913 751 3979 ont
761 3904 956 3998 aliquorum
969 3901 1114 3976 insidias
1131 3924 1202 3974 non
1215 3901 1391 3990 timentes,
1417 3919 1567 3992 quornm
1583 3896 1763 3970 conatibus
1782 3895 1928 3968 viriliter

516 4030 699 4120 insistatis;
722 4029 952 4122 nequicquam
974 4024 1126 4121 dampna
1146 4045 1264 4098 rerum
1279 4025 1335 4097 vel
1352 4021 1506 4117 pericula
1524 4020 1694 4112 curatori,
1710 4037 1858 4113 quornm
1872 4019 1928 4089 in-

515 4153 719 4252 dempnitoti
743 4150 950 4250 provisionis
972 4159 1088 4226 nostre
1110 4173 1178 4224 non
1202 4149 1313 4225 deerit
1333 4148 1479 4222 dextera
1499 4145 1670 4238 liberalis;
1693 4165 1774 4216 enm
1791 4141 1839 4216 ad
1861 4141 1928 4216 boc

550 4369 587 4444 (t)
608 4389 622 4424 τ
635 4368 728 4428 Mense
741 4363 904 4441 septembris
915 4363 1033 4422 Thomm
1045 4363 1081 4422 de
1095 4363 1201 4437 Aquino
1213 4361 1373 4421 deerrarunt
1384 4375 1476 4420 cemes
1485 4359 1611 4418 mmdato
1624 4355 1795 4432 imperatoris
1811 4354 1839 4411 in
1850 4354 1927 4412 lotn-

514 4465 635 4526 bardiam
647 4464 723 4522 vadit
734 4463 768 4522 ad
780 4463 917 4520 striatam
927 4459 1075 4520 Cremonae
1086 4475 1158 4534 quae
1172 4458 1245 4518 lavet
1256 4459 1440 4534 imperatoris
1454 4459 1530 4516 llree.
1544 4471 1581 4514 ns
1590 4456 1619 4514 S.
1631 4454 1780 4523 omnmo,
1797 4449 1924 4508 elme.

513 4565 549 4624 ad
561 4579 625 4622 ann.
640 4562 730 4622 tlonet
742 4574 850 4634 quoque
865 4559 983 4632 Campus
995 4557 1169 4616 Thomasimn
1182 4555 1344 4616 deerrarunt
1358 4555 1499 4628 minitetur,
1514 4553 1609 4629 ajulio
1625 4551 1660 4610 ad
1673 4547 1848 4610 novembrem
1860 4546 1927 4604 lbe-

516 4677 611 4720 monae
622 4663 797 4736 potesatem,
811 4671 907 4733 pacem
919 4655 988 4714 inter
1000 4655 1162 4714 Cremonam
1174 4660 1203 4714 et
1213 4653 1377 4714 Placentiam
1389 4653 1490 4712 iniisse.
