4288 5912
539 565 601 628 424
1037 565 1254 630 salutato!
1275 566 1449 650 sactum
1764 570 1845 652 [Αιι
1862 573 1947 638 123&

542 710 656 776 autem
674 701 711 774 in
734 701 801 776 hoc
827 703 1013 798 imperialis
1031 703 1194 778 discretio
1215 703 1363 778 discrete
1384 705 1584 802 provideat,
1613 715 1674 780 tna
1691 707 1951 806 circumspectio

542 846 633 922 equo
647 826 829 901 libramine
840 828 1048 903 moderetur.
1070 829 1156 903 Cnm
1172 829 1289 926 itaque
1303 829 1350 903 nd
1363 839 1399 904 to
1411 840 1575 928 tanquam
1593 833 1818 930 principalem
1832 835 1951 910 delan-

542 972 654 1024 soram
667 951 832 1046 Ecclesia,
846 963 920 1026 tum
932 955 1063 1028 ratione
1076 954 1174 1050 regni
1188 953 1285 1048 qood
1301 955 1437 1030 obtines
1448 957 1494 1030 ab
1510 957 1651 1044 eadem,
1669 969 1744 1030 tum
1760 959 1865 1032 otiam
1882 961 1952 1032 im-

565 1075 626 1148 erii
635 1077 876 1174 propterquod
888 1078 1045 1171 ejusdem
1060 1078 1213 1152 Ecclesia
1227 1077 1386 1154 defensor
1393 1081 1530 1170 existis,
1541 1103 1584 1155 ac
1593 1083 1752 1178 specialis
1764 1083 1951 1158 allectionis

542 1223 647 1297 qnam
665 1203 710 1276 ad
729 1225 911 1300 personam
930 1215 1025 1280 toam
1037 1207 1164 1281 babere
1176 1207 1382 1300 dinoscitur,
1399 1208 1509 1306 ipsios
1521 1209 1677 1283 defensio
1689 1211 1860 1306 pertinere
1871 1235 1952 1286 nos-

545 1336 658 1420 catur,
690 1337 724 1401 te
739 1329 828 1402 sium
848 1329 1084 1405 charissimum
1104 1331 1140 1405 in
1159 1332 1292 1406 Christo
1313 1332 1422 1406 fllium
1440 1355 1482 1406 ac
1498 1331 1715 1408 defensorem
1737 1335 1894 1429 ejusdem
1915 1337 1950 1410 in

545 1451 611 1526 boc
625 1452 838 1527 necessitatis
853 1454 999 1528 articulo
1019 1454 1187 1530 duximus
1205 1457 1451 1553 requirendum
1456 1511 1948 1535 .............

543 1711 683 1776 extento
705 1703 847 1778 brachio
872 1705 972 1778 matri
996 1713 1056 1779 tna
1077 1702 1217 1778 studeas
1238 1705 1444 1799 subvenire,
1475 1715 1510 1780 et
1527 1729 1607 1780 cnm
1632 1707 1828 1804 Apostolica
1844 1709 1950 1786 Sedes

544 1827 676 1900 anxilio
692 1827 846 1925 indigeat
857 1829 1035 1918 festinato,
1058 1829 1189 1902 nullius
1203 1831 1394 1905 occasionis
1407 1829 1526 1906 dilatio
1538 1831 1738 1906 intercedat.

590 1953 715 2026 Datum
732 1952 906 2050 Anagnia,
926 1955 971 2029 lv
989 1951 1069 2029 idus
1084 1953 1265 2044 februarii,
1281 1977 1374 2030 anno
1387 1956 1458 2030 lll'.

598 2553 829 2664 Fridericus,
858 2551 1119 2637 Romanorum
1151 2553 1372 2663 imperator,
1401 2551 1667 2636 Eberhardum
1699 2549 1876 2635 abbatem
1906 2551 1953 2633 dc

466 2662 498 2729 ⁰·⁰
546 2687 673 2773 Salem
691 2697 729 2772 et
745 2686 1019 2773 monasterium
1037 2685 1120 2798 ejus
1142 2711 1231 2770 cum
1252 2685 1425 2796 personis
1455 2695 1494 2769 et
1522 2685 1637 2769 rebus
1662 2685 1704 2767 in
1724 2684 1953 2795 protectione

547 2849 616 2908 sua
634 2823 787 2935 speciali
804 2821 953 2933 recipit,
973 2821 1103 2905 omnia
1128 2847 1262 2906 eorum
1279 2819 1476 2932 privilegia
1493 2819 1724 2904 confirmans
1741 2829 1781 2903 et
1798 2820 1952 2930 specia-

545 2956 630 3040 liter
648 2957 928 3040 immunitatem
945 2955 1089 3039 eisdem
1107 2955 1157 3040 ab
1174 2953 1336 3039 Henrico
1353 2953 1433 3038 filio
1452 2979 1522 3038 sno
1539 2978 1773 3038 concessam.

627 3157 739 3238 (Edidit
750 3158 865 3236 Louna,
880 3153 1017 3239 Spicilap.
1027 3153 1187 3232 coekeinot,
1201 3174 1271 3236 pars
1280 3159 1326 3220 Ill
1339 3154 1559 3238 (neemia,
1570 3154 1666 3238 xlx),
1676 3171 1706 3234 p.
1722 3164 1794 3236 51²,
1807 3155 1859 3218 aad
1869 3172 1952 3218 men·

664 3265 750 3341 doce,
765 3281 835 3327 oum
846 3267 965 3326 initium
977 3265 1121 3344 pluraque
1143 3265 1241 3326 desint
1260 3272 1291 3326 ct
1310 3265 1432 3326 indictio
1452 3265 1529 3326 male
1546 3270 1676 3326 notetur.
1690 3263 1766 3326 (loll.
1786 3280 1866 3326 nunc
1885 3279 1952 3326 cnm

670 3370 740 3434 God.
754 3369 873 3454 diplois.
887 3369 1007 3448 Solem,
1022 3372 1188 3454 11,xxlv,
1201 3389 1232 3452 p.
1248 3381 1298 3448 aa,
1315 3375 1347 3434 ln
1357 3373 1440 3436 arob.
1454 3372 1684 3448 llarlar'ubensi.)

593 3547 787 3622 Fridericos
806 3547 868 3620 Dei
898 3546 1008 3642 gratia
1026 3547 1253 3620 Romanorum
1278 3546 1464 3643 imperator
1482 3567 1619 3642 semper
1642 3554 1830 3641 angustus,
1852 3547 1953 3620 loro-

547 3676 652 3748 salem
665 3683 700 3747 ct
720 3671 835 3746 Sicilie
854 3693 930 3745 rex.
952 3671 1107 3766 Anguste
1128 3671 1312 3744 clemencie
1325 3669 1451 3744 solium
1466 3669 1514 3744 ad
1532 3669 1717 3743 tuicionem
1733 3670 1953 3744 ecclesiastici

547 3809 656 3874 slatus
670 3796 791 3872 divina
808 3795 1025 3894 providentia
1048 3794 1234 3870 solidatum
1249 3815 1333 3891 erga
1349 3817 1392 3869 ca
1411 3795 1486 3870 lora
1509 3793 1686 3892 potissime
1701 3795 1885 3869 christiano
1899 3817 1953 3869 re·

546 3923 684 4018 ligionis
708 3921 865 4018 insigniis
879 3920 1066 4018 presignita
1092 3919 1242 3994 uberiori
1263 3919 1373 4015 gratia
1394 3919 1498 3992 debet
1520 3919 1640 3992 oculos
1661 3939 1725 3992 suo
1748 3919 1953 4016 provisionis

547 4049 743 4142 advertere,
765 4049 945 4144 inquibus
962 4045 1147 4121 laudabilis
1162 4055 1197 4120 et
1212 4045 1400 4120 monastice
1417 4046 1490 4119 vite
1505 4045 1688 4143 praelectio
1704 4044 1954 4119 indesinentem

546 4175 678 4248 cultum
701 4173 820 4248 divine
840 4171 1047 4248 celebritatis
1072 4171 1223 4264 inducit,
1251 4179 1290 4244 ut
1308 4170 1395 4245 illud
1414 4171 1558 4246 terrenis
1574 4169 1745 4245 thesauris
1761 4169 1835 4243 suis
1848 4191 1952 4266 pecn-

547 4300 665 4374 liarins
679 4299 813 4372 estimet
821 4307 1046 4390 reservatum,
1067 4319 1127 4394 per
1142 4295 1238 4393 quod
1248 4296 1294 4370 ad
1302 4297 1582 4370 sustentationem
1591 4295 1720 4370 ibidem
1730 4295 1953 4370 servientium

545 4423 747 4499 attributum
765 4421 972 4496 thesaurizat
989 4422 1025 4494 in
1044 4421 1138 4495 celis.
1159 4421 1235 4507 Qua
1258 4419 1415 4517 diligenti
1438 4421 1661 4496 meditatione
1683 4431 1867 4516 pensantes
1880 4417 1951 4516 (o),

448 4616 455 4623 .
546 4549 761 4624 attendentes
776 4547 1018 4621 nichilominus
1033 4547 1328 4620 conversationem
1340 4545 1550 4620 laudabilem
1564 4545 1748 4619 Ebirlnardi
1762 4545 1897 4618 abbatis
1912 4545 1955 4619 da

586 4726 631 4811 (n)
651 4729 761 4792 Totum
773 4729 956 4808 prooemium
973 4725 1104 4790 uverbls
1117 4723 1247 4806 Acorutc
1264 4721 1421 4802 clementis,
1439 4739 1535 4806 usqua
1547 4739 1629 4788 nuno
1640 4741 1690 4804 ap.
1704 4723 1804 4804 Lunlg
1816 4721 1908 4786 derat.
