4288 5912
517 565 578 628 tet
1013 566 1225 630 sutuuttlct
1250 565 1425 630 sucitltttt
1734 573 1814 650 [dur.
1834 571 1921 636 12³2

519 698 738 778 medietatem
763 721 897 778 cautem
919 711 1036 778 nostre
1061 713 1096 778 et
1120 704 1264 778 alteram
1284 703 1503 780 medonem
1527 704 1639 800 passio
1660 704 1820 798 iojnriem
1841 729 1924 804 per-

384 813 389 826 ’
519 825 736 902 solvendam.
752 825 808 900 Ad
830 827 936 920 hujus
953 838 1067 904 autem
1088 837 1202 904 nostre
1220 828 1441 924 donacionis,
1461 828 1710 914 concessionis,
1728 831 1925 926 largicionis

519 959 554 1024 et
571 947 843 1025 confirmacionis
856 963 971 1028 nosue
990 953 1188 1028 memoriam
1209 961 1245 1027 et
1261 953 1367 1028 robur
1381 961 1548 1050 pmpctno
1562 954 1764 1044 valiturum,
1782 977 1926 1052 presrms

518 1073 737 1170 privilegium
754 1097 815 1171 per
830 1097 954 1151 manus
971 1077 1124 1174 Procopii
1140 1077 1186 1152 de
1200 1078 1330 1152 llatcra
1344 1077 1469 1154 notarii
1487 1085 1523 1151 et
1540 1075 1652 1150 tidelis
1670 1081 1777 1152 noeui
1794 1077 1870 1152 lieri
1890 1090 1927 1155 et

519 1195 632 1292 sigillo
650 1200 835 1292 majestatis
849 1210 964 1276 nostre
975 1201 1142 1296 jussimus
1163 1200 1387 1292 communiri,
1413 1221 1525 1292 anno,
1541 1223 1660 1276 mense
1680 1211 1715 1276 et
1736 1202 1926 1278 indictione

518 1321 733 1417 subscriptis.

566 1447 652 1518 Data
670 1445 786 1543 Capue
800 1446 871 1544 (i),
902 1468 994 1522 anno
1020 1447 1194 1524 dominice
1219 1448 1465 1524 incarnationis
1483 1449 1665 1524 millesimo
1687 1450 1925 1526 ducentesimo

517 1569 687 1645 tricesimo
709 1573 883 1665 secundo,
909 1593 1028 1648 meuse
1044 1573 1248 1670 septembri,
1279 1573 1477 1648 indictionis
1496 1582 1614 1662 sexte,
1641 1573 1832 1670 imponunto
1853 1575 1925 1650 do-

517 1694 611 1770 mino
632 1706 748 1770 nostro
771 1697 964 1790 Friderioo,
991 1697 1055 1772 Dei
1080 1699 1197 1792 gracia
1224 1698 1448 1774 invictissimo
1469 1699 1699 1772 Romanorum
1722 1699 1926 1796 imperatore

517 1838 651 1914 sempor
666 1831 831 1916 augusto,
854 1823 1042 1896 immadem
1062 1819 1224 1896 etSicilie
1236 1843 1337 1918 rege,
1354 1845 1446 1896 auno
1459 1822 1596 1918 imperii
1613 1821 1920 1914 ejnsduodecimo,

516 1943 613 2036 regni
639 1944 907 2020 ierusalemitani
929 1946 1093 2044 septimo,
1122 1946 1220 2042 regni
1237 1967 1321 2023 vero
1343 1945 1458 2022 Sicilie
1486 1945 1657 2020 tricesimo
1675 1945 1817 2042 quinto,
1844 1946 1924 2021 ieli-

517 2067 612 2142 citcr.
633 2065 759 2144 Amen.

1381 2349 1713 2362 m

398 2636 464 2691 ⁹⁸⁸¹·
571 2633 748 2722 Nicolaus
777 2635 826 2720 de
856 2635 1039 2746 Bisaniio,
1063 2647 1285 2748 procurator
1311 2635 1577 2720 demoniorum
1602 2633 1844 2742 Basilicatae,
1863 2633 1925 2716 ri-

519 2795 611 2879 gore
628 2769 799 2854 mandati
816 2769 1022 2882 imperialis
1040 2771 1150 2884 cujus
1167 2781 1277 2856 tenor
1287 2769 1480 2878 inseritur,
1495 2769 1641 2854 reducit
1653 2769 1924 2853 monasterium

519 2899 646 2986 Sancti
673 2901 864 2988 Michaelis
895 2905 943 2988 de
973 2903 1098 2990 Monte
1131 2903 1298 2990 Caveoso
1328 2904 1367 2986 iu
1401 2904 1679 3016 possessiouem
1707 2903 1924 2988 bbedutum

518 3038 621 3146 apud
648 3036 813 3122 Montem
841 3038 1050 3124 Careosum
1067 3049 1104 3122 et
1123 3039 1385 3146 Pomaricum,
1413 3065 1485 3124 noc
1513 3061 1592 3122 uon
1615 3036 1763 3148 jurium
1783 3063 1925 3147 pascu-

518 3169 649 3278 landi,
669 3171 856 3283 aquandi,
876 3173 1121 3283 pernoctandi
1148 3183 1185 3258 et
1209 3173 1318 3285 ligna
1333 3171 1528 3258 incidendi
1542 3172 1584 3258 iu
1601 3171 1787 3256 demoniis
1805 3181 1925 3256 terroe

521 3303 689 3390 Genucii.

602 3517 739 3597 (sunm
758 3535 795 3580 ex
811 3515 973 3599 soc-rimiic
993 3519 1145 3598 originalis
1166 3521 1353 3582 instrumenti
1373 3517 1497 3581 exhibiti
1519 3519 1551 3580 in
1570 3533 1647 3580 anno
1663 3525 1757 3598 tm,
1772 3519 1927 3579 ocemiona

639 3625 795 3704 cujusdam
814 3626 876 3688 tttts
896 3628 1072 3688 monisterio
1089 3625 1121 3690 S.
1134 3625 1227 3688 ldich.
1242 3629 1421 3701 monetae,
1436 3631 1467 3687 et
1488 3631 1591 3687 conus
1613 3629 1767 3703 arguentes
1789 3623 1927 3685 ielaitatis

559 3917 595 3992 it)
612 3917 690 3976 Nulla
702 3919 736 3976 de
748 3918 801 3976 hac
821 3917 947 3975 Friderici
965 3916 1036 3992 apud
1053 3917 1173 3992 Capuam
1194 3915 1331 3974 mansione
1351 3930 1444 3974 mense
1463 3913 1610 3989 septembri
1628 3913 1701 3988 apud
1716 3911 1874 3972 liiocardum
1894 3909 1929 3970 da

523 4015 553 4073 S.
566 4015 700 4073 Germano
719 4016 818 4074 mentio
837 4014 876 4072 iit.
894 4013 983 4084 Quum
1004 4019 1094 4072 umen
1106 4011 1275 4088 privilegium
1295 4011 1375 4088 piane
1395 4011 1576 4070 autbenb'cum
1597 4017 1626 4068 et
1644 4015 1717 4068 recte
1738 4009 1930 4083 nansmptum

524 4111 657 4186 rideatur,
674 4113 797 4171 arbitrari
808 4113 871 4170 licet
883 4113 1071 4186 imperatorem
1087 4111 1121 4167 ad
1134 4111 1246 4167 Terram
1259 4107 1367 4168 laboris
1379 4109 1451 4167 circa
1463 4107 1543 4165 finem
1555 4107 1656 4166 mensis
1666 4121 1696 4165 se
1707 4105 1882 4177 transtulisse,
1899 4111 1930 4162 ut

527 4207 630 4268 lucilius
649 4209 683 4268 de
700 4209 808 4270 umido
824 4209 897 4284 quod
916 4223 1015 4284 papam
1030 4207 1099 4266 inter
1117 4213 1147 4266 et
1164 4207 1297 4268 Romanos
1316 4213 1382 4264 tunc
1401 4205 1542 4280 agebatur,
1554 4205 1652 4264 certior
1669 4203 1755 4262 lieret.
1767 4203 1816 4262 cni
1834 4201 1930 4261 saitem

527 4307 676 4365 sententiae
688 4323 739 4366 non
754 4307 844 4382 inepte
859 4306 982 4366 convenit
994 4311 1086 4364 auctor
1100 4306 1176 4364 Vitae
1190 4305 1316 4378 anorit'
1328 4305 1374 4362 tx
1385 4305 1439 4379 (ap.
1448 4303 1595 4376 Kourna,
1605 4301 1719 4380 Salpe,
1730 4301 1808 4372 am,
1819 4317 1848 4375 p.
1857 4299 1931 4374 ets),

528 4421 613 4478 quum
624 4404 712 4462 dieat:
726 4425 739 4454 ι
750 4403 807 4472 Quo
817 4404 971 4462 Friderictu
986 4405 1135 4478 imperator
1147 4402 1223 4476 opud
1235 4401 1368 4458 Sorrctum
1385 4402 1551 4458 Gemronum
1563 4407 1635 4458 mato
1646 4398 1777 4458 rotatim
1790 4403 1928 4470 comto,

529 4499 575 4574 qui
588 4499 664 4557 iidele
675 4499 835 4558 dolensionis
847 4501 1008 4575 praesidium
1019 4499 1154 4558 ltociedae
1173 4501 1308 4557 llomauae
1319 4499 1489 4573 promiserat,
1502 4505 1531 4556 et
1547 4498 1607 4557 fidoi
1620 4503 1648 4557 et
1659 4495 1806 4572 majestatis
1816 4495 1928 4564 oblitus,

529 4599 678 4658 llesmnam
692 4613 841 4674 properans
853 4597 927 4656 nullo
943 4603 1120 4673 persequente
1138 4597 1262 4656 decessit.
1275 4617 1288 4652 r
1303 4595 1462 4671 Conjicimus
1475 4597 1586 4674 insuper
1603 4595 1704 4656 codam
1715 4593 1882 4670 generalem,
1895 4591 1929 4648 do

528 4713 581 4772 qua
592 4713 674 4772 supra
685 4713 713 4772 p.
727 4699 794 4770 390,
808 4697 879 4772 apud
891 4696 1009 4772 Capuam
1022 4712 1115 4758 mense
1125 4693 1230 4756 octobri
1239 4695 1401 4756 celebratam
1411 4695 1502 4756 tutare.
