4360 5908
517 528 577 593 ale
974 589 986 597 ,,
1018 519 1232 596 inlocales
1256 531 1431 596 secubet
1740 527 1820 608 [Am.
1838 527 1928 590 1232

519 685 706 764 apponere.
723 664 808 738 Cum
823 665 927 760 igitur
942 665 1123 740 tuitionem
1135 669 1274 763 gloriosi
1286 665 1539 764 predecessoris
1549 665 1657 738 nostri
1670 663 1754 739 dive
1768 665 1933 739 memorie

519 791 656 864 Heurioi
670 790 784 885 quinti
798 790 1012 886 imperatoris
1026 812 1073 865 err
1086 792 1197 887 ipsius
1211 793 1339 888 scripto
1349 791 1399 890 (a)
1413 789 1697 886 cognovissemus
1713 789 1871 862 collatam
1887 786 1932 882 (l)

520 915 664 988 ecclesie
682 915 797 987 Sancti
814 913 951 1009 Georgii
965 937 1035 1010 que
1054 925 1106 990 est
1120 917 1157 990 in
1175 917 1341 1006 venetiis,
1358 938 1463 1013 super
1479 915 1641 988 omnibus
1657 912 1934 1008 possessionibus

519 1061 608 1136 quas
625 1036 748 1113 eadem
765 1039 909 1112 eeclesia
926 1039 962 1110 iu
986 1040 1140 1115 llomuno
1156 1050 1250 1115 tenet
1266 1041 1433 1138 imperio,
1454 1039 1587 1134 dignati
1601 1061 1722 1110 sumus
1738 1047 1808 1110 tam
1831 1057 1935 1109 oom-

520 1163 732 1237 mendabilia
745 1163 867 1260 prelati
882 1163 1047 1260 principis
1063 1165 1187 1239 imitari
1200 1167 1358 1262 vestigia.
1378 1166 1469 1238 Hine
1482 1171 1536 1238 est
1550 1162 1761 1258 itaquedum
1780 1183 1936 1234 essemus

521 1289 616 1384 apud
627 1289 800 1382 Venetiae,
818 1285 955 1362 hortatu
971 1289 1074 1362 amici
1085 1291 1192 1362 nostri
1208 1290 1401 1364 sebastiani
1416 1289 1515 1364 Ziaui
1523 1289 1663 1360 illustris
1676 1285 1777 1361 ducis
1793 1286 1937 1360 Venetia

521 1420 556 1486 et
571 1412 737 1508 petitione
754 1410 923 1486 Leonerdi
939 1402 1147 1488 venerabilis
1163 1412 1208 1513 (o)
1226 1416 1361 1490 abbatis
1379 1415 1424 1489 de
1449 1415 1574 1487 Sancto
1597 1410 1757 1507 Georgio,
1777 1409 1938 1484 eamdem

524 1537 705 1610 ecclesiam
735 1537 851 1611 Sancti
878 1537 1014 1632 Georgii
1044 1549 1080 1612 ot
1106 1540 1223 1612 Sancti
1245 1540 1410 1636 Stephani
1439 1561 1501 1636 pro
1530 1537 1724 1612 reverentia
1752 1546 1786 1608 et
1820 1554 1939 1608 amore

523 1661 726 1734 eorumdem
743 1671 939 1735 sanctorum
958 1662 994 1734 in
1014 1672 1128 1739 nostre
1145 1665 1333 1762 imperialis
1358 1665 1513 1738 tuitionis
1539 1663 1688 1760 speciale
1709 1661 1939 1758 patrocinium

524 1787 616 1860 circa
630 1787 745 1859 omnia
768 1786 860 1860 bona
878 1796 912 1859 et
929 1788 1084 1881 quelibet
1097 1789 1178 1881 juro
1195 1811 1266 1885 que
1281 1790 1397 1864 eidem
1420 1789 1562 1864 ecclesie
1582 1789 1619 1860 iu
1642 1797 1757 1861 nostro
1783 1793 1940 1882 spectant

526 1911 684 2007 imperio,
700 1909 788 1984 adeo
812 1913 996 1984 elementer
1016 1915 1233 2010 suscepimus
1258 1924 1298 1988 ut
1322 1915 1354 1989 ei
1379 1937 1440 2010 per
1466 1935 1587 1988 omues
1610 1915 1686 2007 ejus
1709 1909 1941 2008 pertinencias

527 2033 622 2130 pacis
648 2042 684 2106 et
706 2033 833 2129 quietis
860 2056 963 2106 usum
989 2059 1050 2132 per
1078 2058 1180 2110 omne
1200 2039 1394 2113 Romanum
1420 2037 1604 2134 imperium
1631 2033 1796 2109 mandato
1823 2045 1941 2108 nostro

529 2157 744 2231 stabiliamus
768 2166 803 2230 et
825 2157 939 2253 ipsum
961 2160 1087 2255 quietis
1115 2170 1150 2234 et
1171 2162 1268 2258 pacis
1290 2185 1394 2237 usum
1419 2163 1575 2256 diligenti
1603 2159 1812 2235 defensionis
1835 2180 1942 2255 opera

529 2282 712 2378 providere
731 2283 964 2357 intendamus.
985 2285 1236 2360 Confirmamus
1252 2307 1335 2382 orgo
1351 2288 1482 2384 prelato
1500 2286 1705 2361 monasterio
1718 2305 1841 2359 omnes
1856 2305 1942 2380 pos-

530 2408 700 2481 sessiones
719 2417 754 2482 et
772 2408 936 2484 universa
959 2411 1050 2484 bona
1072 2422 1107 2484 et
1126 2433 1182 2486 res
1204 2411 1349 2486 mobiles
1366 2412 1442 2488 sive
1463 2411 1657 2486 immobiles
1674 2420 1709 2484 et
1730 2409 1847 2484 omnia
1861 2410 1943 2501 jura

532 2553 601 2626 que
617 2533 771 2629 predicta
785 2535 929 2607 ecclesia
946 2535 981 2608 in
996 2545 1066 2610 toto
1083 2538 1236 2610 Romano
1253 2537 1398 2634 imperio
1415 2559 1510 2610 uuno
1523 2539 1616 2632 juste
1633 2533 1786 2633 possidet
1801 2541 1836 2607 et
1851 2541 1945 2606 tonet

531 2655 588 2728 vel
608 2656 653 2730 de
670 2667 784 2730 cetero
798 2659 1044 2734 rationabiliter
1064 2663 1137 2734 Deo
1151 2671 1328 2735 annuente
1350 2661 1497 2758 adipisci
1522 2660 1664 2758 poterit,
1695 2681 1737 2733 ac
1759 2655 1945 2753 imperialis

534 2790 649 2854 nostre
664 2784 875 2856 auctoritatis
902 2784 1016 2858 edicto
1034 2787 1218 2860 statuimus
1237 2787 1502 2884 firmissimeque
1525 2785 1737 2884 precipimus
1758 2791 1800 2856 ut
1825 2781 1944 2854 nullus

534 2905 741 3001 patriarcba,
755 2907 1048 3005 archiepiscopus,
1071 2911 1160 3006 dux,
1176 2911 1343 3003 marobio,
1364 2933 1490 3006 comes,
1510 2913 1719 3002 vicecomes,
1739 2907 1943 2996 advocatus,

535 3029 788 3126 vicedominus,
801 3032 991 3128 gastaldus,
1001 3035 1150 3130 villicus,
1163 3037 1316 3110 decanus
1327 3037 1611 3134 etnullaprcrsus
1619 3056 1744 3129 magna
1754 3055 1815 3106 seu
1823 3053 1943 3128 parva,

536 3156 769 3230 ecclesiastiea
797 3167 858 3230 eut
882 3159 1046 3232 secularis
1073 3183 1219 3255 persona
1244 3184 1306 3257 per
1327 3161 1519 3256 albergarie
1542 3161 1600 3235 vel
1627 3159 1753 3234 telonei
1778 3159 1835 3230 vel
1857 3155 1947 3230 fodri

534 3281 746 3354 occasionem
766 3301 830 3354 nec
847 3303 956 3378 pro...
973 3284 1121 3379 alicujus
1138 3295 1266 3359 eventu
1277 3308 1342 3360 neo
1351 3308 1412 3382 per
1425 3285 1569 3383 aliquod
1584 3283 1775 3360 exactionis
1788 3283 1947 3356 alterius-

537 3427 583 3480 ve
606 3405 818 3499 gravaminis
840 3408 1020 3502 ingenium
1047 3410 1323 3506 prenominatum
1346 3413 1592 3485 monasterium
1616 3433 1659 3483 ac
1686 3410 1763 3501 eius
1788 3405 1948 3480 abbatem

536 3551 688 3624 suosque
708 3551 922 3606 successores
950 3534 1142 3629 iuquietare
1166 3557 1229 3608 seu
1257 3535 1439 3609 molestare
1462 3546 1523 3610 ant
1551 3533 1734 3609 disvestire
1757 3537 1942 3628 presumat

537 3654 694 3728 Proterea
711 3677 758 3728 ex
785 3667 899 3731 nostre
925 3658 1113 3755 imperialis
1131 3659 1344 3734 auctoritatis
1362 3661 1484 3756 vigore
1501 3659 1710 3758 precipimus
1732 3665 1773 3729 ut
1794 3655 1949 3728 homines

538 3781 660 3878 prelati
677 3783 875 3854 monasterii
891 3783 952 3878 qui
966 3785 1117 3860 resident
1135 3787 1190 3859 vel
1206 3808 1269 3882 pro
1287 3797 1441 3883 tempore
1457 3783 1642 3859 residerint
1657 3783 1692 3854 in
1712 3779 1852 3878 prelatis
1869 3799 1949 3874 pos-

541 3905 765 3999 sessionibus,
778 3907 876 3980 nullo
888 3909 992 3983 modo
1001 3909 1249 4005 distringantur
1260 3933 1322 4008 per
1332 3913 1481 4008 prolatas
1494 3931 1658 4008 personas
1671 3906 1787 3980 nisiin
1800 3902 1950 4000 generali

540 4030 665 4128 placito
678 4041 713 4104 st
731 4032 779 4106 ita
797 4033 938 4106 demum
958 4044 995 4108 ut
1012 4037 1068 4109 vel
1082 4033 1171 4135 [per]
1187 4035 1346 4111 abbatem
1359 4039 1417 4111 vel
1435 4057 1612 4134 persuum
1626 4033 1769 4106 missum
1781 4051 1886 4102 causa
1900 4026 1952 4100 di-

541 4154 686 4228 rimatur
699 4155 856 4230 sineullo
874 4158 980 4232 banni
992 4161 1205 4255 gravamine.
1223 4162 1259 4234 Si
1272 4161 1352 4257 quis
1369 4171 1484 4235 autem
1497 4169 1615 4234 contra
1629 4158 1694 4231 heo
1711 4163 1827 4229 nostre
1840 4154 1953 4249 impe-

543 4281 668 4354 ratorie
692 4283 920 4378 preceptionis
939 4295 1066 4361 statuta
1083 4297 1118 4361 et
1138 4289 1236 4382 jussa
1255 4289 1472 4385 aliquatenus
1494 4287 1614 4362 venire
1635 4295 1670 4358 et
1696 4283 1813 4376 aliqua
1833 4301 1880 4354 ox
1900 4275 1951 4350 bis

587 4455 628 4538 (a)
650 4459 686 4520 In
699 4461 840 4538 impresso
852 4461 963 4543 scripti.

586 4561 629 4646 (b)
650 4565 763 4628 Ibidem
775 4565 919 4633 collatore.

587 4670 625 4752 (c)
651 4673 698 4736 ibt
711 4691 829 4755 quoque
848 4676 981 4755 Venae,
997 4687 1027 4742 et
1039 4682 1071 4741 ln
1084 4681 1217 4762 catalogo
1231 4681 1372 4744 abbatom
1384 4681 1473 4745 arnbo
1484 4685 1629 4744 vocentur
1647 4676 1770 4752 Versae,
1792 4683 1951 4754 perpetem·
