<?xml version="1.0" encoding="UTF-8"?>
<!DOCTYPE html PUBLIC "-//W3C//DTD XHTML 1.0 Transitional//EN"
    "http://www.w3.org/TR/xhtml1/DTD/xhtml1-transitional.dtd">
<html xmlns="http://www.w3.org/1999/xhtml" xml:lang="en" lang="en">
 <head>
  <title>
</title>
<meta http-equiv="Content-Type" content="text/html;charset=utf-8" />
  <meta name='ocr-system' content='tesseract 3.04.00' />
  <meta name='ocr-capabilities' content='ocr_page ocr_carea ocr_par ocr_line ocrx_word'/>
</head>
<body>
  <div class='ocr_page' id='page_1' title='image "./historiadiploma07fredgoog_0364.png"; bbox 0 0 4360 5908; ppageno 0'>
   <div class='ocr_carea' id='block_1_1' title="bbox 493 605 1900 694">
    <p class='ocr_par' dir='ltr' id='par_1_1' title="bbox 493 605 1900 694">
     <span class='ocr_line' id='line_1_1' title="bbox 493 605 1900 694; baseline 0.001 -22"><span class='ocrx_word' id='word_1_1' title='bbox 493 612 552 672; x_wconf 83' lang='lat'><strong>350</strong></span> <span class='ocrx_word' id='word_1_2' title='bbox 996 607 1213 672; x_wconf 82' lang='lat' dir='ltr'><strong>FlilllElllGl</strong></span> <span class='ocrx_word' id='word_1_3' title='bbox 1237 605 1412 670; x_wconf 73' lang='lat' dir='ltr'><strong>silebunt</strong></span> <span class='ocrx_word' id='word_1_4' title='bbox 1716 606 1797 694; x_wconf 68' lang='lat' dir='ltr'><strong>[An</strong></span> <span class='ocrx_word' id='word_1_5' title='bbox 1813 609 1900 676; x_wconf 68' lang='lat'><strong>1232</strong></span> 
     </span>
    </p>
   </div>
   <div class='ocr_carea' id='block_1_2' title="bbox 488 739 1918 4828">
    <p class='ocr_par' dir='ltr' id='par_1_2' title="bbox 488 739 1918 4828">
     <span class='ocr_line' id='line_1_2' title="bbox 492 739 1906 838; baseline 0.003 -22"><span class='ocrx_word' id='word_1_6' title='bbox 492 745 739 835; x_wconf 88' lang='lat' dir='ltr'><strong>iustrumenta,</strong></span> <span class='ocrx_word' id='word_1_7' title='bbox 756 753 919 838; x_wconf 88' lang='lat' dir='ltr'><strong>tanquam</strong></span> <span class='ocrx_word' id='word_1_8' title='bbox 940 743 977 816; x_wconf 93' lang='lat' dir='ltr'><strong>in</strong></span> <span class='ocrx_word' id='word_1_9' title='bbox 989 742 1127 836; x_wconf 85' lang='lat' dir='ltr'><strong>judices</strong></span> <span class='ocrx_word' id='word_1_10' title='bbox 1141 741 1334 816; x_wconf 89' lang='lat' dir='ltr'><strong>ordinarios</strong></span> <span class='ocrx_word' id='word_1_11' title='bbox 1349 739 1406 815; x_wconf 81' lang='lat' dir='ltr'><strong>uel</strong></span> <span class='ocrx_word' id='word_1_12' title='bbox 1430 740 1578 816; x_wconf 77' lang='lat' dir='ltr'><strong>arbitros</strong></span> <span class='ocrx_word' id='word_1_13' title='bbox 1601 761 1666 816; x_wconf 89' lang='lat' dir='ltr'><strong>sen</strong></span> <span class='ocrx_word' id='word_1_14' title='bbox 1686 742 1906 836; x_wconf 77' lang='lat' dir='ltr'><strong>arbitratoras</strong></span> 
     </span>
     <span class='ocr_line' id='line_1_3' title="bbox 492 866 1918 964; baseline 0.002 -24"><span class='ocrx_word' id='word_1_15' title='bbox 492 869 568 942; x_wconf 89' lang='lat' dir='ltr'><strong>sive</strong></span> <span class='ocrx_word' id='word_1_16' title='bbox 591 868 789 942; x_wconf 82' lang='lat' dir='ltr'><strong>amicabiles</strong></span> <span class='ocrx_word' id='word_1_17' title='bbox 806 869 1050 964; x_wconf 76' lang='lat' dir='ltr'><strong>compositores</strong></span> <span class='ocrx_word' id='word_1_18' title='bbox 1071 867 1160 940; x_wconf 92' lang='lat' dir='ltr'><strong>sicut</strong></span> <span class='ocrx_word' id='word_1_19' title='bbox 1178 888 1234 940; x_wconf 91' lang='lat' dir='ltr'><strong>res</strong></span> <span class='ocrx_word' id='word_1_20' title='bbox 1254 866 1379 940; x_wconf 89' lang='lat' dir='ltr'><strong>melius</strong></span> <span class='ocrx_word' id='word_1_21' title='bbox 1401 867 1519 940; x_wconf 84' lang='lat' dir='ltr'><strong>valere</strong></span> <span class='ocrx_word' id='word_1_22' title='bbox 1539 866 1682 963; x_wconf 88' lang='lat' dir='ltr'><strong>poterit,</strong></span> <span class='ocrx_word' id='word_1_23' title='bbox 1709 867 1918 944; x_wconf 42' lang='lat' dir='ltr'><strong>secnnrlurnw</strong></span> 
     </span>
     <span class='ocr_line' id='line_1_4' title="bbox 492 989 1905 1088; baseline 0.001 -24"><span class='ocrx_word' id='word_1_24' title='bbox 492 993 637 1066; x_wconf 85' lang='lat' dir='ltr'><strong>formam</strong></span> <span class='ocrx_word' id='word_1_25' title='bbox 654 1003 689 1066; x_wconf 88' lang='lat' dir='ltr'><strong>et</strong></span> <span class='ocrx_word' id='word_1_26' title='bbox 714 992 875 1066; x_wconf 80' lang='lat' dir='ltr'><strong>articulos</strong></span> <span class='ocrx_word' id='word_1_27' title='bbox 891 993 1141 1088; x_wconf 88' lang='lat' dir='ltr'><strong>suprascriptos</strong></span> <span class='ocrx_word' id='word_1_28' title='bbox 1158 1013 1264 1088; x_wconf 88' lang='lat' dir='ltr'><strong>super</strong></span> <span class='ocrx_word' id='word_1_29' title='bbox 1287 989 1426 1084; x_wconf 78' lang='lat' dir='ltr'><strong>negotio</strong></span> <span class='ocrx_word' id='word_1_30' title='bbox 1447 999 1656 1080; x_wconf 87' lang='lat' dir='ltr'><strong>memorato,</strong></span> <span class='ocrx_word' id='word_1_31' title='bbox 1684 991 1905 1088; x_wconf 87' lang='lat' dir='ltr'><strong>solempniter</strong></span> 
     </span>
     <span class='ocr_line' id='line_1_5' title="bbox 493 1114 1903 1214; baseline 0.003 -26"><span class='ocrx_word' id='word_1_32' title='bbox 493 1118 728 1213; x_wconf 81' lang='lat' dir='ltr'><strong>promittentes</strong></span> <span class='ocrx_word' id='word_1_33' title='bbox 744 1117 893 1191; x_wconf 91' lang='lat' dir='ltr'><strong>dominis</strong></span> <span class='ocrx_word' id='word_1_34' title='bbox 915 1118 1036 1212; x_wconf 83' lang='lat' dir='ltr'><strong>legatis</strong></span> <span class='ocrx_word' id='word_1_35' title='bbox 1053 1117 1190 1212; x_wconf 88' lang='lat' dir='ltr'><strong>prelatis</strong></span> <span class='ocrx_word' id='word_1_36' title='bbox 1210 1125 1280 1188; x_wconf 85' lang='lat' dir='ltr'><strong>tam</strong></span> <span class='ocrx_word' id='word_1_37' title='bbox 1293 1115 1408 1188; x_wconf 89' lang='lat' dir='ltr'><strong>dictus</strong></span> <span class='ocrx_word' id='word_1_38' title='bbox 1424 1114 1587 1208; x_wconf 76' lang='lat' dir='ltr'><strong>magister</strong></span> <span class='ocrx_word' id='word_1_39' title='bbox 1608 1117 1826 1190; x_wconf 86' lang='lat' dir='ltr'><strong>Hermannus</strong></span> <span class='ocrx_word' id='word_1_40' title='bbox 1838 1139 1903 1214; x_wconf 92' lang='lat' dir='ltr'><strong>pro</strong></span> 
     </span>
     <span class='ocr_line' id='line_1_6' title="bbox 493 1239 1902 1337; baseline 0.001 -23"><span class='ocrx_word' id='word_1_41' title='bbox 493 1241 635 1316; x_wconf 91' lang='lat' dir='ltr'><strong>domino</strong></span> <span class='ocrx_word' id='word_1_42' title='bbox 649 1242 969 1337; x_wconf 86' lang='lat' dir='ltr'><strong>imperatorequam</strong></span> <span class='ocrx_word' id='word_1_43' title='bbox 989 1242 1108 1336; x_wconf 85' lang='lat' dir='ltr'><strong>prolati</strong></span> <span class='ocrx_word' id='word_1_44' title='bbox 1127 1250 1276 1315; x_wconf 81' lang='lat' dir='ltr'><strong>rectores</strong></span> <span class='ocrx_word' id='word_1_45' title='bbox 1293 1252 1328 1314; x_wconf 91' lang='lat' dir='ltr'><strong>et</strong></span> <span class='ocrx_word' id='word_1_46' title='bbox 1342 1240 1585 1317; x_wconf 84' lang='lat' dir='ltr'><strong>ambuxatorss</strong></span> <span class='ocrx_word' id='word_1_47' title='bbox 1599 1239 1741 1313; x_wconf 87' lang='lat' dir='ltr'><strong>nomine</strong></span> <span class='ocrx_word' id='word_1_48' title='bbox 1761 1263 1902 1316; x_wconf 85' lang='lat' dir='ltr'><strong>suarum</strong></span> 
     </span>
     <span class='ocr_line' id='line_1_7' title="bbox 492 1363 1913 1460; baseline 0 -22"><span class='ocrx_word' id='word_1_49' title='bbox 492 1364 669 1438; x_wconf 90' lang='lat' dir='ltr'><strong>civitatum</strong></span> <span class='ocrx_word' id='word_1_50' title='bbox 685 1373 720 1438; x_wconf 88' lang='lat' dir='ltr'><strong>et</strong></span> <span class='ocrx_word' id='word_1_51' title='bbox 733 1364 903 1436; x_wconf 88' lang='lat' dir='ltr'><strong>societatis</strong></span> <span class='ocrx_word' id='word_1_52' title='bbox 918 1367 1045 1459; x_wconf 83' lang='lat' dir='ltr'><strong>prolate</strong></span> <span class='ocrx_word' id='word_1_53' title='bbox 1057 1375 1092 1438; x_wconf 86' lang='lat' dir='ltr'><strong>et</strong></span> <span class='ocrx_word' id='word_1_54' title='bbox 1108 1365 1259 1441; x_wconf 88' lang='lat' dir='ltr'><strong>invicem</strong></span> <span class='ocrx_word' id='word_1_55' title='bbox 1272 1363 1424 1456; x_wconf 84' lang='lat' dir='ltr'><strong>interea,</strong></span> <span class='ocrx_word' id='word_1_56' title='bbox 1436 1373 1526 1438; x_wconf 82' lang='lat' dir='ltr'><strong>stare</strong></span> <span class='ocrx_word' id='word_1_57' title='bbox 1539 1363 1585 1438; x_wconf 90' lang='lat' dir='ltr'><strong>de</strong></span> <span class='ocrx_word' id='word_1_58' title='bbox 1596 1363 1751 1460; x_wconf 86' lang='lat' dir='ltr'><strong>predicto</strong></span> <span class='ocrx_word' id='word_1_59' title='bbox 1765 1365 1913 1458; x_wconf 76' lang='lat' dir='ltr'><strong>negotiu</strong></span> 
     </span>
     <span class='ocr_line' id='line_1_8' title="bbox 490 1487 1900 1584; baseline 0.001 -22"><span class='ocrx_word' id='word_1_60' title='bbox 490 1511 610 1562; x_wconf 89' lang='lat' dir='ltr'><strong>eorum</strong></span> <span class='ocrx_word' id='word_1_61' title='bbox 624 1489 790 1562; x_wconf 89' lang='lat' dir='ltr'><strong>sententie</strong></span> <span class='ocrx_word' id='word_1_62' title='bbox 801 1488 942 1562; x_wconf 86' lang='lat' dir='ltr'><strong>arbitrio</strong></span> <span class='ocrx_word' id='word_1_63' title='bbox 955 1489 1030 1562; x_wconf 87' lang='lat' dir='ltr'><strong>sive</strong></span> <span class='ocrx_word' id='word_1_64' title='bbox 1043 1489 1234 1564; x_wconf 77' lang='lat' dir='ltr'><strong>laudosias</strong></span> <span class='ocrx_word' id='word_1_65' title='bbox 1246 1488 1421 1562; x_wconf 83' lang='lat' dir='ltr'><strong>amicabili</strong></span> <span class='ocrx_word' id='word_1_66' title='bbox 1433 1487 1900 1584; x_wconf 86' lang='lat' dir='ltr'><strong>compositioni,ordinationi</strong></span> 
     </span>
     <span class='ocr_line' id='line_1_9' title="bbox 491 1613 1903 1710; baseline -0.001 -22"><span class='ocrx_word' id='word_1_67' title='bbox 491 1617 566 1689; x_wconf 88' lang='lat' dir='ltr'><strong>sive</strong></span> <span class='ocrx_word' id='word_1_68' title='bbox 591 1614 683 1687; x_wconf 92' lang='lat' dir='ltr'><strong>dicto</strong></span> <span class='ocrx_word' id='word_1_69' title='bbox 702 1613 878 1704; x_wconf 87' lang='lat' dir='ltr'><strong>mandate,</strong></span> <span class='ocrx_word' id='word_1_70' title='bbox 899 1615 1068 1690; x_wconf 89' lang='lat' dir='ltr'><strong>voluntati</strong></span> <span class='ocrx_word' id='word_1_71' title='bbox 1087 1615 1162 1688; x_wconf 85' lang='lat' dir='ltr'><strong>sire</strong></span> <span class='ocrx_word' id='word_1_72' title='bbox 1185 1615 1357 1710; x_wconf 87' lang='lat' dir='ltr'><strong>preceptis</strong></span> <span class='ocrx_word' id='word_1_73' title='bbox 1378 1614 1416 1686; x_wconf 93' lang='lat' dir='ltr'><strong>in</strong></span> <span class='ocrx_word' id='word_1_74' title='bbox 1434 1613 1587 1686; x_wconf 87' lang='lat' dir='ltr'><strong>articulis</strong></span> <span class='ocrx_word' id='word_1_75' title='bbox 1609 1614 1849 1709; x_wconf 85' lang='lat' dir='ltr'><strong>suprascriptis</strong></span> <span class='ocrx_word' id='word_1_76' title='bbox 1867 1625 1903 1686; x_wconf 90' lang='lat' dir='ltr'><strong>et</strong></span> 
     </span>
     <span class='ocr_line' id='line_1_10' title="bbox 493 1738 1900 1836; baseline -0.003 -22"><span class='ocrx_word' id='word_1_77' title='bbox 493 1740 697 1836; x_wconf 84' lang='lat' dir='ltr'><strong>generaliter</strong></span> <span class='ocrx_word' id='word_1_78' title='bbox 709 1759 827 1810; x_wconf 89' lang='lat' dir='ltr'><strong>eorum</strong></span> <span class='ocrx_word' id='word_1_79' title='bbox 842 1739 1041 1814; x_wconf 87' lang='lat' dir='ltr'><strong>omnimode</strong></span> <span class='ocrx_word' id='word_1_80' title='bbox 1056 1739 1267 1814; x_wconf 87' lang='lat' dir='ltr'><strong>ordinationi</strong></span> <span class='ocrx_word' id='word_1_81' title='bbox 1283 1740 1373 1812; x_wconf 86' lang='lat' dir='ltr'><strong>lacte</strong></span> <span class='ocrx_word' id='word_1_82' title='bbox 1383 1739 1489 1811; x_wconf 89' lang='lat' dir='ltr'><strong>semel</strong></span> <span class='ocrx_word' id='word_1_83' title='bbox 1503 1739 1560 1812; x_wconf 88' lang='lat' dir='ltr'><strong>vel</strong></span> <span class='ocrx_word' id='word_1_84' title='bbox 1579 1738 1720 1832; x_wconf 90' lang='lat' dir='ltr'><strong>pluries,</strong></span> <span class='ocrx_word' id='word_1_85' title='bbox 1736 1739 1900 1834; x_wconf 85' lang='lat' dir='ltr'><strong>presenti·</strong></span> 
     </span>
     <span class='ocr_line' id='line_1_11' title="bbox 493 1861 1901 1960; baseline -0.001 -25"><span class='ocrx_word' id='word_1_86' title='bbox 493 1865 559 1936; x_wconf 90' lang='lat' dir='ltr'><strong>bus</strong></span> <span class='ocrx_word' id='word_1_87' title='bbox 577 1864 732 1958; x_wconf 85' lang='lat' dir='ltr'><strong>partibus</strong></span> <span class='ocrx_word' id='word_1_88' title='bbox 754 1865 809 1937; x_wconf 90' lang='lat' dir='ltr'><strong>vel</strong></span> <span class='ocrx_word' id='word_1_89' title='bbox 829 1864 1050 1954; x_wconf 88' lang='lat' dir='ltr'><strong>absentibus,</strong></span> <span class='ocrx_word' id='word_1_90' title='bbox 1082 1864 1184 1936; x_wconf 88' lang='lat' dir='ltr'><strong>simul</strong></span> <span class='ocrx_word' id='word_1_91' title='bbox 1207 1865 1263 1936; x_wconf 81' lang='lat' dir='ltr'><strong>vel</strong></span> <span class='ocrx_word' id='word_1_92' title='bbox 1282 1885 1344 1960; x_wconf 90' lang='lat' dir='ltr'><strong>per</strong></span> <span class='ocrx_word' id='word_1_93' title='bbox 1362 1872 1496 1958; x_wconf 89' lang='lat' dir='ltr'><strong>partas,</strong></span> <span class='ocrx_word' id='word_1_94' title='bbox 1519 1861 1609 1934; x_wconf 88' lang='lat' dir='ltr'><strong>siout</strong></span> <span class='ocrx_word' id='word_1_95' title='bbox 1632 1861 1766 1936; x_wconf 88' lang='lat' dir='ltr'><strong>eisdem</strong></span> <span class='ocrx_word' id='word_1_96' title='bbox 1784 1862 1901 1956; x_wconf 73' lang='lat' dir='ltr'><strong>legatis</strong></span> 
     </span>
     <span class='ocr_line' id='line_1_12' title="bbox 492 1987 1900 2085; baseline -0.001 -25"><span class='ocrx_word' id='word_1_97' title='bbox 492 1989 616 2060; x_wconf 87' lang='lat' dir='ltr'><strong>melius</strong></span> <span class='ocrx_word' id='word_1_98' title='bbox 631 1987 805 2060; x_wconf 84' lang='lat' dir='ltr'><strong>videbitur</strong></span> <span class='ocrx_word' id='word_1_99' title='bbox 819 1988 997 2084; x_wconf 84' lang='lat' dir='ltr'><strong>expedire,</strong></span> <span class='ocrx_word' id='word_1_100' title='bbox 1010 1990 1108 2065; x_wconf 86' lang='lat' dir='ltr'><strong>salva</strong></span> <span class='ocrx_word' id='word_1_101' title='bbox 1124 2011 1261 2085; x_wconf 89' lang='lat' dir='ltr'><strong>semper</strong></span> <span class='ocrx_word' id='word_1_102' title='bbox 1278 1988 1471 2062; x_wconf 86' lang='lat' dir='ltr'><strong>substantia</strong></span> <span class='ocrx_word' id='word_1_103' title='bbox 1486 1989 1594 2060; x_wconf 87' lang='lat' dir='ltr'><strong>lorme</strong></span> <span class='ocrx_word' id='word_1_104' title='bbox 1610 1987 1771 2084; x_wconf 89' lang='lat' dir='ltr'><strong>superius</strong></span> <span class='ocrx_word' id='word_1_105' title='bbox 1784 1988 1900 2060; x_wconf 91' lang='lat' dir='ltr'><strong>nomi-</strong></span> 
     </span>
     <span class='ocr_line' id='line_1_13' title="bbox 492 2111 1899 2208; baseline 0 -24"><span class='ocrx_word' id='word_1_106' title='bbox 492 2122 584 2184; x_wconf 89' lang='lat' dir='ltr'><strong>nate.</strong></span> <span class='ocrx_word' id='word_1_107' title='bbox 609 2113 692 2184; x_wconf 86' lang='lat' dir='ltr'><strong>lteru</strong></span> <span class='ocrx_word' id='word_1_108' title='bbox 714 2113 943 2206; x_wconf 84' lang='lat' dir='ltr'><strong>promiserunt</strong></span> <span class='ocrx_word' id='word_1_109' title='bbox 970 2113 1093 2186; x_wconf 90' lang='lat' dir='ltr'><strong>codem</strong></span> <span class='ocrx_word' id='word_1_110' title='bbox 1118 2113 1277 2204; x_wconf 91' lang='lat' dir='ltr'><strong>nomine,</strong></span> <span class='ocrx_word' id='word_1_111' title='bbox 1305 2113 1433 2198; x_wconf 82' lang='lat' dir='ltr'><strong>scilicet</strong></span> <span class='ocrx_word' id='word_1_112' title='bbox 1455 2112 1608 2208; x_wconf 88' lang='lat' dir='ltr'><strong>prelatus</strong></span> <span class='ocrx_word' id='word_1_113' title='bbox 1626 2111 1789 2206; x_wconf 77' lang='lat' dir='ltr'><strong>magister</strong></span> <span class='ocrx_word' id='word_1_114' title='bbox 1809 2112 1899 2184; x_wconf 89' lang='lat' dir='ltr'><strong>ller-</strong></span> 
     </span>
     <span class='ocr_line' id='line_1_14' title="bbox 491 2236 1901 2334; baseline 0 -26"><span class='ocrx_word' id='word_1_115' title='bbox 491 2259 640 2309; x_wconf 89' lang='lat' dir='ltr'><strong>mannus</strong></span> <span class='ocrx_word' id='word_1_116' title='bbox 657 2237 796 2310; x_wconf 90' lang='lat' dir='ltr'><strong>nomine</strong></span> <span class='ocrx_word' id='word_1_117' title='bbox 812 2236 945 2310; x_wconf 91' lang='lat' dir='ltr'><strong>domini</strong></span> <span class='ocrx_word' id='word_1_118' title='bbox 959 2239 1175 2334; x_wconf 90' lang='lat' dir='ltr'><strong>imperatoris</strong></span> <span class='ocrx_word' id='word_1_119' title='bbox 1192 2248 1228 2312; x_wconf 92' lang='lat' dir='ltr'><strong>et</strong></span> <span class='ocrx_word' id='word_1_120' title='bbox 1241 2259 1304 2334; x_wconf 92' lang='lat' dir='ltr'><strong>pro</strong></span> <span class='ocrx_word' id='word_1_121' title='bbox 1319 2237 1395 2332; x_wconf 93' lang='lat' dir='ltr'><strong>ipso</strong></span> <span class='ocrx_word' id='word_1_122' title='bbox 1410 2238 1617 2332; x_wconf 86' lang='lat' dir='ltr'><strong>imperatore</strong></span> <span class='ocrx_word' id='word_1_123' title='bbox 1629 2237 1742 2332; x_wconf 84' lang='lat' dir='ltr'><strong>stipsi</strong></span> <span class='ocrx_word' id='word_1_124' title='bbox 1755 2247 1901 2309; x_wconf 89' lang='lat' dir='ltr'><strong>rectores</strong></span> 
     </span>
     <span class='ocr_line' id='line_1_15' title="bbox 491 2361 1899 2459; baseline -0.002 -23"><span class='ocrx_word' id='word_1_125' title='bbox 491 2371 525 2436; x_wconf 92' lang='lat' dir='ltr'><strong>et</strong></span> <span class='ocrx_word' id='word_1_126' title='bbox 547 2361 790 2434; x_wconf 84' lang='lat' dir='ltr'><strong>ambaxatorss</strong></span> <span class='ocrx_word' id='word_1_127' title='bbox 806 2363 944 2436; x_wconf 91' lang='lat' dir='ltr'><strong>nomine</strong></span> <span class='ocrx_word' id='word_1_128' title='bbox 959 2363 1132 2439; x_wconf 87' lang='lat' dir='ltr'><strong>societatis</strong></span> <span class='ocrx_word' id='word_1_129' title='bbox 1149 2363 1235 2459; x_wconf 91' lang='lat' dir='ltr'><strong>ipsis</strong></span> <span class='ocrx_word' id='word_1_130' title='bbox 1249 2362 1371 2456; x_wconf 79' lang='lat' dir='ltr'><strong>legatis</strong></span> <span class='ocrx_word' id='word_1_131' title='bbox 1387 2383 1449 2458; x_wconf 92' lang='lat' dir='ltr'><strong>pro</strong></span> <span class='ocrx_word' id='word_1_132' title='bbox 1468 2384 1507 2436; x_wconf 91' lang='lat' dir='ltr'><strong>se</strong></span> <span class='ocrx_word' id='word_1_133' title='bbox 1525 2372 1560 2438; x_wconf 87' lang='lat' dir='ltr'><strong>ct</strong></span> <span class='ocrx_word' id='word_1_134' title='bbox 1580 2363 1733 2436; x_wconf 82' lang='lat' dir='ltr'><strong>Romana</strong></span> <span class='ocrx_word' id='word_1_135' title='bbox 1749 2361 1899 2436; x_wconf 82' lang='lat' dir='ltr'><strong>Ecclesia</strong></span> 
     </span>
     <span class='ocr_line' id='line_1_16' title="bbox 489 2485 1899 2583; baseline 0.003 -27"><span class='ocrx_word' id='word_1_136' title='bbox 489 2485 736 2580; x_wconf 90' lang='lat' dir='ltr'><strong>recipientibus</strong></span> <span class='ocrx_word' id='word_1_137' title='bbox 749 2509 873 2582; x_wconf 88' lang='lat' dir='ltr'><strong>penam</strong></span> <span class='ocrx_word' id='word_1_138' title='bbox 887 2487 1012 2582; x_wconf 80' lang='lat' dir='ltr'><strong>viginti</strong></span> <span class='ocrx_word' id='word_1_139' title='bbox 1027 2489 1160 2560; x_wconf 91' lang='lat' dir='ltr'><strong>milium</strong></span> <span class='ocrx_word' id='word_1_140' title='bbox 1172 2509 1365 2562; x_wconf 90' lang='lat' dir='ltr'><strong>marcarum</strong></span> <span class='ocrx_word' id='word_1_141' title='bbox 1379 2487 1511 2581; x_wconf 78' lang='lat' dir='ltr'><strong>argenti</strong></span> <span class='ocrx_word' id='word_1_142' title='bbox 1523 2509 1587 2582; x_wconf 87' lang='lat' dir='ltr'><strong>prn</strong></span> <span class='ocrx_word' id='word_1_143' title='bbox 1597 2487 1753 2581; x_wconf 88' lang='lat' dir='ltr'><strong>qnalibet</strong></span> <span class='ocrx_word' id='word_1_144' title='bbox 1764 2497 1859 2583; x_wconf 91' lang='lat' dir='ltr'><strong>parte</strong></span> <span class='ocrx_word' id='word_1_145' title='bbox 1869 2487 1899 2560; x_wconf 89' lang='lat' dir='ltr'><strong>si</strong></span> 
     </span>
     <span class='ocr_line' id='line_1_17' title="bbox 490 2611 1898 2706; baseline -0.001 -23"><span class='ocrx_word' id='word_1_146' title='bbox 490 2620 607 2683; x_wconf 91' lang='lat' dir='ltr'><strong>contra</strong></span> <span class='ocrx_word' id='word_1_147' title='bbox 632 2611 782 2684; x_wconf 85' lang='lat' dir='ltr'><strong>lacerant</strong></span> <span class='ocrx_word' id='word_1_148' title='bbox 804 2621 864 2698; x_wconf 85' lang='lat' dir='ltr'><strong>aut</strong></span> <span class='ocrx_word' id='word_1_149' title='bbox 888 2615 1058 2699; x_wconf 85' lang='lat' dir='ltr'><strong>venirent,</strong></span> <span class='ocrx_word' id='word_1_150' title='bbox 1074 2634 1294 2706; x_wconf 89' lang='lat' dir='ltr'><strong>quecumque</strong></span> <span class='ocrx_word' id='word_1_151' title='bbox 1315 2633 1396 2706; x_wconf 90' lang='lat' dir='ltr'><strong>pars</strong></span> <span class='ocrx_word' id='word_1_152' title='bbox 1418 2613 1663 2686; x_wconf 79' lang='lat' dir='ltr'><strong>contrafaceret</strong></span> <span class='ocrx_word' id='word_1_153' title='bbox 1677 2623 1739 2686; x_wconf 88' lang='lat' dir='ltr'><strong>ant</strong></span> <span class='ocrx_word' id='word_1_154' title='bbox 1754 2613 1898 2686; x_wconf 61' lang='lat' dir='ltr'><strong>rauba.</strong></span> 
     </span>
     <span class='ocr_line' id='line_1_18' title="bbox 490 2735 1897 2834; baseline 0.002 -27"><span class='ocrx_word' id='word_1_155' title='bbox 490 2735 601 2822; x_wconf 91' lang='lat' dir='ltr'><strong>Quam</strong></span> <span class='ocrx_word' id='word_1_156' title='bbox 610 2736 712 2808; x_wconf 89' lang='lat' dir='ltr'><strong>etiam</strong></span> <span class='ocrx_word' id='word_1_157' title='bbox 725 2757 849 2833; x_wconf 90' lang='lat' dir='ltr'><strong>penam</strong></span> <span class='ocrx_word' id='word_1_158' title='bbox 860 2737 1093 2832; x_wconf 90' lang='lat' dir='ltr'><strong>promiserunt</strong></span> <span class='ocrx_word' id='word_1_159' title='bbox 1104 2758 1183 2832; x_wconf 90' lang='lat' dir='ltr'><strong>pars</strong></span> <span class='ocrx_word' id='word_1_160' title='bbox 1196 2737 1284 2834; x_wconf 90' lang='lat' dir='ltr'><strong>parti</strong></span> <span class='ocrx_word' id='word_1_161' title='bbox 1297 2735 1450 2810; x_wconf 88' lang='lat' dir='ltr'><strong>vicissim</strong></span> <span class='ocrx_word' id='word_1_162' title='bbox 1463 2735 1640 2831; x_wconf 90' lang='lat' dir='ltr'><strong>stipulanti</strong></span> <span class='ocrx_word' id='word_1_163' title='bbox 1655 2737 1897 2832; x_wconf 83' lang='lat' dir='ltr'><strong>sollempniter,</strong></span> 
     </span>
     <span class='ocr_line' id='line_1_19' title="bbox 489 2859 1901 2958; baseline 0.003 -26"><span class='ocrx_word' id='word_1_164' title='bbox 489 2860 619 2932; x_wconf 90' lang='lat' dir='ltr'><strong>scilicet</strong></span> <span class='ocrx_word' id='word_1_165' title='bbox 636 2861 710 2957; x_wconf 89' lang='lat' dir='ltr'><strong>ipse</strong></span> <span class='ocrx_word' id='word_1_166' title='bbox 726 2861 888 2956; x_wconf 81' lang='lat' dir='ltr'><strong>magister</strong></span> <span class='ocrx_word' id='word_1_167' title='bbox 902 2861 1118 2936; x_wconf 85' lang='lat' dir='ltr'><strong>Hermannus</strong></span> <span class='ocrx_word' id='word_1_168' title='bbox 1138 2861 1278 2934; x_wconf 90' lang='lat' dir='ltr'><strong>nomine</strong></span> <span class='ocrx_word' id='word_1_169' title='bbox 1299 2859 1514 2957; x_wconf 85' lang='lat' dir='ltr'><strong>imperatoris</strong></span> <span class='ocrx_word' id='word_1_170' title='bbox 1535 2869 1570 2933; x_wconf 91' lang='lat' dir='ltr'><strong>et</strong></span> <span class='ocrx_word' id='word_1_171' title='bbox 1587 2881 1651 2956; x_wconf 92' lang='lat' dir='ltr'><strong>pro</strong></span> <span class='ocrx_word' id='word_1_172' title='bbox 1665 2861 1741 2956; x_wconf 90' lang='lat' dir='ltr'><strong>ipso</strong></span> <span class='ocrx_word' id='word_1_173' title='bbox 1755 2861 1901 2958; x_wconf 85' lang='lat' dir='ltr'><strong>impera·</strong></span> 
     </span>
     <span class='ocr_line' id='line_1_20' title="bbox 490 2985 1902 3081; baseline 0.003 -27"><span class='ocrx_word' id='word_1_174' title='bbox 490 2995 563 3058; x_wconf 91' lang='lat' dir='ltr'><strong>tora</strong></span> <span class='ocrx_word' id='word_1_175' title='bbox 576 2995 610 3058; x_wconf 88' lang='lat' dir='ltr'><strong>et</strong></span> <span class='ocrx_word' id='word_1_176' title='bbox 628 2986 751 3080; x_wconf 82' lang='lat' dir='ltr'><strong>prelati</strong></span> <span class='ocrx_word' id='word_1_177' title='bbox 769 2994 917 3060; x_wconf 88' lang='lat' dir='ltr'><strong>rectores</strong></span> <span class='ocrx_word' id='word_1_178' title='bbox 930 2995 965 3058; x_wconf 90' lang='lat' dir='ltr'><strong>et</strong></span> <span class='ocrx_word' id='word_1_179' title='bbox 980 2985 1223 3058; x_wconf 83' lang='lat' dir='ltr'><strong>ambaxatores</strong></span> <span class='ocrx_word' id='word_1_180' title='bbox 1241 2986 1381 3061; x_wconf 88' lang='lat' dir='ltr'><strong>nomine</strong></span> <span class='ocrx_word' id='word_1_181' title='bbox 1392 2985 1657 3081; x_wconf 82' lang='lat' dir='ltr'><strong>prescriptorum</strong></span> <span class='ocrx_word' id='word_1_182' title='bbox 1672 2985 1850 3060; x_wconf 88' lang='lat' dir='ltr'><strong>civitatum</strong></span> <span class='ocrx_word' id='word_1_183' title='bbox 1864 2995 1902 3060; x_wconf 88' lang='lat' dir='ltr'><strong>et</strong></span> 
     </span>
     <span class='ocr_line' id='line_1_21' title="bbox 494 3109 1900 3206; baseline 0.001 -25"><span class='ocrx_word' id='word_1_184' title='bbox 494 3109 664 3182; x_wconf 87' lang='lat' dir='ltr'><strong>societatis</strong></span> <span class='ocrx_word' id='word_1_185' title='bbox 677 3112 830 3204; x_wconf 87' lang='lat' dir='ltr'><strong>prelats;</strong></span> <span class='ocrx_word' id='word_1_186' title='bbox 849 3110 897 3184; x_wconf 86' lang='lat' dir='ltr'><strong>itu</strong></span> <span class='ocrx_word' id='word_1_187' title='bbox 914 3110 1011 3204; x_wconf 91' lang='lat' dir='ltr'><strong>quod</strong></span> <span class='ocrx_word' id='word_1_188' title='bbox 1023 3111 1178 3205; x_wconf 90' lang='lat' dir='ltr'><strong>quelibet</strong></span> <span class='ocrx_word' id='word_1_189' title='bbox 1194 3111 1314 3186; x_wconf 85' lang='lat' dir='ltr'><strong>civitas</strong></span> <span class='ocrx_word' id='word_1_190' title='bbox 1327 3133 1389 3206; x_wconf 94' lang='lat' dir='ltr'><strong>pro</strong></span> <span class='ocrx_word' id='word_1_191' title='bbox 1405 3121 1479 3184; x_wconf 88' lang='lat' dir='ltr'><strong>rata</strong></span> <span class='ocrx_word' id='word_1_192' title='bbox 1492 3119 1649 3184; x_wconf 84' lang='lat' dir='ltr'><strong>teneatur</strong></span> <span class='ocrx_word' id='word_1_193' title='bbox 1663 3109 1710 3184; x_wconf 88' lang='lat' dir='ltr'><strong>ad</strong></span> <span class='ocrx_word' id='word_1_194' title='bbox 1728 3133 1852 3206; x_wconf 88' lang='lat' dir='ltr'><strong>penam</strong></span> <span class='ocrx_word' id='word_1_195' title='bbox 1870 3111 1900 3183; x_wconf 87' lang='lat' dir='ltr'><strong>si</strong></span> 
     </span>
     <span class='ocr_line' id='line_1_22' title="bbox 491 3233 1900 3331; baseline 0.004 -27"><span class='ocrx_word' id='word_1_196' title='bbox 491 3233 605 3306; x_wconf 91' lang='lat' dir='ltr'><strong>dictus</strong></span> <span class='ocrx_word' id='word_1_197' title='bbox 628 3234 813 3328; x_wconf 86' lang='lat' dir='ltr'><strong>imperator</strong></span> <span class='ocrx_word' id='word_1_198' title='bbox 835 3247 970 3330; x_wconf 83' lang='lat' dir='ltr'><strong>pareret</strong></span> <span class='ocrx_word' id='word_1_199' title='bbox 994 3236 1134 3310; x_wconf 89' lang='lat' dir='ltr'><strong>arbitrio</strong></span> <span class='ocrx_word' id='word_1_200' title='bbox 1160 3246 1196 3310; x_wconf 92' lang='lat' dir='ltr'><strong>et</strong></span> <span class='ocrx_word' id='word_1_201' title='bbox 1218 3237 1368 3310; x_wconf 73' lang='lat' dir='ltr'><strong>societas</strong></span> <span class='ocrx_word' id='word_1_202' title='bbox 1387 3255 1457 3310; x_wconf 94' lang='lat' dir='ltr'><strong>nou</strong></span> <span class='ocrx_word' id='word_1_203' title='bbox 1478 3243 1625 3331; x_wconf 78' lang='lat' dir='ltr'><strong>pareret.</strong></span> <span class='ocrx_word' id='word_1_204' title='bbox 1643 3235 1679 3308; x_wconf 90' lang='lat' dir='ltr'><strong>Si</strong></span> <span class='ocrx_word' id='word_1_205' title='bbox 1694 3249 1808 3309; x_wconf 90' lang='lat' dir='ltr'><strong>antem</strong></span> <span class='ocrx_word' id='word_1_206' title='bbox 1829 3257 1900 3310; x_wconf 91' lang='lat' dir='ltr'><strong>uua</strong></span> 
     </span>
     <span class='ocr_line' id='line_1_23' title="bbox 491 3359 1901 3457; baseline 0.003 -27"><span class='ocrx_word' id='word_1_207' title='bbox 491 3359 611 3430; x_wconf 88' lang='lat' dir='ltr'><strong>civitas</strong></span> <span class='ocrx_word' id='word_1_208' title='bbox 627 3369 759 3431; x_wconf 88' lang='lat' dir='ltr'><strong>tantum</strong></span> <span class='ocrx_word' id='word_1_209' title='bbox 781 3360 837 3432; x_wconf 87' lang='lat' dir='ltr'><strong>vel</strong></span> <span class='ocrx_word' id='word_1_210' title='bbox 861 3362 976 3454; x_wconf 90' lang='lat' dir='ltr'><strong>plnres</strong></span> <span class='ocrx_word' id='word_1_211' title='bbox 990 3361 1130 3434; x_wconf 85' lang='lat' dir='ltr'><strong>arbitrio</strong></span> <span class='ocrx_word' id='word_1_212' title='bbox 1149 3383 1219 3435; x_wconf 92' lang='lat' dir='ltr'><strong>non</strong></span> <span class='ocrx_word' id='word_1_213' title='bbox 1245 3369 1419 3457; x_wconf 86' lang='lat' dir='ltr'><strong>parerent,</strong></span> <span class='ocrx_word' id='word_1_214' title='bbox 1446 3359 1506 3434; x_wconf 89' lang='lat' dir='ltr'><strong>illa</strong></span> <span class='ocrx_word' id='word_1_215' title='bbox 1530 3360 1587 3444; x_wconf 86' lang='lat' dir='ltr'><strong>vel</strong></span> <span class='ocrx_word' id='word_1_216' title='bbox 1608 3360 1666 3433; x_wconf 90' lang='lat' dir='ltr'><strong>ille</strong></span> <span class='ocrx_word' id='word_1_217' title='bbox 1681 3381 1751 3454; x_wconf 87' lang='lat' dir='ltr'><strong>que</strong></span> <span class='ocrx_word' id='word_1_218' title='bbox 1769 3370 1901 3434; x_wconf 87' lang='lat' dir='ltr'><strong>contra·</strong></span> 
     </span>
     <span class='ocr_line' id='line_1_24' title="bbox 491 3483 1900 3580; baseline 0.004 -26"><span class='ocrx_word' id='word_1_219' title='bbox 491 3485 641 3556; x_wconf 86' lang='lat' dir='ltr'><strong>lacerent</strong></span> <span class='ocrx_word' id='word_1_220' title='bbox 654 3493 714 3556; x_wconf 92' lang='lat' dir='ltr'><strong>aut</strong></span> <span class='ocrx_word' id='word_1_221' title='bbox 732 3483 890 3556; x_wconf 86' lang='lat' dir='ltr'><strong>venirent</strong></span> <span class='ocrx_word' id='word_1_222' title='bbox 911 3507 974 3580; x_wconf 94' lang='lat' dir='ltr'><strong>pro</strong></span> <span class='ocrx_word' id='word_1_223' title='bbox 997 3507 1062 3558; x_wconf 90' lang='lat' dir='ltr'><strong>sua</strong></span> <span class='ocrx_word' id='word_1_224' title='bbox 1077 3485 1232 3580; x_wconf 87' lang='lat' dir='ltr'><strong>portione</strong></span> <span class='ocrx_word' id='word_1_225' title='bbox 1252 3483 1492 3558; x_wconf 88' lang='lat' dir='ltr'><strong>tantummodo</strong></span> <span class='ocrx_word' id='word_1_226' title='bbox 1514 3493 1708 3560; x_wconf 68' lang='lat' dir='ltr'><strong>tenmntnr.</strong></span> <span class='ocrx_word' id='word_1_227' title='bbox 1722 3485 1800 3560; x_wconf 84' lang='lat' dir='ltr'><strong>Alie</strong></span> <span class='ocrx_word' id='word_1_228' title='bbox 1815 3507 1900 3560; x_wconf 79' lang='lat' dir='ltr'><strong>vero</strong></span> 
     </span>
     <span class='ocr_line' id='line_1_25' title="bbox 490 3609 1900 3706; baseline 0.004 -27"><span class='ocrx_word' id='word_1_229' title='bbox 490 3630 560 3702; x_wconf 89' lang='lat' dir='ltr'><strong>que</strong></span> <span class='ocrx_word' id='word_1_230' title='bbox 575 3615 750 3682; x_wconf 89' lang='lat' dir='ltr'><strong>servarent</strong></span> <span class='ocrx_word' id='word_1_231' title='bbox 762 3609 941 3680; x_wconf 90' lang='lat' dir='ltr'><strong>arbitrium</strong></span> <span class='ocrx_word' id='word_1_232' title='bbox 953 3609 1059 3682; x_wconf 89' lang='lat' dir='ltr'><strong>nichil</strong></span> <span class='ocrx_word' id='word_1_233' title='bbox 1072 3619 1210 3706; x_wconf 89' lang='lat' dir='ltr'><strong>propter</strong></span> <span class='ocrx_word' id='word_1_234' title='bbox 1221 3609 1287 3684; x_wconf 92' lang='lat' dir='ltr'><strong>boc</strong></span> <span class='ocrx_word' id='word_1_235' title='bbox 1301 3610 1415 3683; x_wconf 88' lang='lat' dir='ltr'><strong>oneris</strong></span> <span class='ocrx_word' id='word_1_236' title='bbox 1424 3611 1628 3684; x_wconf 85' lang='lat' dir='ltr'><strong>sustineant.</strong></span> <span class='ocrx_word' id='word_1_237' title='bbox 1645 3611 1747 3696; x_wconf 86' lang='lat' dir='ltr'><strong>Quod</strong></span> <span class='ocrx_word' id='word_1_238' title='bbox 1762 3611 1793 3684; x_wconf 86' lang='lat' dir='ltr'><strong>si</strong></span> <span class='ocrx_word' id='word_1_239' title='bbox 1806 3611 1900 3694; x_wconf 84' lang='lat' dir='ltr'><strong>idam</strong></span> 
     </span>
     <span class='ocr_line' id='line_1_26' title="bbox 489 3733 1896 3830; baseline 0.001 -24"><span class='ocrx_word' id='word_1_240' title='bbox 489 3734 673 3827; x_wconf 90' lang='lat' dir='ltr'><strong>imperator</strong></span> <span class='ocrx_word' id='word_1_241' title='bbox 698 3733 862 3808; x_wconf 90' lang='lat' dir='ltr'><strong>societate</strong></span> <span class='ocrx_word' id='word_1_242' title='bbox 887 3745 1026 3828; x_wconf 83' lang='lat' dir='ltr'><strong>parente</strong></span> <span class='ocrx_word' id='word_1_243' title='bbox 1050 3735 1192 3808; x_wconf 89' lang='lat' dir='ltr'><strong>arbitrio</strong></span> <span class='ocrx_word' id='word_1_244' title='bbox 1217 3757 1286 3808; x_wconf 94' lang='lat' dir='ltr'><strong>non</strong></span> <span class='ocrx_word' id='word_1_245' title='bbox 1308 3745 1443 3830; x_wconf 90' lang='lat' dir='ltr'><strong>pareret</strong></span> <span class='ocrx_word' id='word_1_246' title='bbox 1470 3747 1532 3808; x_wconf 92' lang='lat' dir='ltr'><strong>aut</strong></span> <span class='ocrx_word' id='word_1_247' title='bbox 1554 3747 1677 3816; x_wconf 85' lang='lat' dir='ltr'><strong>contra</strong></span> <span class='ocrx_word' id='word_1_248' title='bbox 1692 3737 1817 3812; x_wconf 83' lang='lat' dir='ltr'><strong>laceret</strong></span> <span class='ocrx_word' id='word_1_249' title='bbox 1843 3737 1896 3810; x_wconf 85' lang='lat' dir='ltr'><strong>vel</strong></span> 
     </span>
     <span class='ocr_line' id='line_1_27' title="bbox 489 3859 1898 3957; baseline 0.004 -29"><span class='ocrx_word' id='word_1_250' title='bbox 489 3859 641 3948; x_wconf 87' lang='lat' dir='ltr'><strong>veniret,</strong></span> <span class='ocrx_word' id='word_1_251' title='bbox 665 3859 822 3953; x_wconf 85' lang='lat' dir='ltr'><strong>promisit</strong></span> <span class='ocrx_word' id='word_1_252' title='bbox 844 3860 937 3932; x_wconf 92' lang='lat' dir='ltr'><strong>idem</strong></span> <span class='ocrx_word' id='word_1_253' title='bbox 960 3863 1124 3955; x_wconf 80' lang='lat' dir='ltr'><strong>magister</strong></span> <span class='ocrx_word' id='word_1_254' title='bbox 1146 3863 1364 3934; x_wconf 89' lang='lat' dir='ltr'><strong>Hermannns</strong></span> <span class='ocrx_word' id='word_1_255' title='bbox 1385 3862 1525 3934; x_wconf 90' lang='lat' dir='ltr'><strong>nominc</strong></span> <span class='ocrx_word' id='word_1_256' title='bbox 1545 3861 1759 3956; x_wconf 86' lang='lat' dir='ltr'><strong>imperatoris</strong></span> <span class='ocrx_word' id='word_1_257' title='bbox 1780 3869 1815 3934; x_wconf 90' lang='lat' dir='ltr'><strong>et</strong></span> <span class='ocrx_word' id='word_1_258' title='bbox 1838 3883 1898 3957; x_wconf 85' lang='lat' dir='ltr'><strong>pro</strong></span> 
     </span>
     <span class='ocr_line' id='line_1_28' title="bbox 489 3982 1898 4082; baseline 0.004 -28"><span class='ocrx_word' id='word_1_259' title='bbox 489 3982 565 4078; x_wconf 90' lang='lat' dir='ltr'><strong>ipso</strong></span> <span class='ocrx_word' id='word_1_260' title='bbox 590 3983 793 4078; x_wconf 89' lang='lat' dir='ltr'><strong>imperatore</strong></span> <span class='ocrx_word' id='word_1_261' title='bbox 816 3985 899 4080; x_wconf 89' lang='lat' dir='ltr'><strong>ipsis</strong></span> <span class='ocrx_word' id='word_1_262' title='bbox 919 3985 1040 4080; x_wconf 81' lang='lat' dir='ltr'><strong>legatis</strong></span> <span class='ocrx_word' id='word_1_263' title='bbox 1059 3997 1094 4058; x_wconf 90' lang='lat' dir='ltr'><strong>et</strong></span> <span class='ocrx_word' id='word_1_264' title='bbox 1119 3986 1266 4060; x_wconf 88' lang='lat' dir='ltr'><strong>adverse</strong></span> <span class='ocrx_word' id='word_1_265' title='bbox 1290 3986 1378 4080; x_wconf 90' lang='lat' dir='ltr'><strong>parti</strong></span> <span class='ocrx_word' id='word_1_266' title='bbox 1402 3987 1529 4060; x_wconf 88' lang='lat' dir='ltr'><strong>dictum</strong></span> <span class='ocrx_word' id='word_1_267' title='bbox 1553 4009 1678 4082; x_wconf 90' lang='lat' dir='ltr'><strong>penam</strong></span> <span class='ocrx_word' id='word_1_268' title='bbox 1701 3987 1835 4062; x_wconf 85' lang='lat' dir='ltr'><strong>solvere</strong></span> <span class='ocrx_word' id='word_1_269' title='bbox 1857 4009 1898 4061; x_wconf 85' lang='lat' dir='ltr'><strong>oc</strong></span> 
     </span>
     <span class='ocr_line' id='line_1_29' title="bbox 490 4109 1897 4206; baseline 0.005 -28"><span class='ocrx_word' id='word_1_270' title='bbox 490 4117 641 4202; x_wconf 88' lang='lat' dir='ltr'><strong>prestare</strong></span> <span class='ocrx_word' id='word_1_271' title='bbox 657 4109 744 4202; x_wconf 87' lang='lat' dir='ltr'><strong>parti</strong></span> <span class='ocrx_word' id='word_1_272' title='bbox 759 4109 929 4201; x_wconf 87' lang='lat' dir='ltr'><strong>servanti;</strong></span> <span class='ocrx_word' id='word_1_273' title='bbox 952 4131 1110 4206; x_wconf 86' lang='lat' dir='ltr'><strong>peneque</strong></span> <span class='ocrx_word' id='word_1_274' title='bbox 1129 4110 1310 4184; x_wconf 86' lang='lat' dir='ltr'><strong>commissa</strong></span> <span class='ocrx_word' id='word_1_275' title='bbox 1328 4121 1452 4186; x_wconf 83' lang='lat' dir='ltr'><strong>exacta</strong></span> <span class='ocrx_word' id='word_1_276' title='bbox 1469 4113 1581 4186; x_wconf 88' lang='lat' dir='ltr'><strong>soluta</strong></span> <span class='ocrx_word' id='word_1_277' title='bbox 1594 4112 1649 4186; x_wconf 83' lang='lat' dir='ltr'><strong>vel</strong></span> <span class='ocrx_word' id='word_1_278' title='bbox 1664 4135 1747 4202; x_wconf 86' lang='lat' dir='ltr'><strong>nou,</strong></span> <span class='ocrx_word' id='word_1_279' title='bbox 1763 4133 1897 4186; x_wconf 84' lang='lat' dir='ltr'><strong>servare</strong></span> 
     </span>
     <span class='ocr_line' id='line_1_30' title="bbox 489 4231 1895 4330; baseline 0.005 -28"><span class='ocrx_word' id='word_1_280' title='bbox 489 4231 668 4302; x_wconf 88' lang='lat' dir='ltr'><strong>arbitrium</strong></span> <span class='ocrx_word' id='word_1_281' title='bbox 688 4240 833 4326; x_wconf 89' lang='lat' dir='ltr'><strong>utraque</strong></span> <span class='ocrx_word' id='word_1_282' title='bbox 852 4255 932 4328; x_wconf 92' lang='lat' dir='ltr'><strong>pars</strong></span> <span class='ocrx_word' id='word_1_283' title='bbox 948 4233 1192 4308; x_wconf 89' lang='lat' dir='ltr'><strong>nichilominus</strong></span> <span class='ocrx_word' id='word_1_284' title='bbox 1206 4243 1375 4308; x_wconf 89' lang='lat' dir='ltr'><strong>teneatur.</strong></span> <span class='ocrx_word' id='word_1_285' title='bbox 1396 4237 1531 4312; x_wconf 89' lang='lat' dir='ltr'><strong>Possint</strong></span> <span class='ocrx_word' id='word_1_286' title='bbox 1548 4237 1652 4310; x_wconf 85' lang='lat' dir='ltr'><strong>ctiam</strong></span> <span class='ocrx_word' id='word_1_287' title='bbox 1670 4235 1776 4312; x_wconf 90' lang='lat' dir='ltr'><strong>iidem</strong></span> <span class='ocrx_word' id='word_1_288' title='bbox 1795 4238 1895 4330; x_wconf 83' lang='lat' dir='ltr'><strong>legati</strong></span> 
     </span>
     <span class='ocr_line' id='line_1_31' title="bbox 490 4355 1896 4458; baseline 0.005 -31"><span class='ocrx_word' id='word_1_289' title='bbox 490 4364 525 4427; x_wconf 88' lang='lat' dir='ltr'><strong>et</strong></span> <span class='ocrx_word' id='word_1_290' title='bbox 542 4355 694 4428; x_wconf 86' lang='lat' dir='ltr'><strong>Romana</strong></span> <span class='ocrx_word' id='word_1_291' title='bbox 718 4355 869 4430; x_wconf 83' lang='lat' dir='ltr'><strong>Ecclesia</strong></span> <span class='ocrx_word' id='word_1_292' title='bbox 894 4357 1026 4432; x_wconf 91' lang='lat' dir='ltr'><strong>dictum</strong></span> <span class='ocrx_word' id='word_1_293' title='bbox 1047 4359 1285 4454; x_wconf 85' lang='lat' dir='ltr'><strong>imperatorem</strong></span> <span class='ocrx_word' id='word_1_294' title='bbox 1306 4370 1341 4432; x_wconf 91' lang='lat' dir='ltr'><strong>st</strong></span> <span class='ocrx_word' id='word_1_295' title='bbox 1358 4360 1515 4436; x_wconf 83' lang='lat' dir='ltr'><strong>civitates</strong></span> <span class='ocrx_word' id='word_1_296' title='bbox 1539 4362 1634 4458; x_wconf 90' lang='lat' dir='ltr'><strong>ipsus</strong></span> <span class='ocrx_word' id='word_1_297' title='bbox 1648 4371 1685 4434; x_wconf 90' lang='lat' dir='ltr'><strong>st</strong></span> <span class='ocrx_word' id='word_1_298' title='bbox 1700 4362 1896 4436; x_wconf 84' lang='lat' dir='ltr'><strong>societatem</strong></span> 
     </span>
     <span class='ocr_line' id='line_1_32' title="bbox 488 4480 1916 4578; baseline 0.006 -28"><span class='ocrx_word' id='word_1_299' title='bbox 488 4499 744 4572; x_wconf 88' lang='lat' dir='ltr'><strong>percensuram</strong></span> <span class='ocrx_word' id='word_1_300' title='bbox 758 4480 1021 4556; x_wconf 86' lang='lat' dir='ltr'><strong>ecclesiasticam</strong></span> <span class='ocrx_word' id='word_1_301' title='bbox 1032 4483 1237 4578; x_wconf 89' lang='lat' dir='ltr'><strong>compellere</strong></span> <span class='ocrx_word' id='word_1_302' title='bbox 1247 4483 1293 4556; x_wconf 92' lang='lat' dir='ltr'><strong>ad</strong></span> <span class='ocrx_word' id='word_1_303' title='bbox 1307 4485 1420 4578; x_wconf 90' lang='lat' dir='ltr'><strong>ipsum</strong></span> <span class='ocrx_word' id='word_1_304' title='bbox 1432 4485 1612 4568; x_wconf 89' lang='lat' dir='ltr'><strong>arbitrium</strong></span> <span class='ocrx_word' id='word_1_305' title='bbox 1622 4483 1892 4574; x_wconf 80' lang='lat' dir='ltr'><strong>observandum,</strong></span> <span class='ocrx_word' id='word_1_306' title='bbox 1912 4545 1916 4560; x_wconf 90' lang='lat'><strong>.</strong></span> 
     </span>
     <span class='ocr_line' id='line_1_33' title="bbox 488 4602 1915 4700; baseline 0.008 -28"><span class='ocrx_word' id='word_1_307' title='bbox 488 4602 678 4696; x_wconf 88' lang='lat' dir='ltr'><strong>quotiensa</strong></span> <span class='ocrx_word' id='word_1_308' title='bbox 696 4613 791 4696; x_wconf 88' lang='lat' dir='ltr'><strong>parte</strong></span> <span class='ocrx_word' id='word_1_309' title='bbox 804 4604 860 4676; x_wconf 88' lang='lat' dir='ltr'><strong>vel</strong></span> <span class='ocrx_word' id='word_1_310' title='bbox 875 4627 893 4675; x_wconf 87' lang='lat' dir='ltr'><strong>a</strong></span> <span class='ocrx_word' id='word_1_311' title='bbox 912 4607 1066 4700; x_wconf 90' lang='lat' dir='ltr'><strong>partibus</strong></span> <span class='ocrx_word' id='word_1_312' title='bbox 1080 4608 1183 4680; x_wconf 83' lang='lat' dir='ltr'><strong>fuerit</strong></span> <span class='ocrx_word' id='word_1_313' title='bbox 1193 4609 1452 4681; x_wconf 80' lang='lat' dir='ltr'><strong>contrafactum.</strong></span> <span class='ocrx_word' id='word_1_314' title='bbox 1468 4609 1540 4684; x_wconf 84' lang='lat' dir='ltr'><strong>Hoc</strong></span> <span class='ocrx_word' id='word_1_315' title='bbox 1551 4621 1666 4682; x_wconf 69' lang='lat' dir='ltr'><strong>numm</strong></span> <span class='ocrx_word' id='word_1_316' title='bbox 1676 4609 1894 4682; x_wconf 90' lang='lat' dir='ltr'><strong>commissum</strong></span> <span class='ocrx_word' id='word_1_317' title='bbox 1911 4625 1915 4684; x_wconf 85' lang='grc'>;</span> 
     </span>
     <span class='ocr_line' id='line_1_34' title="bbox 489 4727 1898 4828; baseline 0.006 -30"><span class='ocrx_word' id='word_1_318' title='bbox 489 4735 522 4799; x_wconf 89' lang='lat' dir='ltr'><strong>et</strong></span> <span class='ocrx_word' id='word_1_319' title='bbox 540 4727 743 4823; x_wconf 90' lang='lat' dir='ltr'><strong>promissum</strong></span> <span class='ocrx_word' id='word_1_320' title='bbox 769 4740 970 4825; x_wconf 88' lang='lat' dir='ltr'><strong>receperunt</strong></span> <span class='ocrx_word' id='word_1_321' title='bbox 988 4730 1071 4806; x_wconf 91' lang='lat' dir='ltr'><strong>dicti</strong></span> <span class='ocrx_word' id='word_1_322' title='bbox 1097 4732 1201 4828; x_wconf 79' lang='lat' dir='ltr'><strong>legati</strong></span> <span class='ocrx_word' id='word_1_323' title='bbox 1226 4732 1365 4806; x_wconf 90' lang='lat' dir='ltr'><strong>nomine</strong></span> <span class='ocrx_word' id='word_1_324' title='bbox 1380 4755 1447 4806; x_wconf 82' lang='lat' dir='ltr'><strong>aun</strong></span> <span class='ocrx_word' id='word_1_325' title='bbox 1469 4743 1504 4808; x_wconf 90' lang='lat' dir='ltr'><strong>et</strong></span> <span class='ocrx_word' id='word_1_326' title='bbox 1520 4743 1638 4808; x_wconf 90' lang='lat' dir='ltr'><strong>sancta</strong></span> <span class='ocrx_word' id='word_1_327' title='bbox 1655 4735 1807 4808; x_wconf 85' lang='lat' dir='ltr'><strong>Romano</strong></span> <span class='ocrx_word' id='word_1_328' title='bbox 1827 4734 1898 4807; x_wconf 80' lang='lat' dir='ltr'><strong>lic-</strong></span> 
     </span>
    </p>
   </div>
   <div class='ocr_carea' id='block_1_3' title="bbox 0 0 2184 5908">
    <p class='ocr_par' dir='ltr' id='par_1_3' title="bbox 0 0 2184 5908">
     <span class='ocr_line' id='line_1_35' title="bbox 0 0 2184 5908; baseline 0 2"><span class='ocrx_word' id='word_1_329' title='bbox 0 0 2184 5908; x_wconf 95' lang='lat' dir='ltr'><strong> </strong></span> 
     </span>
    </p>
   </div>
  </div>
 </body>
</html>
