4320 5918
224 549 320 652 reme.
338 589 382 669 a]
672 592 869 657 nrsronra
893 589 1185 654 nrrnouaurca

436 891 543 906 m

278 1165 509 1274 blidericus,
530 1167 790 1253 Romanorum
816 1166 1036 1278 imperator,
1055 1167 1259 1279 Ugolinum
1285 1167 1334 1252 de
1362 1167 1526 1252 Cortona
1549 1192 1632 1277 pu·
1659 1181 1841 1290 *mg-pn

223 1296 368 1382 blicum
385 1297 628 1384 tabellionem
645 1300 794 1411 imperii
811 1301 1019 1386 constituit.
1685 1291 1811 1346 cremus.

306 1516 402 1595 (edla
427 1519 460 1578 ln
481 1519 568 1594 eplst.
595 1517 702 1580 Franc.
731 1519 885 1592 nonunt,
907 1535 956 1597 ap.
981 1516 1099 1580 Arellio.
1118 1525 1188 1580 rur.
1213 1517 1346 1592 Italian„
1373 1520 1500 1598 append.
1524 1529 1557 1581 n⁰
1583 1530 1633 1596 12,

342 1639 373 1700 p.
390 1632 460 1698 tos,
481 1641 520 1685 ex
543 1627 643 1704 reglst.
658 1628 751 1687 usterl
776 1626 837 1688 lere
860 1631 1017 1688 montaneo
1038 1627 1146 1688 notul
1166 1627 1323 1690 Crmcentll
1336 1629 1368 1687 ln
1387 1627 1508 1688 archlvo
1520 1643 1630 1690 comm.

343 1730 510 1810 Corton.,l.
527 1739 565 1794 95
580 1729 688 1811 uerso)

273 1916 486 2008 Fridericns,
509 1919 572 1992 Dei
589 1918 699 2014 gretia
715 1919 946 1990 llomanomm
969 1917 1152 2012 imperator
1171 1939 1305 2014 semper
1322 1921 1507 2014 augustus,
1528 1921 1632 1992 Jeru-

226 2042 331 2114 salem
346 2053 381 2116 et
398 2044 511 2118 Sicilie
532 2065 609 2118 rex.
633 2043 698 2116 Per
718 2063 860 2138 presens
877 2042 1043 2138 scriptum
1065 2051 1184 2116 notum
1205 2043 1350 2116 iacimus
1368 2043 1541 2116 universis
1559 2043 1633 2114 im-

225 2165 314 2264 perii
340 2165 501 2241 fidelibus
525 2177 594 2242 um
620 2166 837 2264 presentibus
863 2188 967 2261 qnam
993 2168 1118 2239 lutaris
1142 2166 1240 2262 quod
1263 2189 1326 2240 nos
1348 2165 1561 2241 confidentes
1587 2167 1633 2242 de

225 2290 409 2386 prudentia
431 2300 465 2366 et
483 2293 656 2388 legalitate
673 2292 812 2388 Ugolini
837 2291 884 2366 de
905 2290 1066 2383 Cortona,
1086 2289 1200 2365 fidelis
1222 2292 1347 2380 nostri,
1370 2301 1508 2388 recepto
1529 2293 1574 2365 ab
1589 2313 1633 2365 eo

221 2415 323 2508 juxta
350 2415 636 2490 consuetudinem
664 2413 839 2489 fidelitatis
863 2425 899 2489 ct
919 2415 1023 2490 officii
1046 2417 1261 2508 juramento,
1286 2417 1526 2490 constituimus
1550 2437 1631 2490 enm

225 2540 403 2638 publicum
428 2539 647 2614 tabellionem
675 2539 812 2636 imperii
845 2551 884 2612 ut
908 2539 1032 2614 amodo
1060 2540 1189 2636 publici
1218 2541 1456 2614 tabellionatus
1479 2542 1630 2615 officium

225 2661 355 2762 ubique
374 2685 435 2762 per
453 2665 634 2760 imperium
652 2664 699 2739 ad
717 2663 882 2736 honorem
901 2673 936 2737 et
954 2662 1153 2738 fidelitatem
1171 2673 1320 2738 nostram
1340 2664 1465 2738 debeat
1485 2665 1632 2740 fideliter

224 2810 399 2864 exercere.
425 2788 594 2874 Quocirca
613 2788 829 2864 universitati
850 2797 964 2862 vestre
987 2787 1210 2886 precipiendo
1232 2787 1437 2862 mandamus
1461 2801 1633 2886 quatenus

226 2913 380 3010 predicto
409 2913 555 3010 Ugolino
580 2915 614 2986 in
632 2913 699 2986 hiis
720 2935 789 3008 que
813 2912 859 2986 ad
882 2911 1038 3006 ejusdem
1061 2911 1190 3008 publici
1217 2911 1457 2988 tabellionatus
1479 2915 1632 2987 officium

225 3047 381 3134 spectare
403 3046 605 3130 noscuntur,
626 3035 813 3110 intendatis
840 3036 886 3112 de
914 3047 1026 3110 cetero
1052 3045 1215 3132 tanquam
1243 3035 1383 3132 publico
1409 3038 1582 3112 tabellioni
1612 3061 1632 3112 s

224 3164 402 3256 majestate
420 3175 536 3236 nostra
553 3171 680 3236 statuto
697 3161 745 3236 ad
763 3161 929 3236 bonorem
947 3169 981 3234 et
999 3158 1198 3234 fidelitatem
1217 3169 1387 3254 nostram;
1404 3173 1439 3236 et
1456 3163 1572 3236 nullus
1589 3165 1634 3238 sit

223 3287 285 3382 qni
301 3308 381 3360 eum
400 3309 505 3384 super
522 3287 645 3362 eodem
674 3287 789 3362 officio
818 3285 948 3384 publici
973 3284 1212 3360 tabellionatus
1234 3295 1363 3361 temere
1386 3287 1555 3384 impedire
1576 3291 1632 3362 vel

224 3411 425 3507 perturbare
446 3422 634 3507 presumat.
657 3410 758 3498 Quod
776 3411 838 3506 qui
853 3409 1100 3506 presumpserit
1123 3409 1395 3504 indignationem
1421 3425 1572 3488 nostram
1595 3436 1633 3488 se

223 3536 358 3610 noverit
384 3537 618 3610 incursurum.
642 3535 699 3609 Ad
719 3535 825 3629 hujus
850 3544 966 3608 autem
993 3535 1042 3607 rei
1063 3535 1264 3608 memoriam
1287 3547 1322 3609 ct
1341 3537 1498 3612 stabilem
1521 3539 1632 3613 lirmi·

224 3669 344 3750 tatem
365 3683 507 3758 presens
528 3661 692 3758 scriptum
717 3658 789 3733 lieri
811 3669 846 3734 et
865 3659 1052 3752 maJestatis
1079 3669 1193 3734 nostre
1212 3661 1325 3755 sigillo
1341 3662 1509 3754 jussimus
1530 3686 1631 3738 com-

223 3784 362 3856 muniri.

272 3909 395 3982 Datum
414 3907 510 4006 apnd
525 3909 877 4000 Montemssasconem,
897 3931 989 3984 anno
1005 3909 1177 3984 dominice
1190 3911 1433 3984 incarnationis
1451 3911 1630 3986 millesimo

225 4033 459 4108 ducentesimo
480 4035 655 4129 trigesimo
676 4044 816 4130 quarto,
834 4057 953 4109 mense
971 4035 1193 4131 septembris,
1210 4045 1332 4108 octove
1353 4033 1578 4128 indictionis(
1601 4037 1626 4130 ).

258 4345 294 4418 (l)
311 4346 410 4404 llrtam
421 4343 448 4402 in
462 4343 556 4403 eodem
570 4345 691 4419 registro
703 4345 749 4404 iol.
759 4349 793 4404 98
806 4351 891 4418 recto,
901 4345 1005 4404 litterae
1017 4345 1137 4419 ejusdem
1150 4343 1320 4417 imperaturis
1331 4349 1358 4401 et
1369 4343 1489 4417 ejusdem
1501 4343 1630 4402 lormulae

222 4455 271 4515 pro
283 4441 447 4501 Bonaimcta
471 4442 526 4500 lllio
547 4442 731 4516 limerighetti
751 4443 786 4500 de
803 4442 933 4514 Conona,
950 4441 1036 4500 editae
1054 4457 1116 4498 cnm
1135 4440 1179 4498 his
1198 4441 1269 4498 nods
1284 4439 1494 4514 chronologicis:
1506 4443 1628 4498 «batum

220 4538 291 4612 apud
299 4540 417 4598 llontem
431 4539 601 4606 Frasoonem,
610 4555 682 4596 anno
693 4539 825 4598 dominice
838 4539 1028 4598 incarnationis
1039 4537 1245 4610 llOEXXXIffl,
1255 4553 1348 4596 mense
1358 4537 1518 4609 decembris,
1527 4538 1575 4598 Vll
1587 4539 1627 4595 in·

219 4635 352 4695 dictionis.
370 4655 383 4691 ι
398 4637 474 4707 Quae
485 4645 565 4696 notae
582 4639 727 4696 mendosas
740 4645 818 4710 sunt,
831 4654 894 4696 cum
907 4653 993 4696 annus
1007 4635 1194 4696 incarnationis
1215 4643 1243 4694 st
1264 4637 1373 4696 indictio
1385 4652 1439 4696 non
1451 4635 1625 4706 concordent,

220 4741 248 4790 st
266 4734 375 4809 insuper
387 4736 537 4794 ledonens
552 4736 579 4793 lu
594 4735 730 4796 decembri
745 4738 815 4794 4234
828 4737 897 4794 intra
915 4735 982 4794 lines
993 4735 1104 4810 Apuliae
1116 4741 1274 4808 moraretur,
1288 4741 1318 4792 ut
1333 4750 1395 4794 mox
1409 4733 1550 4794 videndum
1565 4733 1625 4790 erit.

300 4835 354 4898 lv.
1430 4842 1466 4895 ot
