4308 5910
480 565 521 632 co
1013 563 1391 644 ccusrrrurrours

487 703 599 776 omnis
617 703 662 775 ab
687 703 756 776 hoc
776 704 864 776 ratio
884 704 1045 798 equitatis
1067 703 1227 777 abhorret
1244 713 1283 776 nt
1304 713 1443 802 prepter
1456 704 1604 798 alicujus
1619 704 1810 780 absentiam
1827 728 1896 801 que

485 827 549 900 Dei
568 825 673 901 debet
689 827 813 922 repleri
834 829 1027 924 presentia,
1051 825 1169 918 [firma
1184 828 1336 918 justitia]
1356 829 1412 902 vel
1435 827 1472 900 in
1490 827 1545 900 sni
1560 827 1789 924 perpetuitate
1811 827 1895 902 defi·

487 951 554 1024 ciat
570 951 627 1024 vel
646 951 682 1022 in
697 952 889 1026 constantia
904 952 1067 1026 varietur.
1088 951 1243 1026 Predictc
1258 951 1363 1046 igitur
1375 961 1527 1048 tempore
1540 950 1691 1025 Francus
1706 961 1895 1026 contumax

486 1096 556 1148 nun
574 1083 613 1146 ut
628 1075 710 1148 clim
726 1097 865 1150 causam
878 1077 1024 1169 amittat,
1041 1075 1103 1150 scd
1116 1077 1220 1168 juxta
1235 1098 1347 1172 nuper
1360 1075 1489 1150 editam
1506 1075 1614 1150 nostri
1629 1075 1779 1150 nominis
1791 1096 1896 1149 sanc-

485 1199 634 1291 tionem,
650 1200 706 1272 vel
727 1201 983 1296 possessionem
1009 1210 1044 1274 et
1061 1200 1341 1275 vendicationem
1365 1201 1534 1275 bonorum
1548 1209 1609 1274 aut
1627 1209 1792 1298 perpetue
1817 1221 1895 1296 pos·

485 1325 647 1398 sessionis
670 1328 843 1419 jacturam
869 1327 925 1399 vel
954 1327 1163 1401 decisionem
1194 1327 1394 1424 principalis
1414 1349 1535 1418 cause,
1559 1325 1712 1402 remedio
1740 1329 1895 1423 appella-

485 1448 587 1522 tionis
605 1451 760 1544 excluso,
781 1452 973 1525 secundum
988 1453 1049 1544 jus
1066 1461 1101 1524 et
1113 1451 1280 1544 justitiam
1300 1452 1464 1548 patiatur.

910 1761 1114 1837 TITULUS
1138 1761 1274 1834 XVlll.
1303 1765 1353 1834 lli
1378 1759 1468 1858 (lb).

515 1941 563 2011 lle
581 1939 794 2013 dilationibus
818 1952 849 2012 et
866 1941 1109 2036 conceptionibus
1130 1939 1309 2034 injudicio
1329 1939 1580 2036 precedentibus
1598 1939 1781 2012 &Mandis
1799 1936 1860 2033 (a).

1025 2153 1117 2204 rnna
1146 2154 1349 2204 auuusrns.

531 2321 720 2395 Dilationes
738 2323 774 2394 in
791 2323 937 2418 judiciis
954 2324 1121 2398 hactenus
1142 2324 1360 2412 observatas,
1388 2345 1458 2420 que
1482 2344 1552 2397 non
1571 2331 1703 2394 tantum
1714 2322 1794 2416 jura
1810 2343 1895 2394 nos-

482 2455 615 2517 trorum
634 2443 789 2519 fidelium
806 2447 1026 2536 differebant,
1048 2471 1170 2521 verum
1194 2447 1298 2520 etiam
1323 2447 1554 2544 perimebant,
1576 2445 1752 2546 precidere
1771 2445 1894 2542 dispo-

481 2578 615 2664 nentes,
632 2571 858 2669 precipimus,
876 2585 1025 2669 ntraque
1042 2581 1141 2670 parte
1156 2581 1328 2670 presente,
1345 2592 1556 2668 quocunqne
1569 2571 1648 2666 jure
1661 2579 1796 2666 agatur,
1819 2570 1894 2644 sive

479 2693 583 2767 etiam
601 2695 680 2790 quis
698 2697 918 2772 criminaliter
933 2699 1081 2796 [privato
1098 2707 1159 2770 ant
1177 2697 1333 2794 publico]
1350 2696 1484 2791 judicio
1501 2705 1682 2770 accusetur
1696 2693 1759 2792 (b),
1781 2695 1894 2767 statim

480 2819 594 2893 oblato
613 2820 729 2894 libello
748 2845 853 2918 quem
875 2825 912 2896 in
931 2822 1076 2918 judiciis
1096 2823 1258 2897 omnibus
1283 2821 1396 2896 offerri
1422 2823 1605 2914 volumus,
1627 2831 1728 2918 prout
1751 2819 1894 2894 actionis

479 2945 627 3040 qualitas
642 2947 699 3020 vel
718 2948 948 3022 accusationis
961 2951 1070 3022 lorma
1085 2947 1253 3045 deposcit,
1270 2949 1337 3020 nisi
1354 2970 1459 3022 causa
1472 2948 1576 3022 valde
1593 2947 1637 3019 sit
1653 2943 1790 3019 modica
1806 2945 1894 3018 inira

481 3069 569 3144 duos
582 3073 781 3166 augustales
797 3074 945 3167 scilicet,
968 3079 1053 3170 [que
1066 3074 1182 3170 ipsum
1195 3095 1264 3147 non
1279 3073 1453 3147 desiderat
1466 3070 1711 3164 offerendumJ,
1725 3069 1796 3142 litis
1810 3091 1891 3143 con·

481 3195 695 3270 testationem
723 3219 793 3292 que
818 3198 853 3270 in
882 3198 1129 3294 principalibus
1155 3197 1308 3293 personis
1338 3219 1400 3294 per
1425 3197 1642 3292 negationem
1672 3195 1728 3268 vel
1759 3194 1891 3268 confes·

481 3319 631 3412 sionem,
650 3320 686 3392 in
703 3322 984 3417 procuratoribus
1000 3331 1034 3395 et
1048 3321 1288 3395 defensoribus
1301 3321 1445 3396 aliorum
1464 3343 1525 3418 per
1538 3319 1732 3417 ignorantie
1746 3319 1891 3392 verbum

481 3441 557 3516 lieri
576 3451 699 3540 potest,
720 3445 820 3540 sequi
835 3445 962 3520 debere
982 3472 991 3518 ε
1011 3455 1050 3518 ut
1067 3454 1180 3519 tamma
1199 3445 1235 3518 in
1252 3446 1368 3520 causis
1381 3445 1544 3518 civilibus
1556 3467 1626 3541 que
1641 3466 1755 3518 coram
1769 3443 1892 3536 bajulis

481 3567 537 3640 vel
555 3567 708 3642 locorum
723 3567 875 3642 dominis
890 3577 1057 3666 aguntur,
1075 3567 1206 3664 [pridie
1214 3571 1333 3660 antea]
1354 3570 1490 3644 iuturus
1504 3591 1584 3644 reus
1596 3569 1691 3642 citari
1708 3567 1845 3660 debeat,
1859 3579 1893 3639 et

481 3693 517 3766 in
534 3693 608 3789 ipsa
627 3693 789 3766 citatione
800 3694 1018 3768 contineatur
1031 3695 1223 3790 expressim
1237 3716 1258 3766 a
1272 3715 1343 3788 quc
1357 3703 1391 3766 et
1407 3693 1452 3768 de
1469 3716 1539 3788 qna
1553 3716 1589 3768 re
1602 3703 1637 3768 et
1650 3693 1694 3768 de
1707 3691 1893 3788 quostiam

480 3815 702 3913 impetitionis
729 3836 856 3908 genere
880 3819 1077 3916 impetatur,
1104 3819 1172 3891 nisi
1194 3817 1353 3892 dilatoria
1375 3830 1575 3914 competens
1600 3817 1758 3914 exceptio
1786 3837 1893 3912 oppo-

481 3949 602 4030 natur;
628 3939 878 4015 deliberatoriis
901 3953 1017 4016 tamen
1047 3941 1190 4037 judiciis
1218 3944 1360 4017 omnino
1386 3943 1551 4035 sublatis,
1578 3941 1641 4015 sed
1669 3939 1894 4014 incontinenti

481 4062 619 4157 gaudiis
636 4063 728 4138 datis
746 4065 782 4138 in
796 4065 960 4142 civilibus
976 4067 1139 4160 judiciis,
1156 4076 1195 4140 nt
1206 4079 1259 4141 est
1269 4067 1374 4162 juris,
1396 4067 1591 4141 declaretur
1608 4065 1652 4163 (c)
1673 4069 1727 4156 [et
1743 4064 1895 4158 fidejus-

481 4187 632 4276 soribus]
654 4197 730 4283 post
747 4189 901 4264 triduum
927 4191 1125 4287 [prestitis];
1148 4193 1216 4265 nisi
1234 4203 1426 4266 conventus
1442 4211 1617 4289 possessor
1633 4211 1748 4263 rerum
1772 4191 1893 4262 irnmo·

521 4389 565 4472 (a)
588 4391 699 4455 Graece
714 4411 722 4455 ε
737 4394 798 4456 Pro
811 4413 871 4476 qua
878 4397 1020 4476 peccans
1032 4397 1198 4478 quantiam
1212 4391 1325 4458 wilm
1336 4411 1396 4458 noc
1406 4391 1475 4458 aas
1486 4391 1597 4458 dont.
1614 4391 1686 4456 cod.
1702 4401 1780 4455 tent
1794 4393 1821 4456 Α
1834 4393 1894 4454 :oe

481 4494 571 4558 libelli
582 4495 723 4562 oblatione
735 4501 870 4583 cisoa-ma
882 4500 1044 4567 oblouoob.

520 4603 562 4686 (d)
584 4607 1600 4694 Ingraecottiueqttisciciliterecloiminaliterjttdleicaccatetcr.

522 4710 560 4792 (c)
586 4713 651 4776 llos
664 4715 787 4778 verbum
801 4717 940 4780 addimus
952 4735 990 4780 ex
1004 4719 1070 4780 cod.
1083 4727 1181 4796 46253
1197 4718 1321 4782 lorslmn
1334 4715 1518 4781 deliberetur.
1534 4717 1644 4781 Graece
1656 4713 1864 4792 ἀπολογηθῆναι.
