4308 5910
764 597 893 660 about
920 595 1105 658 stultiut.

732 891 933 965 TlTULUS
965 889 1079 983 LIX(
1108 889 1133 980 l.

789 1068 1077 1140 sseuooumilitiu.

768 1269 845 1318 unx
873 1267 1094 1318 noennrus.

278 1427 404 1500 Divino
430 1427 563 1519 justitie
594 1428 844 1500 consentientes
870 1425 1050 1522 probanda
1079 1425 1265 1520 probamus
1290 1431 1324 1493 et
1354 1419 1524 1493 contraria
1549 1419 1641 1490 relu-

233 1563 345 1624 temus
364 1577 373 1622 :
395 1551 485 1623 sicut
505 1551 598 1624 euim
621 1552 817 1623 nullatenus
835 1549 1066 1646 exasperandi
1093 1559 1174 1620 sunt
1196 1547 1297 1634 boui,
1316 1547 1364 1618 ita
1384 1543 1553 1617 beneficio
1573 1565 1641 1615 nou

233 1684 313 1749 suut
330 1674 472 1748 lovendi
490 1675 585 1748 mali.
611 1673 793 1748 Sancimus
812 1674 929 1768 itaquo
949 1685 984 1747 et
1004 1673 1072 1746 tale
1093 1671 1317 1768 proponimus
1334 1667 1485 1742 edictum
1507 1676 1546 1739 ut
1562 1667 1642 1762 qui·

234 1821 382 1894 cumque
406 1820 532 1872 novam
555 1797 710 1871 militiam
733 1797 902 1892 acceperit
923 1797 997 1870 sive
1017 1816 1237 1892 quocumque
1265 1805 1416 1888 tempore
1438 1791 1641 1887 arripuerit,

236 1933 351 1996 contra
378 1925 475 2017 regni
504 1923 611 1996 nostri
636 1922 907 2011 beatitudiuem,
936 1943 1054 2017 punem
1081 1930 1186 2015 atque
1209 1919 1453 2012 integritatem,
1479 1939 1500 1989 a
1526 1915 1645 1988 militie

238 2047 376 2121 nomine
400 2057 434 2122 et
455 2047 664 2144 professione
690 2049 827 2143 penitus
852 2047 1006 2136 decidat,
1024 2045 1090 2119 nisi
1116 2048 1203 2118 lorte
1225 2066 1246 2118 a
1271 2043 1409 2116 militari
1434 2062 1561 2134 genere
1584 2062 1645 2136 per

236 2172 488 2245 successionem
505 2171 608 2244 duxit
620 2173 827 2268 prosapiam.
848 2171 1013 2266 Idemque
1032 2171 1215 2242 statuimus
1230 2168 1275 2242 de
1290 2166 1511 2242 sortientibus
1529 2165 1646 2258 cujus·

238 2317 386 2392 cumque
410 2297 629 2390 professionis
650 2296 825 2384 ordinem,
847 2306 887 2368 ut
905 2305 986 2390 pute
1007 2297 1035 2368 si
1056 2294 1292 2368 auctoritatem
1314 2291 1441 2386 judicis
1462 2290 1648 2364 obtinuerit

241 2423 313 2494 sive
328 2420 450 2494 notarii
465 2421 630 2510 officium,
649 2422 840 2515 ceterisque
852 2419 1036 2495 similibus.

645 2705 849 2778 rrrunus
874 2705 948 2776 tx.
977 2707 1046 2777 ue
1077 2705 1149 2798 (au
1175 2705 1240 2798 la).

550 2881 599 2956 ue
622 2883 742 2955 bonore
765 2883 923 2974 rnilitum,
938 2885 1064 2978 judicis
1081 2898 1111 2956 et
1132 2885 1255 2956 notorii
1277 2882 1338 2978 (c).

703 3083 922 3132 ruruutrott
953 3083 1195 3134 obsatulent.

289 3235 535 3310 Constitutione
552 3237 699 3332 presenti
718 3238 754 3308 iu
772 3247 948 3332 posterum
968 3239 1117 3312 valitura
1135 3241 1308 3312 sancimus
1327 3247 1366 3310 nt
1383 3237 1509 3312 amodo
1524 3238 1570 3312 ad
1589 3238 1653 3309 mi-

242 3359 373 3433 litarem
393 3359 558 3434 honorem
574 3363 690 3434 nullus
704 3361 846 3435 accedat
860 3364 920 3457 qui
940 3363 1068 3436 nonsit
1085 3363 1270 3458 degenere
1288 3363 1447 3453 militum,
1468 3363 1542 3436 sine
1556 3385 1653 3435 man·

241 3485 434 3558 suetudinis
453 3485 502 3581 (b)
521 3497 636 3560 nostre
656 3486 795 3581 speciali
814 3487 953 3559 licentia
970 3497 1004 3560 et
1024 3487 1187 3562 mandato
1205 3487 1276 3586 (3);
1298 3483 1465 3562 militibus
1487 3489 1547 3584 qui
1570 3488 1653 3562 hac-

283 3659 325 3740 (u)
346 3660 457 3722 Graece
472 3677 480 3720 ε
495 3659 753 3740 ΒεηοηῙασίιηᾱο
765 3658 1205 3744 millthot‘uourr'tdcpenrrc
1217 3659 1353 3725 utilitum

281 3764 324 3846 (b)
345 3768 404 3845 Ap.
419 3769 499 3830 illoc.
515 3769 552 3830 de
565 3771 594 3831 S.
613 3772 713 3832 Germ.
728 3765 916 3832 rotundatu.

321 3951 356 3958 --.
377 3953 402 3957 ---
412 3953 415 3957 ·
427 3953 743 3963 ------—--—------u·--
770 3955 976 3964 ..u-w·-

279 4055 314 4129 ll)
333 4057 405 4114 Licet
418 4058 445 4115 in
457 4060 548 4118 codiee
561 4075 657 4134 graeco
675 4063 719 4120 bio
734 4063 824 4119 titulus
841 4063 1016 4136 desideretur,
1033 4079 1118 4138 mum
1132 4065 1202 4123 adsit
1218 4065 1245 4122 in
1260 4066 1351 4124 codiee
1371 4066 1453 4125 latino
1473 4069 1544 4126 toas
1559 4075 1587 4127 et
1600 4070 1655 4142 regi

244 4153 355 4227 lingerio
365 4155 505 4228 aptissime
518 4157 660 4228 tribuatur,
674 4159 781 4216 eumad
794 4175 874 4218 suum
887 4160 975 4218 locum
986 4161 1153 4220 extribemus.

280 4250 316 4323 lt)
336 4252 385 4310 llic
397 4253 489 4312 titrrlus
501 4254 578 4314 adest
590 4257 660 4314 inter
673 4257 734 4315 illos
746 4274 814 4331 quos
825 4260 961 4334 excerpsit
972 4259 1117 4318 Riocsrdus
1126 4261 1161 4320 de
1171 4261 1200 4318 S.
1212 4260 1347 4320 Germano
1357 4264 1655 4338 apormumcnss.

245 4347 280 4404 ud
292 4348 358 4406 lutet.
373 4352 492 4423 cantu,
507 4359 527 4410 t.
538 4353 581 4425 tv,
596 4371 622 4427 p.
638 4356 698 4411 tol.

282 4447 317 4519 (al
336 4447 466 4506 Addimus
476 4449 589 4508 verbum
603 4452 717 4526 mentali
728 4469 761 4510 ex
776 4453 836 4510 cod.
849 4455 928 4510 4625.
942 4453 1079 4513 dommus
1090 4463 1179 4515 autern
1194 4457 1338 4531 epeoiulem
1350 4459 1494 4531 qnamdam
1511 4460 1657 4534 dispeusa-

248 4543 324 4602 tionis
334 4543 476 4602 lormulem
490 4561 534 4621 ap.
545 4550 620 4606 Patr.
630 4549 661 4607 de
680 4551 772 4607 Victis
784 4550 887 4624 Epist,
897 4549 941 4606 lib.
956 4553 1002 4624 Vl,
1012 4566 1041 4609 n·
1055 4553 1099 4625 l'l,
1110 4561 1141 4611 ut
1149 4555 1289 4629 seqnitur:
1302 4576 1315 4610 r
1326 4555 1486 4626 Friderions,
1495 4561 1546 4613 etc.
1556 4558 1656 4615 Notum

249 4641 390 4700 alacimus
412 4645 559 4715 universis,
573 4648 644 4718 qnod
655 4649 687 4704 Α.
702 4649 736 4704 de
748 4649 782 4706 N.
794 4648 925 4721 majestati
941 4655 1032 4707 nostre
1050 4650 1186 4708 humiliter
1202 4653 1374 4727 supplicarit,
1391 4661 1422 4710 ut
1439 4669 1501 4711 cum
1518 4655 1582 4712 velit
1602 4655 1658 4714 lieri

251 4757 263 4789 r
278 4739 368 4812 miles,
383 4747 410 4797 et
421 4748 499 4814 pater
512 4759 577 4801 snus
589 4743 666 4802 miles
678 4761 731 4803 non
743 4752 829 4815 esset,
840 4744 890 4802 sibi
903 4746 999 4804 exinde
1013 4747 1101 4823 largiri
1115 4748 1248 4808 licentiam
1259 4750 1439 4823 dignaremur.
1451 4753 1507 4810 Nos
1518 4757 1617 4823 autern,
1629 4759 1660 4809 ut
