4360 5908
201 605 300 666 lucion
317 604 362 680 5.]
651 593 849 656 HISTORIA
876 590 1170 654 ulrtottallclt.
1558 579 1619 640 335

205 739 282 812 vioe
300 735 431 810 domini
448 731 579 808 siffridi
593 731 787 826 Maguntini
803 729 1054 826 archicpiscopi
1067 736 1102 800 et
1119 725 1231 799 tocius
1245 719 1428 794 Germania
1443 715 1619 791 archican-

204 863 352 954 cellarii,
371 857 585 954 τωοοςιιονᾰ.Ι
647 896 649 904 -

215 1043 218 1050 «
254 987 339 1062 Acta
357 995 440 1060 snut
456 985 523 1058 hac
538 1004 631 1058 anno
650 980 822 1056 dominico
837 977 1083 1054 incarnationis
1099 973 1280 1050 millesimo
1298 967 1535 1046 ducentesimo
1555 965 1619 1036 tri·

206 1109 516 1204 oesimoeecundo,
529 1127 649 1181 menso
658 1106 759 1198 maii,
777 1105 899 1200 quinte
911 1101 1128 1193 indiccionis,
1144 1093 1333 1196 imperante
1347 1093 1488 1169 domino
1503 1100 1619 1164 nostro

208 1237 262 1310 Fr.
282 1235 437 1310 secundo
457 1233 520 1306 Dei
542 1231 651 1326 gratia
671 1230 898 1303 invictissimo
919 1230 1149 1301 Romanorum
1171 1226 1377 1320 imperatore
1398 1239 1534 1313 sempor
1556 1237 1619 1288 au·

210 1371 328 1457 gusto,
347 1359 538 1434 Ierusalem
552 1366 587 1430 et
607 1357 722 1429 Sicilie
741 1357 843 1451 rc'ge;
867 1375 958 1427 anno
975 1354 1119 1428 Romani
1144 1349 1280 1447 imperii
1300 1349 1374 1441 ejus
1392 1344 1618 1431 duodecimo,

210 1488 307 1582 regni
321 1485 510 1560 Jerusalem
526 1482 674 1578 septimo
693 1491 727 1553 et
741 1481 839 1576 regni
854 1479 969 1552 Sicilie
981 1479 1151 1551 tricesimo
1168 1484 1309 1572 quarto,
1330 1473 1484 1546 feliciter.
1499 1468 1621 1541 Amen.

259 1613 386 1685 Datum
403 1617 486 1706 aput
504 1607 699 1681 Sibidatum
715 1605 752 1678 in
765 1605 853 1679 Foro
865 1603 1021 1701 lulii(o),
1037 1624 1142 1694 anno,
1162 1622 1280 1675 mense
1294 1607 1328 1674 ct
1346 1595 1533 1670 indictione
1546 1615 1624 1691 prc-

210 1736 361 1833 scriptis.

458 2029 1125 2048 mama-..nonno-
1132 2029 1174 2038 tau
1179 2026 1262 2038 cuo-u
1268 2027 1316 2037 ιιι-ι.
1323 2027 1348 2036 n-
1360 2025 1379 2036 ιι

270 2293 509 2402 Fn'dericus,
537 2293 799 2378 Romanorum
829 2291 1059 2404 imperator,
1087 2291 1138 2375 ed
1168 2289 1452 2402 requisitionem
1480 2290 1631 2376 Henrici
1656 2286 1835 2392 ppffltppp

216 2427 509 2513 Wormatiensis
529 2427 714 2538 episcopi,
732 2427 833 2511 cives
850 2428 1148 2512 Wormatienses
1175 2425 1432 2508 constitutioni
1458 2425 1499 2507 in
1526 2427 1633 2510 curia
1719 2395 1786 2438 ω’

215 2561 494 2645 Rauennatensi
508 2562 631 2644 editae
643 2561 691 2643 de
704 2560 901 2644 cassandis
913 2559 1250 2643 communitatibus
1267 2559 1462 2644 civitatum
1480 2560 1634 2644 obedire

217 2703 457 2800 recusantes,
478 2694 695 2805 proscribit.

303 2911 316 2993 (
324 2912 445 2975 Edlder.
460 2911 637 2990 Senuuunr,
651 2911 726 2974 llos
746 2911 828 2991 episc.
850 2911 1002 2988 eruct,
1017 2917 1040 2973 t.
1057 2912 1093 2985 1,
1108 2927 1139 2989 p.
1153 2917 1222 2972 tte.
1239 2939 1281 2956 ·-
1295 2910 1397 2974 Lilure
1405 2953 1415 2984 ‚
1428 2907 1635 2988 Rciclccrcle'o,

341 3026 367 3082 t.
379 3019 462 3096 xlv,
476 3037 506 3098 p.
524 3020 794 3092 cau-sossius,
809 3019 934 3094 Soatra,
946 3035 977 3097 p.
994 3020 1077 3092 eto.)

272 3205 538 3280 FriderionsDci
551 3207 660 3302 gratia
670 3207 899 3280 Romanorum
913 3205 1099 3302 imperator
1106 3227 1242 3301 semper
1254 3215 1437 3301 augustus,
1451 3206 1639 3280 Jerusalem

222 3341 260 3404 et
286 3331 401 3406 Sicilie
423 3353 500 3406 rex.
529 3333 681 3406 Placenti
708 3333 836 3429 scripto
863 3341 984 3406 notum
1009 3329 1084 3404 fieri
1113 3333 1275 3404 volumus
1303 3329 1476 3405 universis
1505 3333 1640 3428 imperii

224 3455 388 3530 lidelibus
404 3467 475 3529 tam
489 3457 705 3554 presentibus
716 3479 821 3552 quam
836 3457 961 3530 suturis
976 3457 1072 3550 quod
1088 3457 1234 3530 dilectus
1250 3457 1411 3554 princeps
1422 3457 1536 3530 noster
1546 3459 1640 3530 Hen-

223 3581 334 3672 ricus,
346 3581 556 3654 venerabilis
567 3581 828 3655 Wormntiensis
839 3581 1036 3678 episcopus,
1053 3581 1089 3654 in
1105 3581 1250 3655 solemni
1264 3582 1359 3656 curia
1370 3582 1540 3679 Sybidati,
1555 3605 1640 3679 pre-

224 3705 384 3778 sentibus
393 3705 524 3780 ibidem
535 3703 762 3802 principibus,
775 3705 1017 3801 conquerendo
1028 3705 1208 3802 proposuit
1217 3727 1331 3780 eoram
1344 3706 1446 3780 nobis
1454 3706 1550 3802 quod
1559 3729 1639 3779 cum

227 3832 267 3904 in
284 3831 435 3925 generali
450 3831 544 3904 curia
560 3835 725 3906 llavenne
740 3830 961 3926 solempniter
974 3831 1153 3921 celebrata,
1167 3854 1229 3927 per
1242 3833 1454 3928 solempnem
1473 3833 1639 3905 constitu·

228 3957 360 4028 tionem
371 3967 522 4032 nostram
541 3957 585 4032 de
599 3957 771 4032 communi
785 3955 1032 4052 approbatione
1047 3958 1256 4054 principum,
1274 3957 1429 4049 consilia,
1448 3959 1640 4031 communi-

230 4087 337 4171 tates,
364 4082 637 4174 conjurationes,
664 4091 699 4156 et
722 4081 777 4154 bis
797 4081 1015 4177 similiaque
1035 4084 1174 4154 luerunt
1192 4083 1227 4155 in
1253 4083 1449 4155 civitatibus
1465 4083 1644 4158 Alemanie

231 4217 363 4278 temere
372 4214 591 4302 attemptata,
603 4207 771 4280 duximus
789 4207 934 4304 omnino
946 4206 1127 4300 cassanda,
1143 4208 1239 4280 cives
1255 4208 1534 4300 wormatienses,
1547 4221 1641 4305 poet·

231 4330 399 4423 quemad
418 4351 478 4403 eos
494 4331 690 4404 constitutio
706 4341 820 4405 nostra
833 4333 1002 4428 pervenit,
1021 4332 1202 4406 consilium
1219 4333 1333 4404 lacere
1349 4342 1383 4406 et
1399 4333 1458 4405 tali
1468 4335 1518 4406 uti
1532 4334 1646 4407 officio

232 4465 537 4552 presumpserunt,
558 4457 793 4531 constitutioni
806 4465 923 4530 nostre
934 4467 1196 4553 presumptuose
1211 4457 1404 4530 obviantes.
1423 4459 1549 4532 Verum
1563 4461 1647 4554 quia

235 4578 331 4652 idem
356 4580 517 4677 princeps
537 4590 651 4654 noster
678 4581 819 4678 procedi
848 4583 945 4678 petiit
978 4585 1014 4654 in
1040 4583 1239 4676 hujusmodi
1268 4595 1551 4678 transgressores,
1583 4607 1649 4659 nos

279 4755 323 4838 (c)
345 4758 380 4820 ln
394 4759 488 4820 altero
500 4757 610 4822 mlum
622 4755 705 4839 apud
718 4758 838 4821 lltioum
850 4757 884 4818 lo
894 4759 970 4819 Foro
981 4753 1066 4821 coto.
1199 4751 1202 4756 ’

39 4585 41 4644 l
