4372 5918
801 588 926 650 neunt
950 584 1138 649 stctttttu
1646 581 1686 648 'lo

266 725 387 802 redeat
411 725 644 820 adjustitiam
664 721 877 816 taciendam
899 721 984 796 dum
1008 729 1122 796 taman
1148 727 1332 814 numquam
1354 717 1430 810 ojus
1446 713 1601 792 defensio
1618 718 1683 793 ad·

268 851 436 941 mittatur,
457 847 648 922 accusatori
664 847 852 922 satisfaciat
872 847 908 918 in
926 846 1090 943 expansis
1106 853 1141 918 at
1158 843 1296 918 damnis
1318 841 1479 915 omnibus
1500 840 1614 916 eidem
1633 841 1684 940 (a)

268 975 354 1048 vitio
372 973 591 1049 oontnmaoio
601 972 678 1066 ejus
695 971 850 1063 inlliotis,
867 977 1081 1046 sacramanto
1097 963 1345 1069 [aoonsatoris]
1364 966 1474 1063 ipsius
1490 987 1570 1040 oum
1585 977 1684 1042 taxa·

268 1100 360 1174 dono
375 1099 507 1194 judicis
524 1095 754 1174 declarandis.

768 1416 970 1490 TITULUS
995 1417 1036 1488 V.
1066 1413 1134 1510 E(
1160 1413 1185 1510 ).

547 1609 595 1679 llo
621 1604 820 1680 solidandis
837 1605 884 1704 (d)
903 1606 1169 1698 malefactoribus
1187 1613 1219 1678 et
1241 1605 1413 1698 suspectis.

820 1826 911 1876 rnnrs
936 1825 1136 1876 suousnos.

320 1995 423 2070 Cordi
451 1997 553 2072 nobis
584 2008 636 2074 ost
658 2021 721 2096 per
743 2001 922 2074 universas
948 2009 1063 2096 partos
1090 2007 1126 2073 et
1151 1998 1306 2094 singulas
1331 1998 1430 2092 regni
1458 2000 1563 2072 nostri
1589 1999 1685 2074 viros

266 2121 361 2196 bona
388 2123 562 2220 opinionis
596 2146 784 2221 agnoscere
811 2133 845 2199 at
883 2146 953 2198 non
982 2125 1139 2220 ignorare
1170 2131 1316 2196 notatos.
1342 2122 1493 2218 Ideoque
1523 2125 1684 2198 omnihus

263 2246 459 2338 justitiariis
486 2250 611 2324 nostris
627 2271 690 2347 per
706 2249 865 2325 divorsas
882 2249 1079 2346 provincias
1105 2246 1298 2320 constitutis
1320 2247 1487 2343 prasentia
1512 2247 1685 2321 oonstitn-

268 2371 373 2445 tionis
394 2381 510 2448 nostra
524 2385 778 2471 programmata
801 2373 1029 2465 nunciamus,
1049 2371 1181 2446 eisdem
1197 2371 1265 2444 sub
1277 2371 1554 2444 interminatione
1574 2372 1685 2466 gratie

268 2505 385 2568 nostro
401 2495 544 2570 firmiter
560 2499 782 2593 injungentas
798 2507 838 2572 nt
854 2497 990 2595 quoties
1010 2497 1104 2593 ipsos
1117 2496 1298 2592 contigerit
1316 2497 1450 2592 aliquos
1468 2497 1513 2568 ob
1530 2497 1684 2591 ipsorum

269 2621 522 2696 contumaciam
540 2623 677 2697 banniri
693 2625 817 2712 lauare,
834 2623 966 2698 banniti
985 2643 1112 2696 nomon
1129 2632 1236 2718 atqua
1253 2642 1458 2717 oognomon,
1479 2621 1584 2694 banni
1600 2621 1686 2696 editi

270 2765 434 2838 oausam,
465 2747 610 2822 formam
639 2758 673 2822 et
699 2757 836 2844 tempus
863 2748 960 2821 ouria
987 2757 1103 2820 nostro
1132 2769 1195 2843 per
1223 2767 1343 2820 eorum
1374 2745 1525 2838 litteras,
1560 2747 1684 2819 notarii

270 2890 378 2942 mann
395 2871 541 2968 scriptas
556 2895 598 2946 ao
609 2872 737 2966 judicis
761 2873 840 2968 [qui
857 2873 890 2948 ei
906 2871 1095 2961 assederit]
1119 2872 1372 2968 subscriptione
1395 2879 1528 2944 notatas
1548 2893 1685 2946 necnon

270 2993 461 3088 sigillorum
477 3018 618 3070 snomm
636 2998 863 3095 impressione
880 2997 1051 3087 munitas,
1072 3017 1168 3070 mora
1186 2997 1341 3092 qnalibet
1358 3006 1393 3068 at
1409 2997 1588 3070 occasione
1607 3018 1685 3070 oee-

272 3117 450 3210 santibns,
472 3119 623 3196 debeant
644 3122 823 3197 nunciare.
854 3121 984 3196 Eodom
1011 3121 1053 3218 (c)
1073 3123 1180 3196 etiam
1210 3121 1428 3196 observando
1454 3123 1590 3216 quoties
1615 3123 1686 3195 nli-

272 3263 361 3336 qnos
372 3243 409 3318 in
424 3264 545 3318 sorum
562 3247 778 3320 oontumaaia
790 3245 1017 3343 perdurantes
1028 3245 1326 3339 torjudioavsrint,
1342 3247 1460 3339 [juxta
1473 3267 1584 3340 nuper
1594 3245 1687 3320 edito

271 3374 387 3439 nostra
414 3369 668 3444 oonstitntionis
694 3375 887 3463 tenorem]
910 3369 1007 3466 qnod
1032 3371 1061 3443 si
1080 3372 1168 3444 torta
1195 3369 1241 3444 do
1269 3371 1385 3444 banno
1417 3369 1577 3444 bannitus
1599 3371 1689 3444 infra

271 3489 427 3585 legitima
456 3503 612 3592 tempora
637 3495 804 3570 duxerint
829 3493 1076 3584 extrahendos,
1105 3494 1172 3568 hoo
1194 3495 1308 3590 ipsum
1336 3516 1398 3590 per
1414 3515 1533 3568 sorum
1560 3495 1689 3570 litteras

270 3616 339 3689 suh
363 3618 474 3693 forma
497 3621 684 3717 praecripta
703 3621 878 3695 oonlsutas
901 3631 1021 3696 nostro
1042 3621 1137 3695 ouria
1154 3621 1355 3710 nunciatum
1384 3621 1486 3694 simili
1504 3622 1613 3694 torma
1627 3643 1689 3718 por

272 3741 389 3814 omnia
406 3742 642 3838 observanda,
660 3745 689 3818 si
707 3744 849 3841 quando
869 3765 932 3841 por
957 3743 1154 3818 definitivas
1179 3746 1367 3820 sententias
1392 3745 1532 3819 infamia
1554 3747 1691 3821 macula

271 3865 470 3938 notaverint
499 3867 636 3962 aliquos
660 3879 722 3942 ant
747 3869 823 3966 ipso
844 3871 923 3962 juro
949 3871 1008 3943 val
1035 3891 1126 3966 pena
1152 3871 1287 3944 macula
1313 3870 1617 3966 pronunciaverint
1639 3869 1691 3967 (d)

272 4009 350 4062 osso
373 3999 520 4064 notatos.
541 3993 611 4066 Nos
631 3995 734 4068 etiam
759 3994 925 4090 magistro
938 3995 1133 4088 justiciario
1150 4014 1275 4086 magne
1296 3995 1392 4068 ouria
1414 4005 1530 4069 nostro
1547 3994 1690 4070 firmitas

314 4177 359 4260 (a)
379 4181 429 4244 Sto
442 4181 509 4244 ood.
524 4191 622 4260 ⁴⁰²⁵?
638 4201 685 4262 ap.
701 4184 822 4248 Carnam
835 4183 971 4268 amdam.

314 4283 356 4367 (t)
378 4288 472 4366 Apud
479 4287 634 4354 Affltotum
646 4291 690 4355 tta
702 4289 902 4372 notificandis·
916 4293 998 4370 quod
1011 4294 1132 4371 propius
1145 4307 1251 4372 grasso
1263 4293 1376 4356 amsdlt
1388 4291 1450 4374 πιρὶ
1463 4295 1510 4354 τοῦ
1522 4293 1694 4377 γνωρίζεσθαι

272 4389 414 4472 τῇκόρπι.
428 4396 465 4457 ln
476 4396 533 4457 ond
546 4405 626 4460 4624
639 4397 667 4459 Α
683 4417 692 4460 t
708 4399 751 4460 Dr
762 4396 919 4460 mendis
932 4397 1338 4480 manitaperjrottctartnm.

314 4497 352 4580 (c)
379 4503 415 4563 ln
428 4502 497 4563 uod.
512 4510 591 4566 toas
606 4503 729 4569 Budua.

317 4603 360 4686 ld)
379 4607 429 4670 Sta
452 4625 521 4670 oum
540 4609 666 4672 Pooohta
688 4613 831 4691 pluralem
853 4615 1053 4691 admittimus,
1068 4615 1141 4678 dum
1158 4616 1282 4678 verbnm
1295 4616 1524 4694 adjusttotartos
1535 4615 1689 4680 referatur.

277 4713 335 4790 Ap.
350 4713 472 4778 Carum
485 4718 628 4780 notaooit
638 4759 648 4795 ,
657 4721 904 4799 pronuntiaverit.
