4320 5918
278 557 378 618 lenter.
395 553 438 632 7.]
727 547 926 636 HISTORIA
950 548 1242 614 blatoltfflctt.
1633 549 1694 612 tte

278 713 347 765 neu
364 689 498 765 debetis
512 688 549 760 in
565 685 686 780 aliquo
704 683 808 758 modo
823 684 975 777 moveri,
993 706 1059 758 nec
1080 709 1235 781 uuquam
1251 685 1410 760 dubitare
1431 688 1571 782 potestis
1595 689 1692 783 qued

277 827 459 912 paternum
477 813 638 888 ellectum
655 831 725 905 quo
740 808 873 882 sincera
890 830 954 882 vos
968 811 1228 907 complectimur
1241 811 1418 903 charitate,
1437 813 1610 908 deponere
1621 813 1691 886 de-

277 941 436 1013 beamus.
456 939 598 1034 Propter
610 935 707 1032 quod
718 933 805 1007 nibil
820 933 919 1007 vobis
936 934 1086 1030 deperit,
1107 935 1169 1010 sed
1188 937 1351 1010 accrescit
1367 939 1482 1032 potius
1493 938 1522 1010 si
1538 939 1690 1012 Romana

277 1065 431 1138 Ecclesia
449 1073 557 1136 mater
570 1070 685 1136 vestra
703 1063 739 1134 in
758 1061 914 1134 libertate
930 1069 965 1134 et
981 1061 1111 1136 honore
1129 1062 1247 1136 debito
1270 1072 1509 1156 conservetur,
1536 1066 1690 1137 maxime

278 1213 358 1264 cum
375 1210 438 1263 uos
464 1188 588 1262 vestris
610 1186 822 1284 profectibus
845 1208 893 1258 ex
915 1186 1045 1260 intimis
1071 1188 1184 1262 cordis
1207 1198 1242 1262 et
1265 1189 1371 1264 animi
1388 1189 1593 1284 aspirantes,
1619 1211 1689 1264 nen

278 1336 452 1390 cessemus
481 1335 545 1410 pro
579 1320 669 1386 statu
695 1320 811 1386 vestro
842 1311 1025 1386 salubriter
1058 1315 1294 1390 conservando
1321 1323 1513 1410 opportuna
1546 1315 1690 1388 consilia

279 1441 441 1536 cogitare.

326 1567 451 1638 Datum
468 1563 590 1655 lteate,
611 1563 641 1634 V
661 1583 769 1636 nouas
780 1561 877 1654 julii,
895 1582 987 1634 anno
1001 1563 1089 1636 lllll.

334 2129 539 2242 Gregorius
557 2158 656 2242 papa
679 2132 946 2217 Treverensem
969 2135 1293 2246 archiepiscopum
1320 2143 1451 2218 monet
1474 2160 1514 2218 se
1531 2135 1692 2218 Henrico

279 2262 457 2348 Friderici
479 2266 739 2352 Romanorum
759 2269 996 2380 imperatoris
1014 2271 1094 2354 filio
1122 2271 1315 2381 scripsisse
1334 2279 1377 2352 ut
1391 2269 1500 2380 juxte
1517 2271 1690 2381 premis-

279 2397 424 2481 sionem
443 2427 561 2511 quem
580 2401 661 2510 ipse
679 2401 813 2486 litteris
832 2413 869 2488 et
886 2402 994 2487 bulla
1013 2430 1128 2486 auree
1145 2403 1322 2508 munivit,
1333 2407 1432 2513 petri
1447 2430 1516 2486 suo
1534 2405 1691 2488 devotus

279 2540 317 2612 et
334 2531 514 2617 obediens
532 2536 680 2619 existat.
705 2536 885 2647 Alioquin
906 2537 1186 2648 archiepiscopo
1205 2538 1363 2620 mandat
1380 2547 1443 2644 nt,
1465 2537 1562 2620 sicut
1579 2538 1690 2620 Hen-

279 2663 380 2748 ricus
409 2693 448 2750 se
466 2669 593 2780 ipsum
611 2671 825 2755 voluntarie
842 2672 994 2784 ligavit,
1015 2673 1192 2756 eumdem
1213 2671 1418 2754 Heuricum
1437 2697 1507 2779 pro
1524 2670 1691 2780 perjurio
1832 2769 1835 2776 ¹

279 2804 650 2889 excommunicatum
667 2833 736 2916 per
754 2808 978 2890 Teutoniem
997 2807 1151 2890 nunciet
1167 2815 1204 2889 et
1221 2805 1395 2888 nunciari
1413 2805 1540 2888 faciet.

362 3019 464 3092 (Edtd.
480 3021 702 3103 Wuauuwsrn,
715 3023 796 3088 Nona
806 3019 913 3085 etam.
925 3020 1090 3104 daremus,
1105 3029 1126 3084 t
1144 3023 1169 3095 I,
1184 3040 1214 3101 p.
1231 3031 1284 3096 563
1301 3039 1338 3084 ex
1352 3021 1419 3084 cod.
1433 3023 1537 3084 eccles.
1550 3020 1581 3084 S.
1594 3021 1688 3084 Andr.

398 3128 561 3208 Wermat.)

327 3314 1036 3414 Gregoriueepiscopus,eervusservorum
1048 3317 1691 3415 Dei,venerebilifratriarchiepisccpo

281 3437 474 3513 Trevirensi
492 3443 685 3517 salutemet
703 3445 925 3542 apostolicam
948 3444 1236 3518 benedictionem.
1261 3442 1435 3516 Generalis
1461 3452 1553 3516 tenet
1573 3443 1691 3538 opinio

280 3576 317 3634 et
335 3560 440 3638 babet
457 3568 599 3640 assertio
611 3569 828 3665 singulorum
844 3571 940 3666 quod
954 3571 1018 3644 celi
1037 3569 1265 3642 luminaribus
1286 3567 1479 3641 secundum
1493 3589 1690 3642 mensuram

280 3689 531 3778 magnitudinis
544 3693 589 3764 sit
604 3694 799 3768 differentia
811 3695 985 3768 claritatis.
1002 3695 1072 3767 lllis
1091 3716 1174 3790 ergo
1186 3715 1275 3790 quos
1291 3693 1380 3768 adeo
1397 3693 1518 3768 diviua
1539 3693 1690 3788 potentia

281 3815 454 3886 constituit
470 3817 506 3887 iu
525 3819 655 3914 populo
672 3821 897 3914 precellentes
915 3829 954 3893 ut
967 3820 1068 3915 quasi
1082 3841 1142 3914 pre
1155 3819 1233 3894 aliis
1246 3818 1398 3915 quedam
1411 3818 1594 3892 luminaria
1607 3839 1688 3892 ceu·

280 3949 431 4034 scantur,
454 3945 575 4018 merito
602 3946 716 4020 inesse
734 3946 839 4020 debet
861 3968 946 4021 cura
968 3946 1074 4020 studii
1092 3947 1269 4036 vigilantis
1287 3954 1345 4037 ut,
1369 3946 1459 4018 sicut
1478 3942 1690 4020 adinvicem

280 4072 372 4138 statu
390 4069 593 4144 excellentie
610 4070 792 4164 differunt,
810 4073 861 4147 sic
876 4072 1038 4169 plenioris
1058 4072 1194 4145 virtutis
1208 4071 1339 4144 lumine
1363 4070 1579 4144 decorentur.
1601 4071 1692 4144 Sane

281 4189 310 4260 si
330 4189 476 4265 dilectus
489 4191 581 4267 filius
595 4196 720 4269 nobilis
738 4196 794 4268 vir
808 4196 986 4288 Esuriens,
1000 4206 1101 4269 natus
1118 4194 1290 4268 karissimi
1307 4195 1344 4268 iu
1362 4195 1494 4270 Christe
1509 4194 1570 4268 filii
1584 4194 1691 4268 nostri

281 4312 445 4388 Frideriei
467 4317 699 4393 Romanorum
724 4321 938 4418 imperatorie
960 4342 1095 4418 semper
1118 4321 1277 4415 augusti,
1308 4322 1496 4395 Jerusalem
1520 4329 1555 4393 et
1576 4319 1691 4394 Sicilie

281 4437 375 4532 regis
402 4440 558 4534 illustris,
586 4443 770 4540 diligenter
793 4445 937 4520 attendit
959 4445 1054 4540 quod
1070 4447 1137 4520 sibi
1161 4445 1375 4520 celsitudinis
1396 4447 1431 4518 in
1453 4447 1519 4518 hoe
1541 4465 1690 4542 superne

280 4562 431 4657 previdit
445 4566 613 4662 sapientia
626 4571 812 4662 majestatis
825 4571 919 4666 quod
932 4572 1195 4669 illiuspriucipis
1209 4572 1454 4668 preemineutis
1465 4569 1617 4646 esttilius
1628 4570 1689 4668 qui

280 4707 342 4781 pre
367 4689 501 4764 cunctis
524 4699 613 4768 terre
635 4695 777 4790 regibus
797 4695 905 4790 fulget
925 4695 1094 4794 imperiali
1120 4695 1315 4772 diademate
1337 4705 1535 4788 coronatus,
1565 4717 1689 4772 verum

357 4811 412 4875 Ν.
1493 4829 1531 4884 60
