4360 5908
209 589 369 672 rames]
663 585 860 654 ursroara
883 587 1175 652 nrrnouarrca.
1449 615 1453 622 ·
1564 592 1626 654 aar

210 729 368 804 canonici
384 728 520 820 Padus,
539 727 758 824 presentibus
773 727 917 802 testibus
932 727 1074 822 rugatis,
1095 726 1225 799 scilicet
1241 723 1382 799 domino
1396 727 1537 820 laccho,
1558 729 1620 800 Dei

210 855 320 948 gratia
350 854 514 950 episcopo
547 850 733 943 Paduano·,
759 851 901 925 domino
927 849 1067 923 Nicolao
1095 849 1218 924 eadem
1248 849 1358 942 gratia
1382 849 1513 944 Regino
1539 851 1621 946 epi-

209 1001 333 1076 scopo,
354 977 495 1052 domino
513 975 664 1051 Jordanc
680 976 794 1072 priore
810 975 925 1048 Sancti
943 972 1118 1048 Benedicti
1137 973 1182 1048 dc
1201 971 1332 1062 Padua,
1353 974 1517 1068 magistro
1537 976 1622 1048 Rai-

208 1103 305 1176 nerio
323 1101 370 1200 (a)
386 1101 565 1198 capellano
578 1099 710 1174 doraum
728 1099 844 1174 Iacchi
867 1097 1056 1172 Penestrini
1073 1097 1190 1186 electi,
1209 1097 1286 1170 civc
1304 1097 1521 1189 Placentino,
1542 1121 1620 1172 mu-

209 1225 316 1321 gistro
339 1224 465 1318 ligidic
487 1225 653 1320 scriptore
676 1224 806 1298 domini
830 1246 919 1320 papa
942 1222 1018 1297 cive
1040 1223 1213 1308 Romano,
1239 1221 1382 1296 domino
1405 1221 1554 1296 Oddonc
1574 1223 1621 1296 de

208 1351 362 1424 Fontana
380 1351 458 1422 cive
480 1349 693 1440 Placentino,
712 1348 874 1444 magistro
895 1347 1015 1420 Cazolo
1035 1345 1231 1437 dolando,
1256 1347 1395 1420 domino
1414 1346 1619 1420 Allamanno

208 1476 254 1550 de
278 1475 509 1548 Crescenzano
529 1473 709 1566 judicibus
732 1473 907 1570 potestatis
929 1472 1047 1545 Padus
1072 1481 1108 1544 et
1132 1472 1296 1566 magistro
1315 1472 1548 1566 Cognoscente
1574 1474 1634 1546 de¹

208 1600 392 1674 Florentia.
425 1598 483 1672 Ad
515 1598 681 1672 honorem
703 1597 947 1694 omnipotentis
973 1597 1057 1684 Dei,
1087 1597 1264 1669 beatorum
1290 1599 1519 1691 apostolorum
1544 1601 1619 1692 ejus

208 1723 299 1796 Petri
315 1735 351 1797 et
365 1724 463 1796 Pauli
478 1735 513 1797 et
528 1723 743 1796 sanctissime
759 1722 877 1795 matris
897 1729 1012 1794 nostre
1030 1722 1201 1812 Ecclesia,
1227 1721 1358 1794 domini
1378 1745 1484 1819 pape,
1504 1745 1619 1796 vena

207 1848 369 1920 rabilium
399 1847 617 1921 dominorum
649 1846 878 1920 cardinalium
909 1846 1028 1918 iacobi
1064 1845 1253 1918 Psnastrini
1287 1847 1386 1933 electi
1422 1857 1456 1920 et
1485 1847 1616 1920 Ottonis

208 1973 324 2048 Sancti
341 1972 472 2046 Nicolai
489 1973 526 2044 in
544 1973 686 2046 Caruere
701 1972 857 2046 Tulliano
872 1971 1010 2045 diaconi
1027 1970 1228 2063 cardinalis,
1247 1971 1438 2066 Apostolice
1454 1973 1553 2046 Sedis
1568 1975 1618 2045 le-

207 2105 385 2190 gatomm‚
403 2107 439 2170 et
453 2097 661 2170 serenissimi
687 2095 818 2169 domini
842 2095 1020 2188 Friderlci,
1041 2095 1104 2168 Dei
1125 2096 1234 2189 gratia
1253 2097 1484 2169 Romanorum
1505 2097 1619 2193 impe-

206 2222 330 2294 ratoris
359 2229 495 2318 semper
512 2221 671 2316 angusti,
692 2221 908 2294 Hierusalem
933 2231 968 2293 et
989 2219 1104 2293 Sicilie
1129 2221 1241 2314 regis,
1259 2229 1293 2294 at
1315 2221 1485 2294 societatis
1512 2224 1619 2294 Lom-

205 2345 347 2436 bardie,
363 2344 515 2418 Marchie
531 2355 566 2418 et
583 2343 760 2419 Romania.
779 2347 864 2418 Cum
880 2345 1096 2418 venerabiles
1116 2346 1308 2420 cardinales
1324 2345 1455 2420 domini
1471 2348 1619 2422 Iacobus

206 2471 426 2544 Penestrinus
448 2470 579 2544 electus
603 2479 637 2542 et
659 2471 738 2543 Otto
760 2470 875 2543 Sancti
900 2470 1030 2544 Nicolai
1054 2471 1248 2543 incarcere
1274 2471 1431 2545 Tulliano
1453 2472 1619 2547 diaconus

208 2593 393 2668 cardinalis
416 2594 612 2691 Apostolics
632 2594 733 2668 Sedis
756 2595 877 2690 legati,
903 2596 993 2668 sicut
1011 2596 1045 2666 in
1065 2617 1128 2667 suc
1148 2595 1327 2689 legationis
1345 2596 1466 2669 litteris
1486 2599 1621 2692 plenius

208 2719 422 2810 continetur,
452 2720 584 2812 jamdiu
614 2720 837 2814 requisissent
865 2721 961 2816 quod
988 2720 1150 2794 dominus
1177 2719 1393 2812 Fredcricus,
1425 2721 1487 2793 Dei
1512 2724 1622 2815 gratia

207 2846 438 2919 Romanorum
449 2845 645 2940 imperator,
655 2867 702 2918 ex
716 2867 785 2917 una
797 2853 893 2940 parto
907 2855 942 2918 et
956 2844 1161 2939 infrascripti
1175 2853 1322 2916 rectores
1331 2855 1366 2916 et
1378 2845 1619 2918 ambaxatores

208 2970 503 3064 infrascriptarum
517 2970 696 3044 civitatum
708 2971 880 3044 societatis
889 2970 1106 3062 lombardie,
1116 2970 1264 3042 llarchie
1276 2978 1310 3042 et
1322 2971 1487 3044 Romania
1500 2981 1534 3044 et
1545 2973 1618 3066 ipse

209 3095 365 3168 civitates
382 3105 418 3168 et
435 3096 581 3168 societas
595 3116 642 3168 ex
658 3096 783 3188 altera,
800 3117 905 3192 super
924 3094 1182 3190 discordiaque
1200 3096 1290 3167 iuter
1310 3094 1490 3168 dominum
1507 3097 1629 3191 impe-¹

207 3227 354 3292 retorem
370 3219 563 3316 predictum
582 3229 617 3293 et
635 3221 746 3317 ipsam
763 3222 960 3294 societatem
978 3222 1066 3294 verti
1086 3221 1287 3312 videbatur,
1314 3243 1352 3293 se
1369 3223 1618 3295 committerent

208 3353 241 3414 et
256 3345 592 3439 oompmmittercnt3
619 3345 694 3440 ipse
712 3345 956 3440 imperatorer
974 3369 1044 3418 unu
1063 3353 1159 3440 parte
1183 3353 1218 3418 ct
1236 3345 1301 3440 ipsi
1317 3355 1465 3419 rectores
1487 3357 1521 3420 st
1537 3370 1617 3420 am-

207 3468 393 3542 baxatores
416 3470 556 3542 nominc
580 3491 643 3542 sue
666 3471 816 3542 civitatis
840 3469 966 3560 singuli
990 3479 1026 3542 et
1047 3470 1187 3543 nomine
1209 3469 1382 3544 societatis
1407 3471 1559 3544 universi
1580 3472 1616 3543 in

208 3591 299 3686 ipsos
321 3592 480 3668 dominos
503 3596 648 3690 legatos,
678 3593 869 3668 secundam
887 3595 1031 3668 sormam
1051 3594 1274 3667 articulorum
1296 3617 1358 3670 sau
1387 3597 1615 3692 capitulorum

208 3716 571 3794 interiusannotatum.
583 3720 885 3814 Nominaquorum
897 3718 1616 3794 rectorumctambanatorumetcivitatum

208 3851 289 3914 sunt
306 3840 397 3914 heo:
418 3843 550 3916 scilicet
566 3864 628 3938 pro
644 3843 838 3916 Mediolano
852 3841 983 3915 domini
1003 3843 1160 3916 lluffinus
1185 3842 1231 3916 de
1255 3844 1444 3936 Mandello,
1468 3846 1615 3942 lampu-

208 3987 343 4058 gnanus
361 3967 579 4040 Marcellinus
601 3977 765 4060 rectores,
794 3965 980 4040 Guiirodus
1000 3966 1045 4040 dc
1060 3968 1215 4042 Posterla
1231 3977 1266 4041 et
1277 3969 1444 4042 llenricus
1459 3969 1616 4044 (lamba-

208 4087 273 4162 dus
288 4087 336 4185 (l)
347 4090 472 4182 judex,
486 4091 727 4166 ambuxatores
742 4093 936 4166 eommunis
949 4091 1232 4182 lladiolanansie;
1249 4114 1311 4189 pro
1325 4094 1443 4168 Brixia
1452 4095 1615 4170 dominus

208 4212 392 4306 Ognabcne
402 4215 447 4287 de
457 4215 617 4309 Pessagio
633 4215 797 4312 (c)judcx
809 4227 844 4290 et
859 4227 987 4306 rector3
1006 4237 1069 4312 pru
1085 4217 1239 4292 Bononia
1248 4219 1411 4293 domiuus
1424 4221 1616 4294 Aimericus

66 4393 68 4434 3
207 4335 369 4434 Arpinelli
386 4339 501 4432 legum
520 4337 668 4439 [doctor]
686 4351 722 4414 et
738 4341 900 4414 dominns
912 4341 1091 4414 Ursolinus
1107 4341 1152 4416 de
1167 4342 1262 4416 Ursis
1275 4353 1441 4439 rectoree3
1464 4347 1613 4444 proPla·

247 4509 289 4591 (a)
310 4513 369 4591 Δρ.
385 4513 529 4578 Murutcrl
541 4513 705 4596 liaynoldo,
716 4519 816 4580 minus
826 4525 914 4581 recte.

246 4615 284 4696 (b)
307 4620 364 4698 Δρ.
381 4621 524 4684 Muratorl
546 4622 699 4688 (lemborc.

248 4723 284 4804 (c)
311 4726 369 4806 Δρ.
384 4728 526 4793 Muruturl
543 4729 578 4792 dc
591 4731 718 4814 Pesazio.
