4320 5918
286 607 385 668 aaa.
402 605 449 682 a]
735 599 930 662 arsronm
954 597 1245 663 urnuouarrca
1633 595 1694 660 tea

286 740 505 845 observent3
522 733 691 848 alioquin
707 759 748 818 se
761 735 1041 846 archiepiscopo
1058 733 1266 820 Ravennati
1279 731 1490 844 injunxisse
1505 743 1548 816 nt
1564 731 1694 816 omnin

288 874 327 956 iu
349 871 439 958 eum
466 881 608 956 statum
634 872 791 966 reducat
817 871 857 953 iu
876 895 954 982 qno
980 881 1069 956 aute
1094 869 1291 955 subortam
1317 867 1546 953 discordiam
1577 867 1695 950 luisse

288 1015 511 1092 noscuntur.

369 1219 474 1298 (Edld.
489 1220 597 1296 partlm
616 1219 790 1293 benamu,
809 1215 922 1282 Amant.
941 1217 1036 1281 melca.
1057 1219 1097 1282 nd
1116 1236 1187 1281 ann.
1207 1227 1294 1288 1234,
1323 1216 1340 1299 5
1363 1217 1487 1291 XXXII,
1511 1231 1550 1278 ex
1571 1221 1691 1294 regest,

407 1325 551 1400 ltnvm,
565 1336 599 1386 n⁰
615 1323 699 1407 tat.)

339 1514 542 1609 Gregorius,
563 1523 647 1603 ete,
672 1513 770 1609 regni
792 1513 1089 1609 Hierosolymitani
1103 1513 1317 1607 presulibus,
1341 1523 1395 1586 etc
1399 1563 1692 1585 ........

295 1693 304 1712 .
325 1673 331 1686 .
335 1687 794 1710 ............
821 1637 942 1708 Pacem
961 1657 1065 1731 qnam
1079 1634 1286 1728 jamdudum
1299 1635 1444 1731 predicti
1460 1635 1696 1709 Antiochenns

242 1817 248 1826 ,
290 1739 485 1858 patriarcha¹
499 1769 534 1834 et
550 1759 696 1834 dilectus
719 1759 812 1834 lilius
829 1759 991 1854 magister
1004 1759 1129 1833 domus
1143 1759 1431 1834 Tbentonicorum
1446 1758 1535 1834 iuter
1551 1761 1696 1858 impera·

293 1896 400 1960 torem
416 1887 530 1982 ipsum
542 1907 590 1960 ex
606 1907 675 1960 nna
691 1893 788 1982 parte
803 1895 838 1958 et
856 1906 918 1959 vos
935 1906 983 1958 ax
1004 1886 1111 1958 altera
1126 1884 1238 1960 lacere
1254 1895 1478 1978 curaverunt,
1499 1908 1587 1982 que,
1615 1907 1693 1959 enm

291 2013 403 2086 littere
415 2033 520 2109 snper
530 2010 597 2085 boc
609 2010 709 2084 nobis
725 2031 878 2104 congruo
893 2001 1046 2107 tempore
1056 2020 1249 2106 presentata
1261 2031 1330 2084 non
1343 2012 1484 2104 luerint,
1504 2033 1573 2084 non
1584 2011 1698 2084 extitit

292 2157 354 2234 par
368 2136 493 2210 Sedem
511 2136 742 2234 Apostolicam
759 2135 971 2230 confirmata,
991 2136 1066 2210 sine
1084 2135 1285 2211 difficultate
1294 2139 1448 2232 qualibet
1462 2147 1694 2236 acceptantes,

293 2260 536 2336 inviolabiliter
556 2261 746 2334 observetis
771 2260 951 2352 eamdem
975 2261 1024 2335 ita
1040 2261 1149 2358 qnod,
1169 2262 1375 2358 propitiante
1389 2263 1546 2356 Domino,
1564 2266 1696 2338 nullum

294 2385 581 2483 impedimentum
601 2386 746 2460 obsistat
757 2389 841 2482 quin
857 2385 904 2460 ad
927 2385 1122 2460 subsidium
1141 2396 1295 2459 vestrum
1312 2388 1464 2463 Ecclesia
1481 2389 1595 2463 valeat
1611 2390 1699 2462 sicut

295 2509 464 2608 disposuit
479 2511 705 2585 christianum
724 2512 889 2608 populum
904 2509 1089 2586 advocare.
1108 2510 1284 2606 Alioquin,
1306 2534 1385 2584 cum
1400 2534 1613 2608 nequeamus
1622 2535 1700 2609 pre-

295 2634 387 2710 dieto
402 2635 597 2731 imperatori
609 2635 731 2712 deesse
746 2637 783 2710 in
796 2635 943 2729 justitia,
965 2657 1069 2731 quem
1083 2636 1338 2710 velutllcclesie
1354 2636 1534 2710 brachium
1552 2637 1699 2735 speciale

295 2759 332 2832 in
356 2760 547 2836 rationibus
566 2761 640 2836 suis
670 2761 916 2837 abundantiori
939 2771 1095 2835 tenemur
1119 2760 1243 2834 effectu
1272 2762 1409 2854 fovere,
1443 2763 1699 2860 archiepiscope

295 2884 361 2980 ipsi
370 2884 432 2982 (a),
445 2907 550 2981 quem
563 2896 726 2982 tanquam
743 2885 896 2962 Ecclesie
910 2887 1060 2960 Romane
1074 2885 1223 2977 legatum
1233 2884 1350 2960 debito
1364 2888 1560 2984 suscipiatis
1571 2887 1701 2963 bonore

295 3017 330 3080 et
346 3009 455 3106 ipsius
473 3011 620 3107 pareatis
637 3011 814 3086 humiliter
827 3009 965 3086 monitis
982 3019 1017 3084 et
1033 3009 1221 3102 mandatis,
1250 3031 1313 3106 par
1336 3012 1465 3086 litteras
1487 3023 1620 3087 nostras
1641 3014 1697 3087 in-

291 3135 472 3231 jnngimus
490 3145 528 3208 nt
545 3135 661 3209 omnia
675 3133 793 3230 quoad
800 3135 860 3228 jus
873 3134 1096 3232 possessionis
1108 3142 1143 3208 et
1159 3136 1375 3230 proprietatis
1394 3135 1457 3237 [in]
1473 3161 1554 3212 eum
1572 3149 1699 3214 statum

295 3259 494 3334 anctoritate
511 3238 627 3334 nostra
644 3259 788 3335 reducat
803 3259 839 3334 in
854 3281 925 3356 quo
950 3259 1056 3333 fnisse
1073 3269 1262 3333 noscuntur
1282 3271 1364 3336 ante
1386 3263 1594 3340 discordiam
1613 3268 1701 3342 iuter

295 3385 534 3460 marescallum
548 3385 763 3481 imperatoris
781 3383 938 3478 ejnsdem
954 3393 988 3458 et
1005 3407 1086 3478 vos,
1107 3386 1247 3460 inimico
1264 3388 1359 3484 pacis
1381 3389 1544 3484 faciente,
1576 3393 1699 3467 subor-

297 3522 385 3600 tam,
403 3519 457 3585 eto
460 3563 1109 3586 .................

345 3637 471 3708 Datum
487 3635 636 3732 Spoleti,
655 3636 701 3708 Vl
719 3634 799 3711 idne
812 3637 968 3732 angusti,
986 3635 1204 3733 pontificatus
1218 3637 1325 3712 nosbr‘
1343 3659 1435 3715 anno
1448 3639 1535 3713 Vlll.

1235 3955 1473 3968 W

353 4241 561 4352 Imperator
578 4269 667 4328 cnm
686 4253 797 4356 gente
815 4271 885 4329 sua
907 4271 984 4330 una
1002 4273 1089 4331 cum
1108 4250 1293 4362 magistro
1310 4250 1497 4364 Raynerio
1515 4255 1707 4344 cardinale
1761 4308 1879 4362 [rigua.

1753 4363 1890 4418 reptemus]

301 4371 510 4459 Vitcrbinm
529 4404 570 4462 se
596 4379 757 4488 confert,
783 4379 975 4490 praedicto
998 4381 1173 4468 Conrado
1195 4383 1274 4470 tilio
1296 4411 1367 4470 suc
1390 4398 1428 4472 et
1449 4391 1516 4501 qni
1545 4417 1635 4478 cum
1661 4418 1707 4480 eo

302 4533 423 4617 nsque
440 4509 555 4594 Reate
571 4511 718 4595 iverant
733 4513 980 4598 redeuntibus
998 4515 1037 4596 in
1049 4541 1218 4627 regnum
1236 4517 1463 4630 imperatore
1484 4525 1703 4612 mandante.

344 4719 384 4802 (a)
405 4721 523 4786 Selllcet
539 4723 709 4788 mamea
721 4728 936 4809 archteplseopo
948 4731 1131 4812 Ravennatl,
1145 4734 1198 4811 qul
1211 4751 1301 4814 snpra
1314 4754 1344 4816 p.
1360 4747 1429 4800 ⁴8⁰.
