4308 5910
760 611 886 672 asom
910 611 1099 674 SICILIAE.
1581 619 1638 679 113

227 744 384 842 publicas
401 745 505 818 etiam
521 765 584 840 per
600 751 730 817 tutores
747 755 808 818 aut
825 753 997 818 curatores
1019 766 1138 818 eorum
1157 743 1223 844 [ad
1247 747 1324 820 lites
1348 745 1466 847 datos]
1482 749 1517 821 in
1533 750 1633 843 jndi-

227 867 321 940 cium
340 867 512 941 deducam
536 867 694 958 valeant,
713 867 798 941 dum
822 890 920 942 suam
937 869 994 942 vel
1011 890 1153 943 suorum
1178 871 1341 963 iujuriam
1363 881 1631 968 prosequuntur,

226 991 303 1064 sive
319 999 482 1094 accusent
494 990 570 1064 eive
589 990 634 1062 ab
658 991 736 1064 aliis
754 1000 980 1084 accusentur;
1000 992 1098 1088 penis
1116 989 1176 1090 [ex
1198 991 1487 1093 accusationibus]
1508 994 1634 1068 debitis

226 1115 527 1188 constitutionibus
543 1113 668 1188 nostris
685 1116 879 1210 etantiqua
898 1117 975 1210 jure
993 1117 1129 1189 statutis
1144 1118 1298 1212 personis
1311 1118 1560 1214 principalibus
1581 1121 1635 1190 in·

226 1237 400 1332 lligendis.
421 1237 572 1311 Minores
593 1247 710 1312 autem
737 1249 806 1312 tam
830 1241 1001 1312 masculos
1023 1261 1129 1333 quam
1154 1241 1299 1314 feminas
1324 1242 1546 1338 intelligimus
1576 1263 1635 1316 eos

226 1381 330 1434 easve
348 1359 410 1454 qui
427 1359 485 1432 uel
500 1381 571 1453 qne
588 1359 745 1434 nondum
765 1361 864 1434 etatis
886 1382 950 1434 sue
971 1360 1145 1434 decimum
1170 1373 1331 1437 octavum
1355 1387 1485 1438 annum
1514 1387 1635 1438 exces-

225 1482 364 1554 serint:
389 1503 461 1577 quo
488 1484 670 1580 completo,
700 1485 794 1580 ipsus
821 1492 890 1558 tam
914 1483 951 1556 in
978 1485 1207 1559 contractibus
1235 1509 1341 1582 quam
1373 1489 1410 1560 in
1437 1487 1579 1582 Judiciis
1601 1499 1636 1564 et

225 1605 264 1676 in
279 1605 440 1680 omuibus
457 1608 607 1704 perfecte
620 1607 719 1682 etatis
733 1607 896 1682 volumus
909 1607 1073 1704 reputari.

632 1869 845 1942 TITULUS
872 1870 1013 1942 XLIII.
1040 1875 1110 1942 ΜΓ
1135 1869 1224 1968 (la).

686 2019 737 2092 De
757 2022 962 2094 restitutione
985 2022 1175 2115 rcipcblr'cc.

773 2195 864 2245 rnnrr
888 2195 1091 2246 nucnsrus.

272 2321 483 2396 Beneficium
512 2321 736 2396 restitutionis
752 2319 805 2420 [in
825 2320 1018 2422 integrum]
1036 2331 1151 2396 nostre
1173 2321 1362 2418 reipublice
1379 2323 1415 2394 in
1432 2322 1575 2416 judiciis
1597 2333 1632 2398 et

223 2447 456 2521 contractibus
473 2446 624 2543 antiquis
642 2447 776 2542 legibus
798 2460 1024 2538 reservatum,
1043 2467 1112 2521 uon
1131 2447 1198 2543 ipsi
1220 2445 1444 2544 procidimus,
1460 2447 1523 2522 sed
1545 2449 1633 2522 illud

222 2570 326 2644 nobis
347 2572 481 2668 integre
500 2593 719 2646 reservamus
738 2571 802 2670 (u),
828 2568 1011 2670 [sanctioni
1030 2571 1179 2668 presenti
1199 2570 1413 2644 manifestius
1431 2568 1631 2668 inserentes]

223 2704 266 2767 ut
283 2695 328 2769 ad
346 2696 533 2794 petendam
553 2695 802 2770 restitutionem
817 2694 975 2770 eamdem
988 2695 1137 2791 speciale
1156 2694 1379 2786 mandatum,
1397 2694 1495 2788 quod
1517 2695 1552 2766 in
1569 2695 1632 2766 mi·

222 2820 368 2893 neribus
390 2829 426 2894 et
451 2821 654 2894 mulieribus
680 2819 845 2915 exigitur,
871 2841 1019 2914 quorum
1042 2817 1089 2915 (b)
1113 2828 1349 2915 procuratores
1374 2827 1410 2893 et
1436 2817 1632 2892 defensores

221 2944 470 3016 restitutionem
489 2945 692 3040 implorant,
712 2967 734 3018 a
750 2943 1028 3041 procuratoribus
1046 2943 1220 3016 statutisa
1242 2942 1342 3014 nobis
1358 2943 1413 3015 vel
1430 2963 1450 3015 a
1468 2941 1631 3037 magistre

218 3067 403 3160 justitiario
423 3075 541 3141 nostro
559 3077 621 3141 aut
638 3069 818 3162 regInnum
832 3067 1044 3162 justitiariis,
1062 3067 1192 3162 quibus
1207 3067 1244 3140 in
1266 3067 1379 3140 causis
1400 3067 1525 3140 nestris
1541 3067 1628 3140 civi·

221 3191 315 3264 libus
340 3201 375 3264 et
399 3192 633 3266 criminalibus
660 3192 834 3266 statuendi
862 3201 1099 3290 procuratores
1125 3200 1161 3264 et
1185 3190 1382 3265 defensores
1407 3189 1628 3266 concedimus

220 3315 437 3404 facultatem,
456 3316 653 3389 nullatenus
670 3315 844 3410 exigatur.

639 3583 839 3658 rrrunus
867 3582 995 3656 xnrv.
1026 3587 1095 3654 nn
1119 3579 1208 3680 (tt).

546 3733 594 3806 lte
610 3731 672 3833 jin
693 3731 874 3834 capum]
896 3737 1098 3809 restitutione
1117 3735 1304 3806 mulierum.

758 3909 851 3958 rnna
875 3909 1084 3960 nuousrus.

272 4031 522 4105 Obscuritatem
536 4031 624 4124 legis
642 4031 715 4109 divi
730 4035 822 4130 ragis
837 4037 971 4131 Rogerii
989 4036 1035 4134 lc)
1050 4036 1108 4109 avi
1130 4035 1234 4108 nostri
1251 4034 1295 4108 dc
1305 4034 1526 4109 restituendis
1540 4059 1625 4110 mu-

220 4181 346 4256 lionem
360 4179 537 4244 melleum
550 4184 736 4262 comparendi
748 4202 801 4264 per
812 4191 1015 4264 procuratores
1024 4201 1093 4246 cum
1104 4183 1266 4246 mlnorlbus
1276 4185 1523 4248 communicatum
1532 4185 1624 4250 mnne

219 4287 349 4348 videtur.

265 4389 307 4472 (a)
328 4391 439 4455 (lraeec
454 4413 463 4456 ι
478 4391 529 4455 scd
539 4412 572 4456 eo
583 4413 674 4480 cepaea
685 4413 859 4461 recusam
871 4403 906 4461 at
918 4395 959 4459 ael
965 4393 1132 4479 petendum,
1145 4404 1209 4474 etc,
1223 4398 1304 4478 quud
1317 4399 1422 4461 mellus
1435 4415 1538 4463 nonme
1551 4399 1622 4462 Car·

219 4515 314 4560 canna
325 4499 408 4561 dlclt.

265 4601 307 4685 (a)
326 4605 501 4688 eneam
518 4607 633 4692 mile·

262 4708 301 4790 lo
323 4713 358 4772 1n
374 4727 479 4792 gneo
492 4714 674 4796 reniale,
688 4718 775 4781 noe.
789 4719 848 4784 vn
860 4735 961 4800 upra,
975 4724 1022 4784 nt.
1038 4721 1116 4784 xnr.

301 4819 355 4881 Ill.
