4298 5906
494 567 563 632 '228
953 561 1090 624 NOVAE
1114 551 1466 620 cunsllruulonus

503 711 618 779 nostre
639 701 736 776 curie
758 709 889 774 certum
913 698 1093 774 servitium
1114 693 1257 766 minime
1278 690 1464 781 debeatur,
1485 687 1718 784 possessiones
1737 689 1913 768 heredita-

501 829 571 904 rias
593 829 650 901 vel
674 825 928 922 patrimoniales
952 822 1105 898 vendere
1122 821 1178 894 vel
1197 818 1327 891 donare
1347 815 1436 888 inter
1455 813 1557 886 vivos
1574 811 1692 910 aliquo
1716 813 1912 890 donationis

501 950 620 1042 modo,
637 950 704 1022 nisi
720 971 767 1022 ex
783 949 916 1044 equalis
933 969 1038 1020 causa
1054 941 1315 1041 permutationis
1327 939 1521 1012 transferre.
1531 937 1689 1012 Ceterum
1700 937 1730 1012 si
1742 939 1779 1012 in
1791 941 1911 1016 ultima

501 1077 677 1150 voluntate
694 1074 846 1170 aliquem
863 1072 907 1146 de
924 1071 1086 1168 predictis
1104 1067 1186 1142 locis
1202 1065 1364 1140 heredem
1381 1062 1582 1156 instituerit,
1600 1072 1684 1136 tunc
1700 1064 1825 1138 domus
1841 1088 1911 1162 que

501 1199 749 1272 institutionem
787 1198 842 1271 vel
872 1197 1023 1290 legatum
1054 1192 1241 1296 acceperit,
1271 1196 1428 1263 teneatur
1457 1185 1547 1260 inira
1575 1209 1706 1260 annum
1730 1189 1834 1262 alicui
1865 1192 1911 1266 de

500 1323 669 1420 proximis
678 1321 832 1397 defuncti
848 1323 904 1394 vel
916 1320 962 1394 de
977 1318 1207 1414 burgensibus
1224 1313 1350 1388 nostris
1361 1311 1482 1386 relicta
1495 1311 1634 1386 stabilia
1645 1311 1815 1406 vendere;
1830 1323 1866 1386 at
1880 1315 1910 1388 si

500 1449 589 1522 ultra
603 1471 734 1521 annum
747 1450 860 1520 iacere
872 1445 1027 1543 predicta
1041 1443 1221 1532 distulerit,
1237 1438 1470 1537 possessiones
1481 1439 1574 1536 ipsas
1588 1446 1666 1534 post
1678 1439 1761 1510 anni
1774 1439 1910 1534 lapsum

499 1573 573 1648 lisci
591 1573 697 1647 nostri
710 1572 849 1666 juribus
866 1572 1029 1644 volumus
1046 1567 1210 1666 applicari
1227 1564 1293 1660 (l).
1314 1567 1364 1638 De
1377 1563 1481 1636 rebus
1498 1572 1614 1636 autem
1631 1563 1910 1662 quibuscumque

502 1795 620 1847 snostm
639 1789 736 1846 iratres
747 1786 891 1861 llospitalis
904 1787 1002 1844 Sancte
1019 1785 1102 1842 lllarie
1118 1781 1354 1852 Theotonicorum,
1366 1773 1566 1851 fidelesnost'ri,
1580 1779 1651 1852 quud
1667 1785 1759 1838 eontra
1772 1781 1909 1854 privilegia

500 1907 515 1938 s
530 1885 597 1960 ipsis
610 1884 874 1960 apredecessoribus
886 1883 985 1942 nostris
996 1889 1024 1940 et
1035 1881 1113 1941 nub's
1127 1895 1269 1950 concessa,
1280 1893 1331 1953 per
1340 1877 1467 1936 officiales
1479 1883 1585 1936 nostrus
1595 1877 1623 1934 in
1636 1876 1729 1935 multis
1746 1885 1837 1936 contra
1846 1881 1907 1952 jus·

502 2003 516 2038 s
532 1984 617 2041 titium
628 1984 812 2042 molestantur.
823 1983 882 2053 Qus
892 1981 1028 2056 priuilegia
1039 1997 1099 2038 cunr
1112 1985 1203 2038 noshu
1214 1976 1366 2052 conspectui
1378 1975 1595 2034 mandaverimus
1607 1976 1769 2050 presentari,
1779 1976 1842 2036 licet
1853 1995 1909 2038 uon

502 2101 516 2135 s
531 2082 592 2156 ipsa
605 2080 759 2140 authentica
771 2086 800 2138 el
813 2079 965 2155 ongualia,
983 2079 1031 2136 sed
1044 2078 1163 2152 ipsorum
1180 2083 1287 2133 tenores
1297 2073 1405 2150 publica
1415 2089 1496 2130 manu
1511 2078 1694 2148 transumptos
1704 2074 1781 2133 uobis
1793 2092 1910 2150 pressu.

502 2199 515 2234 a
532 2185 671 2248 maerent,
690 2179 724 2238 iis
744 2183 834 2236 hmeu
848 2192 902 2252 que
915 2176 1120 2235 continebuntur
1142 2175 1170 2231 iu
1192 2175 1232 2231 eis
1251 2172 1392 2246 diligenter
1409 2171 1538 2246 inspectis
1549 2176 1578 2228 et
1590 2171 1625 2228 ad
1638 2171 1728 2229 limam
1745 2174 1908 2233 muretensis

501 2297 514 2331 n
530 2285 620 2336 nosue
632 2277 764 2348 reductis,
777 2275 896 2335 volentes
908 2291 1002 2334 eorum
1015 2276 1093 2349 jura,
1105 2279 1236 2348 quantum
1247 2273 1306 2330 siue
1318 2271 1387 2344 juris
1399 2270 1484 2328 nostri
1501 2269 1650 2344 prejudicio
1662 2286 1819 2345 possumus,
1831 2271 1908 2332 illesa

499 2397 513 2430 s
527 2376 646 2445 seruari,
662 2374 782 2432 fidelitati
795 2380 841 2432 tue
858 2371 1032 2448 precipiendo
1045 2373 1202 2430 mandamus
1216 2371 1342 2444 palinus
1356 2368 1502 2444 privilegiis
1513 2368 1674 2427 authenticis
1686 2385 1800 2444 quorum
1812 2386 1904 2430 exem·

498 2473 571 2550 »pla
587 2474 660 2549 (aar.
680 2473 810 2548 capitula)
827 2477 918 2530 nostre
937 2471 1011 2528 curie
1031 2475 1183 2544 presentata
1197 2467 1244 2526 tibi
1259 2467 1311 2526 sub
1323 2465 1409 2540 sigillo
1421 2473 1513 2525 nostro
1531 2467 1754 2540 hammittimus,
1767 2469 1907 2544 diligenter

496 2571 669 2646 sinoponus,
689 2571 713 2629 si
730 2569 871 2646 privilegia
888 2569 947 2644 ipsa
960 2569 1123 2643 compereris
1144 2567 1258 2624 lidoliter
1278 2565 1361 2624 luisse
1381 2569 1565 2638 transumpta,
1580 2581 1634 2622 non
1654 2566 1794 2640 permittas
1808 2567 1906 2626 iratres

494 2687 508 2722 n
524 2668 658 2743 predictos
669 2673 762 2725 contra
777 2666 915 2741 privilegia
926 2667 986 2741 ipsa
997 2672 1025 2722 et
1037 2671 1130 2723 contra
1134 2663 1266 2739 justitiam
1277 2662 1427 2734 molestari3
1439 2659 1505 2718 dnm
1519 2668 1607 2719 tamen
1617 2662 1738 2738 [emelia
1749 2669 1775 2721 et
1787 2663 1906 2738 burgen·

493 2789 508 2819 s
522 2769 609 2824 sotice
621 2767 702 2840 repni
714 2766 805 2822 nostri
813 2781 867 2821 nun
877 2762 1021 2822 vendicent
1032 2762 1077 2820 uel
1089 2769 1229 2837 marpeni
1240 2763 1402 2820 monna
1410 2759 1622 2836 pnvtnptonrm
1632 2764 1752 2835 ipsumam
1766 2763 1905 2838 inquibus

493 2883 507 2916 n
522 2862 643 2937 pmernli
654 2861 783 2920 owubalo
794 2862 933 2936 acquisitu
945 2868 972 2919 et
986 2862 1070 2936 justis
1085 2859 1177 2918 titulis
1190 2859 1357 2936 acquirendo
1371 2861 1564 2934 wnflnnentnr
1581 2859 1693 2930 amna,
1707 2861 1785 2918 nullu
1794 2861 1827 2920 de
1839 2879 1904 2922 ωπ-

493 2980 507 3013 s
521 2962 662 3018 stitutione
671 2959 885 3035 premerem
895 2967 1050 3016 nostrumne
1062 2965 1089 3015 et
1101 2964 1193 3014 nostro
1207 2957 1302 3014 habitu
1312 2960 1445 3016 mentione
1453 2997 1461 3028 ,
1469 2974 1521 3033 per
1532 2975 1615 3033 quom
1629 2957 1686 3016 locu
1697 2960 1825 3034 religiosa
1836 2978 1905 3036 qau-

493 3079 507 3112 n
521 3075 633 3131 nmque
646 3057 822 3114 alienationis
846 3057 937 3128 titulo,
949 3063 1041 3132 preter
1061 3054 1280 3113 nmnsnetnclinis
1299 3061 1389 3112 nostre
1410 3071 1518 3112 menam
1531 3055 1681 3129 maculam,
1696 3059 1834 3132 ncqnime
1847 3057 1904 3115 sihi

493 3153 644 3231 »landolini
660 3153 704 3212 oei
717 3153 905 3227 herpmwtiou
915 3153 1102 3227 probibentur.
1115 3153 1298 3210 immunitates
1318 3157 1409 3210 umen
1423 3157 1452 3209 et
1470 3151 1607 3210 libertates
1624 3151 1689 3211 alias
1705 3154 1772 3230 ipsis
1788 3155 1904 3214 indultas

492 3272 507 3306 s
523 3259 580 3310 tam
591 3267 674 3327 super
689 3251 848 3324 herbaticis,
862 3251 996 3326 pedagiis,
1010 3251 1202 3326 phalangetieis
1214 3257 1242 3308 et
1250 3249 1401 3326 specialiter
1411 3250 1446 3308 de
1456 3251 1571 3308 transitu
1583 3251 1644 3308 Fari
1657 3259 1686 3310 et
1699 3253 1733 3310 de
1742 3253 1825 3311 rebus
1837 3269 1903 3328 pro·

491 3369 505 3404 s
520 3349 691 3408 uenientibus
705 3364 738 3408 ex
751 3349 851 3408 letibus
862 3355 891 3407 et
903 3348 1034 3408 lructibus
1045 3348 1247 3424 possessionum
1258 3349 1355 3407 domus
1367 3347 1489 3423 ejusdem
1501 3364 1518 3406 a
1532 3365 1613 3423 regno
1626 3349 1654 3406 in
1668 3348 1774 3424 Syriam
1785 3351 1903 3410 hanala-

490 3467 505 3502 s
521 3446 628 3518 rendis,
642 3447 726 3505 libere
737 3463 786 3522 per
799 3445 925 3506 officiales
934 3451 1039 3505 nosnos
1050 3451 1096 3504 tue
1103 3445 1282 3520 jurisdictioni
1291 3445 1425 3518 subjectus
1439 3444 1506 3520 ipsis
1519 3445 1601 3504 lacius
1609 3447 1795 3508 iuviolabiliter
1806 3449 1901 3508 ohser-

491 3544 588 3604 »aari
604 3545 635 3601 lu
648 3544 860 3619 possessionibus
877 3543 958 3602 eliam
976 3561 1044 3618 quas
1062 3545 1097 3602 ab
1113 3543 1233 3602 ecclesiis
1250 3548 1279 3600 et
1296 3542 1363 3601 loeis
1376 3541 1574 3600 venerabilibus
1593 3543 1653 3602 aliis
1670 3545 1752 3620 jnstis
1771 3547 1856 3608 ulnus
1871 3565 1902 3610 se

492 3661 505 3696 a
522 3640 695 3716 acquisivisse
714 3640 887 3716 probaverint
900 3648 929 3700 et
943 3657 1012 3716 quas
1022 3657 1093 3700 nunc
1104 3639 1214 3717 pacifice
1233 3641 1385 3716 puoeident,
1403 3657 1457 3700 non
1470 3641 1612 3716 permittas
1629 3643 1739 3702 eusdem
1752 3645 1902 3706 mumdum

492 3739 821 3814 seliquamsustinere.»
1771 3743 1778 3756 '

528 3838 564 3913 ll)
582 3839 639 3896 liae
651 3838 839 3898 coustimtione
849 3837 965 3912 innixus,
978 3853 1048 3898 anno
1059 3843 1139 3910 list,
1149 3843 1184 3897 28
1198 3837 1325 3912 octobris,
1332 3837 1457 3914 querelas
1466 3855 1553 3914 pupas
1563 3839 1597 3897 de
1607 3839 1766 3914 spnhnonns
1778 3843 1901 3918 Templa·

489 3933 591 3994 riorum
609 3939 637 3992 et
654 3933 890 4010 lluspitalariorum
903 3937 1090 4010 conquerentis
1107 3938 1179 4010 juste
1196 3935 1294 3994 relsllit
1312 3936 1468 4013 imperator,
1480 3953 1543 3994 eum
1556 3937 1644 3994 dicat:
1660 3937 1818 3998 «Nonnulla
1834 3957 1900 4000 reru

490 4053 505 4088 n
521 4031 688 4106 bnrgesatiua
697 4040 880 4108 queemerunt
889 4041 1015 4094 revocata
1026 4034 1132 4092 suntab
1145 4035 1473 4112 emmeramensem
1482 4037 1596 4110 entique
1606 4039 1809 4097 contitutionis
1819 4044 1901 4114 npni

492 4151 505 4186 n
518 4130 614 4190 Sicilie
625 4133 698 4205 quod
709 4133 776 4191 nihil
789 4141 878 4210 potest
890 4135 931 4193 eis
942 4135 1000 4194 siue
1011 4150 1143 4194 consensu
1155 4134 1282 4210 principis
1293 4135 1328 4192 de
1338 4134 1517 4210 burgosadcis
1530 4134 1600 4193 inter
1606 4135 1683 4194 nvos
1691 4139 1801 4196 ounmdi
1816 4139 1858 4198 rel
1870 4139 1900 4198 in

490 4249 504 4283 n
518 4229 613 4288 ultima
621 4229 754 4290 voluntate
764 4232 927 4308 legari,qnin
939 4240 1002 4308 post
1010 4233 1441 4308 annum,mensem,septimanam
1450 4239 1478 4290 et
1486 4232 1556 4290 dem
1565 4233 1624 4292 aliis
1634 4233 1813 4308 burgensibus
1821 4251 1899 4296 seon·

488 4347 503 4381 s
517 4326 621 4386 laribus
630 4329 746 4388 raudera
759 4337 787 4388 at
799 4331 945 4390 concedere
957 4338 1108 4390 teneantur.
1121 4331 1157 4388 llt
1167 4331 1219 4389 hoc
1231 4337 1374 4406 propterea
1384 4329 1478 4388 luitab
1489 4331 1598 4406 antiquo
1608 4337 1738 4391 statutum
1751 4333 1849 4408 quiasi
1862 4335 1898 4394 li-

490 4424 581 4484 sbere
594 4426 635 4484 eis
648 4433 676 4484 et
688 4435 819 4502 perpetuo
831 4429 997 4505 burgasatica
1008 4431 1100 4488 liceret
1113 4445 1202 4488 emere
1216 4430 1275 4488 sire
1287 4430 1421 4504 accipere,
1434 4430 1540 4489 modico
1553 4437 1674 4506 tempore
1686 4437 1773 4490 worm
1786 4449 1898 4508 mum

489 4542 503 4578 n
518 4523 625 4584 Sicilie.
639 4566 647 4580 .
660 4565 668 4582 .
680 4567 688 4582 .
701 4533 822 4585 emerent
835 4534 863 4585 et
876 4529 1058 4602 acquirerent3
1069 4533 1097 4586 el
1107 4529 1158 4586 hec
1167 4528 1261 4586 eadem
1270 4529 1424 4612 constitutio
1434 4528 1537 4588 obtinet
1547 4530 1618 4588 ultra
1629 4545 1732 4589 mare.»
1741 4529 1782 4588 Cf.
1791 4535 1899 4592 anim

487 4621 533 4680 des
551 4623 709 4696 manen,
730 4639 789 4700 cap.
807 4625 908 4699 mv,
929 4643 958 4702 p.
977 4629 1046 4698 255,
1063 4632 1093 4686 et
1111 4625 1206 4686 chart.
1224 4627 1388 4686 Antiochensi
1401 4629 1538 4704 principia
1554 4645 1599 4704 ap.
1612 4629 1710 4702 Panna,
1726 4629 1784 4704 nl,
1805 4647 1834 4707 p.
1850 4633 1897 4704 dl,

486 4730 519 4776 u⁰
533 4721 664 4782 lxxvll.
