4360 5908
555 592 615 655 318
1055 595 1270 658 carectum
1296 593 1469 658 saccant
1782 594 1862 674 [dra.
1881 593 1961 660 1232

557 750 635 800 mus
651 737 688 800 ut
705 728 800 802 nulla
817 727 959 802 omnino
973 749 1119 824 persona
1134 731 1204 805 alta
1217 733 1275 806 vel
1286 731 1443 823 humitis,
1460 729 1690 804 ecclesiastica
1707 731 1764 802 vel
1778 730 1963 824 mundana,

555 851 744 949 predictam
764 852 1055 930 confirmationem
1072 865 1108 932 et
1119 857 1375 932 concessionem
1388 863 1539 930 noscam
1556 855 1745 950 intringere
1762 877 1825 930 seu
1842 856 1966 931 violare

558 986 743 1073 presumat.
767 979 870 1066 Quod
891 979 952 1076 qni
970 981 1216 1078 presumpserit
1239 991 1353 1078 preter
1373 1003 1500 1079 penam
1517 1001 1588 1076 qne
1607 979 1645 1052 io
1670 979 1765 1055 dicto
1789 981 1966 1078 privilegio

557 1105 764 1194 continetur,
776 1105 1030 1180 centumlibraa
1042 1105 1118 1179 anri
1129 1116 1325 1202 componat,
1336 1106 1521 1182 medietate
1530 1115 1830 1180 camerenostreet
1841 1107 1965 1202 reliqna

557 1227 740 1303 medietate
753 1229 865 1325 passis
882 1229 1043 1324 injuriam
1057 1231 1300 1327 persolvenda.
1314 1231 1360 1305 Ut
1375 1231 1481 1327 igitur
1498 1251 1639 1326 presens
1650 1229 1828 1304 concessio
1844 1239 1879 1304 et
1890 1251 1966 1303 con·

560 1351 708 1429 firmatio
733 1365 849 1430 nosue
873 1355 980 1430 robur
1009 1357 1163 1431 obtineat
1186 1366 1351 1454 perpetue
1377 1355 1564 1448 firmitatis,
1583 1375 1727 1452 presens
1751 1354 1966 1451 privitefflum

560 1476 634 1552 fieri
656 1487 691 1552 et
715 1479 811 1554 butte
834 1477 978 1580 [aurea]
1005 1481 1140 1578 typario
1158 1491 1273 1556 nostre
1295 1481 1483 1577 majestatie
1504 1481 1671 1579 impressa
1694 1481 1863 1576 jussimus
1878 1501 1966 1554 com·

559 1624 699 1677 munnn.

609 1731 721 1824 Hujus
733 1739 850 1804 autem
864 1729 914 1804 rei
927 1738 1031 1804 testes
1044 1740 1142 1804 sunt:
1159 1733 1199 1805 B.
1216 1731 1424 1806 venerabilis
1440 1729 1489 1828 (a)
1504 1729 1698 1828 patriarcha
1710 1729 1965 1827 Aquilegensis,

456 1929 468 1950 x
559 1856 601 1928 Ε.
629 1854 929 1951 Papimbergensis
954 1855 1157 1953 episcopus,
1191 1857 1235 1929 Η.
1264 1855 1511 1930 vormatiensis
1536 1856 1792 1953 episcopue,...
1823 1854 1969 1928 Polensis

561 1979 761 2076 episcopus,
789 1979 833 2052 Α.
855 1981 932 2055 dux
953 1983 1120 2072 Saxonis,
1148 1982 1189 2054 0.
1211 1981 1289 2055 dux
1304 1981 1472 2075 Meranie,
1497 1982 1538 2054 B.
1556 1981 1633 2056 dux
1650 1979 1841 2072 Corinthie,
1860 2001 1970 2056 comes

562 2107 605 2177 H.
627 2104 1002 2199 deWaldenberoh,...
1019 2105 1173 2180 marchio
1190 2107 1341 2199 Lancea,
1360 2103 1548 2180 Riccardus
1564 2105 1753 2204 imperialis
1768 2105 1850 2180 anie
1862 2125 1969 2179 came·

565 2229 697 2319 rarius,
717 2239 752 2302 ct
768 2229 828 2303 aiii
845 2231 1080 2328 quamplures.

613 2354 758 2450 Signum
773 2353 822 2452 (d)
839 2353 970 2428 domini
986 2352 1150 2429 Friderici
1171 2352 1234 2426 Dei
1249 2352 1361 2450 gratia
1380 2352 1599 2427 invictissimi
1614 2354 1849 2430 Romanorum
1866 2353 1970 2450 impe-

566 2481 688 2554 ratoris
702 2501 839 2578 semper
851 2481 1003 2576 augusti,
1022 2479 1210 2554 Jerusalem
1224 2487 1259 2554 et
1275 2479 1391 2554 Sicilie
1405 2480 1511 2575 regie.

614 2607 688 2701 Ego
697 2605 844 2680 Sitridns
856 2605 1113 2702 Ratisponensis
1128 2605 1312 2704 episcopus
1326 2613 1361 2680 et
1371 2604 1547 2702 imperalis
1558 2605 1639 2679 aule
1650 2603 1887 2697 cancellarios,
1899 2604 1971 2678 vice

568 2729 702 2805 domini
718 2733 760 2805 Η.
780 2731 990 2806 venerabilis
1007 2730 1219 2805 Coloniensis
1235 2731 1482 2828 archiepiscopi
1499 2731 1537 2804 in
1554 2731 1651 2806 ltalia
1665 2729 1970 2821 archicancellarii,

563 2857 762 2952 recognovi.

615 2982 701 3057 Acta
714 2991 796 3056 sunt
810 2983 876 3057 hee
891 3002 983 3055 anno
998 2979 1173 3055 dominice
1196 2981 1442 3056 incarnationis
1461 2982 1642 3057 millesimo
1657 2981 1895 3057 ducentesimo
1916 2982 1974 3055 tri·

568 3107 699 3202 gesimo
721 3107 891 3199 secundo,
917 3125 1037 3180 mense
1063 3105 1194 3198 martii,
1223 3106 1344 3202 quinte
1367 3107 1583 3198 indictionis,
1615 3107 1805 3203 imperante
1838 3105 1973 3182 domiuo

569 3241 685 3307 nostro
710 3229 881 3304 Fridcrico
899 3231 961 3304 Dei
984 3232 1094 3326 gratia
1118 3230 1345 3306 invictissimo
1368 3231 1600 3307 Romanorum
1621 3232 1825 3328 imperatore
1845 3250 1974 3329 semper

568 3366 733 3454 angusto,
752 3357 938 3430 Jerusalem
955 3365 989 3430 et
1011 3357 1126 3430 Sicilie
1143 3377 1241 3452 rege,
1261 3378 1354 3431 anno
1377 3357 1511 3454 imperii
1529 3359 1605 3452 ejus
1622 3355 1852 3451 duodecimo,
1880 3355 1973 3453 regui

567 3481 751 3555 Ierusalem
769 3481 932 3578 septimo,
952 3481 1052 3572 regni
1066 3501 1150 3555 vero
1164 3480 1278 3556 Sicilie
1295 3481 1471 3578 trigesimo
1487 3489 1624 3578 quarto,
1643 3481 1797 3556 feliciter.
1816 3481 1940 3556 Amen.

616 3608 742 3680 Datum
759 3607 930 3698 venetiis,
949 3627 1058 3700 anno,
1080 3627 1200 3681 mense
1213 3615 1248 3680 et
1261 3605 1449 3683 indictione
1466 3607 1678 3706 prescriptis.

441 4197 525 4293 num,
623 4169 865 4254 Meinhardns
878 4169 1010 4280 junior
1027 4195 1154 4254 comes
1171 4171 1220 4254 de
1237 4171 1386 4279 Geraia,
1406 4172 1673 4283 inpraesentia
1689 4173 1877 4256 frederici
1893 4171 1974 4256 Ro-

409 4301 465 4338 ”²¹¹²
476 4307 496 4338 ⁰·
573 4329 773 4387 manorum
788 4303 1026 4413 imperatoris
1053 4315 1090 4388 et
1115 4297 1340 4416 magnatum
1357 4306 1531 4418 imperii,
1559 4308 1778 4393 Hermanno
1795 4305 1975 4418 magistro

571 4437 767 4547 hospitalis
803 4437 1122 4522 Theutcnicorum
1157 4439 1326 4551 resignet
1360 4441 1547 4552 quidquid
1581 4441 1825 4528 Meinhardns
1856 4438 1976 4524 senior

610 4627 654 4708 (a)
675 4628 731 4690 lito
742 4644 860 4708 quoque
872 4629 995 4704 ccmric,
1009 4629 1097 4691 mate.

610 4733 652 4817 (b)
673 4737 730 4815 Ap.
745 4735 911 4798 &ruolium
926 4735 1052 4818 Siquam
1064 4755 1179 4801 mccc.
1304 4789 1306 4796 .
