<?xml version="1.0" encoding="UTF-8"?>
<!DOCTYPE html PUBLIC "-//W3C//DTD XHTML 1.0 Transitional//EN"
    "http://www.w3.org/TR/xhtml1/DTD/xhtml1-transitional.dtd">
<html xmlns="http://www.w3.org/1999/xhtml" xml:lang="en" lang="en">
 <head>
  <title>
</title>
<meta http-equiv="Content-Type" content="text/html;charset=utf-8" />
  <meta name='ocr-system' content='tesseract 3.04.00' />
  <meta name='ocr-capabilities' content='ocr_page ocr_carea ocr_par ocr_line ocrx_word'/>
</head>
<body>
  <div class='ocr_page' id='page_1' title='image "./historiadiploma07fredgoog_0260.png"; bbox 0 0 4298 5906; ppageno 0'>
   <div class='ocr_carea' id='block_1_1' title="bbox 513 563 1923 802">
    <p class='ocr_par' dir='ltr' id='par_1_1' title="bbox 513 563 1923 802">
     <span class='ocr_line' id='line_1_1' title="bbox 513 563 1521 632; baseline -0.007 0"><span class='ocrx_word' id='word_1_1' title='bbox 513 571 574 632; x_wconf 72' lang='grc'><strong>246</strong></span> <span class='ocrx_word' id='word_1_2' title='bbox 919 567 1128 631; x_wconf 74' lang='lat' dir='ltr'><strong>arundell</strong></span> <span class='ocrx_word' id='word_1_3' title='bbox 1152 563 1521 627; x_wconf 77' lang='lat' dir='ltr'><strong>cousrtrurtouuu.</strong></span> 
     </span>
     <span class='ocr_line' id='line_1_2' title="bbox 514 702 1923 802; baseline 0 -24"><span class='ocrx_word' id='word_1_4' title='bbox 514 707 628 781; x_wconf 89' lang='lat' dir='ltr'><strong>landis</strong></span> <span class='ocrx_word' id='word_1_5' title='bbox 645 707 706 779; x_wconf 86' lang='lat' dir='ltr'><strong>tibi</strong></span> <span class='ocrx_word' id='word_1_6' title='bbox 718 706 921 802; x_wconf 90' lang='lat' dir='ltr'><strong>acquiritur,</strong></span> <span class='ocrx_word' id='word_1_7' title='bbox 933 705 1030 800; x_wconf 91' lang='lat' dir='ltr'><strong>quod</strong></span> <span class='ocrx_word' id='word_1_8' title='bbox 1041 705 1213 802; x_wconf 80' lang='lat' dir='ltr'><strong>premium</strong></span> <span class='ocrx_word' id='word_1_9' title='bbox 1228 725 1249 776; x_wconf 87' lang='lat' dir='ltr'><strong>a</strong></span> <span class='ocrx_word' id='word_1_10' title='bbox 1262 702 1406 776; x_wconf 86' lang='lat' dir='ltr'><strong>dextera</strong></span> <span class='ocrx_word' id='word_1_11' title='bbox 1416 711 1530 775; x_wconf 90' lang='lat' dir='ltr'><strong>nostre</strong></span> <span class='ocrx_word' id='word_1_12' title='bbox 1543 703 1731 796; x_wconf 74' lang='lat' dir='ltr'><strong>maiestatis</strong></span> <span class='ocrx_word' id='word_1_13' title='bbox 1744 713 1923 800; x_wconf 80' lang='lat' dir='ltr'><strong>expectes3</strong></span> 
     </span>
    </p>
   </div>
   <div class='ocr_carea' id='block_1_2' title="bbox 514 955 1931 4023">
    <p class='ocr_par' dir='ltr' id='par_1_2' title="bbox 514 955 1931 4023">
     <span class='ocr_line' id='line_1_3' title="bbox 516 955 1928 1054; baseline -0.001 -22"><span class='ocrx_word' id='word_1_14' title='bbox 516 959 594 1032; x_wconf 84' lang='lat' dir='ltr'><strong>lites</strong></span> <span class='ocrx_word' id='word_1_15' title='bbox 608 968 642 1032; x_wconf 90' lang='lat' dir='ltr'><strong>et</strong></span> <span class='ocrx_word' id='word_1_16' title='bbox 657 959 858 1032; x_wconf 84' lang='lat' dir='ltr'><strong>victualium</strong></span> <span class='ocrx_word' id='word_1_17' title='bbox 872 957 971 1054; x_wconf 93' lang='lat' dir='ltr'><strong>copia</strong></span> <span class='ocrx_word' id='word_1_18' title='bbox 982 957 1162 1030; x_wconf 88' lang='lat' dir='ltr'><strong>affluenter</strong></span> <span class='ocrx_word' id='word_1_19' title='bbox 1175 956 1361 1046; x_wconf 85' lang='lat' dir='ltr'><strong>exuberat,</strong></span> <span class='ocrx_word' id='word_1_20' title='bbox 1381 975 1444 1050; x_wconf 89' lang='lat' dir='ltr'><strong>per</strong></span> <span class='ocrx_word' id='word_1_21' title='bbox 1456 963 1569 1052; x_wconf 88' lang='lat' dir='ltr'><strong>partes</strong></span> <span class='ocrx_word' id='word_1_22' title='bbox 1582 955 1669 1028; x_wconf 89' lang='lat' dir='ltr'><strong>alias</strong></span> <span class='ocrx_word' id='word_1_23' title='bbox 1679 955 1928 1048; x_wconf 87' lang='lat' dir='ltr'><strong>jurisdictionis</strong></span> 
     </span>
     <span class='ocr_line' id='line_1_4' title="bbox 516 1081 1930 1178; baseline -0.004 -19"><span class='ocrx_word' id='word_1_24' title='bbox 516 1083 673 1178; x_wconf 89' lang='lat' dir='ltr'><strong>ejusdem</strong></span> <span class='ocrx_word' id='word_1_25' title='bbox 688 1086 856 1158; x_wconf 89' lang='lat' dir='ltr'><strong>scelerum</strong></span> <span class='ocrx_word' id='word_1_26' title='bbox 873 1081 1028 1177; x_wconf 78' lang='lat' dir='ltr'><strong>nequitia</strong></span> <span class='ocrx_word' id='word_1_27' title='bbox 1041 1089 1267 1178; x_wconf 88' lang='lat' dir='ltr'><strong>perpetratur.</strong></span> <span class='ocrx_word' id='word_1_28' title='bbox 1286 1082 1446 1176; x_wconf 82' lang='lat' dir='ltr'><strong>Deponas</strong></span> <span class='ocrx_word' id='word_1_29' title='bbox 1462 1101 1588 1176; x_wconf 82' lang='lat' dir='ltr'><strong>nempe</strong></span> <span class='ocrx_word' id='word_1_30' title='bbox 1601 1081 1734 1155; x_wconf 89' lang='lat' dir='ltr'><strong>nutrire</strong></span> <span class='ocrx_word' id='word_1_31' title='bbox 1745 1089 1877 1172; x_wconf 88' lang='lat' dir='ltr'><strong>cutem,</strong></span> <span class='ocrx_word' id='word_1_32' title='bbox 1894 1091 1930 1156; x_wconf 91' lang='lat' dir='ltr'><strong>et</strong></span> 
     </span>
     <span class='ocr_line' id='line_1_5' title="bbox 516 1203 1928 1306; baseline -0.001 -24"><span class='ocrx_word' id='word_1_33' title='bbox 516 1209 655 1306; x_wconf 85' lang='lat' dir='ltr'><strong>Epicuri</strong></span> <span class='ocrx_word' id='word_1_34' title='bbox 674 1209 815 1282; x_wconf 79' lang='lat' dir='ltr'><strong>studeas</strong></span> <span class='ocrx_word' id='word_1_35' title='bbox 832 1209 939 1281; x_wconf 88' lang='lat' dir='ltr'><strong>vitam</strong></span> <span class='ocrx_word' id='word_1_36' title='bbox 959 1207 1094 1300; x_wconf 90' lang='lat' dir='ltr'><strong>ejicere.</strong></span> <span class='ocrx_word' id='word_1_37' title='bbox 1115 1206 1158 1279; x_wconf 88' lang='lat' dir='ltr'><strong>Et</strong></span> <span class='ocrx_word' id='word_1_38' title='bbox 1175 1213 1216 1278; x_wconf 97' lang='lat' dir='ltr'><strong>ut</strong></span> <span class='ocrx_word' id='word_1_39' title='bbox 1238 1204 1285 1279; x_wconf 88' lang='lat' dir='ltr'><strong>ad</strong></span> <span class='ocrx_word' id='word_1_40' title='bbox 1298 1203 1532 1280; x_wconf 83' lang='lat' dir='ltr'><strong>exercendum</strong></span> <span class='ocrx_word' id='word_1_41' title='bbox 1554 1204 1616 1277; x_wconf 91' lang='lat' dir='ltr'><strong>tibi</strong></span> <span class='ocrx_word' id='word_1_42' title='bbox 1632 1205 1853 1280; x_wconf 87' lang='lat' dir='ltr'><strong>commissum</strong></span> <span class='ocrx_word' id='word_1_43' title='bbox 1876 1210 1928 1281; x_wconf 86' lang='lat' dir='ltr'><strong>ot·</strong></span> 
     </span>
     <span class='ocr_line' id='line_1_6' title="bbox 517 1329 1929 1428; baseline 0.001 -23"><span class='ocrx_word' id='word_1_44' title='bbox 517 1332 632 1407; x_wconf 86' lang='lat' dir='ltr'><strong>licium</strong></span> <span class='ocrx_word' id='word_1_45' title='bbox 652 1331 715 1406; x_wconf 88' lang='lat' dir='ltr'><strong>lias</strong></span> <span class='ocrx_word' id='word_1_46' title='bbox 730 1333 867 1428; x_wconf 84' lang='lat' dir='ltr'><strong>agilior,</strong></span> <span class='ocrx_word' id='word_1_47' title='bbox 887 1341 1075 1428; x_wconf 83' lang='lat' dir='ltr'><strong>postponas</strong></span> <span class='ocrx_word' id='word_1_48' title='bbox 1087 1332 1190 1420; x_wconf 91' lang='lat' dir='ltr'><strong>etiam</strong></span> <span class='ocrx_word' id='word_1_49' title='bbox 1204 1351 1275 1426; x_wconf 92' lang='lat' dir='ltr'><strong>que</strong></span> <span class='ocrx_word' id='word_1_50' title='bbox 1290 1351 1415 1426; x_wconf 83' lang='lat' dir='ltr'><strong>corpus</strong></span> <span class='ocrx_word' id='word_1_51' title='bbox 1427 1329 1582 1404; x_wconf 85' lang='lat' dir='ltr'><strong>nutriunt</strong></span> <span class='ocrx_word' id='word_1_52' title='bbox 1600 1330 1647 1404; x_wconf 90' lang='lat' dir='ltr'><strong>ad</strong></span> <span class='ocrx_word' id='word_1_53' title='bbox 1658 1330 1827 1424; x_wconf 89' lang='lat' dir='ltr'><strong>quietem,</strong></span> <span class='ocrx_word' id='word_1_54' title='bbox 1846 1353 1929 1406; x_wconf 92' lang='lat' dir='ltr'><strong>cnm</strong></span> 
     </span>
     <span class='ocr_line' id='line_1_7' title="bbox 516 1454 1929 1553; baseline -0.001 -20"><span class='ocrx_word' id='word_1_55' title='bbox 516 1479 584 1532; x_wconf 92' lang='lat' dir='ltr'><strong>non</strong></span> <span class='ocrx_word' id='word_1_56' title='bbox 603 1459 649 1530; x_wconf 93' lang='lat' dir='ltr'><strong>sit</strong></span> <span class='ocrx_word' id='word_1_57' title='bbox 665 1457 916 1553; x_wconf 89' lang='lat' dir='ltr'><strong>quiescendum</strong></span> <span class='ocrx_word' id='word_1_58' title='bbox 930 1455 1077 1552; x_wconf 90' lang='lat' dir='ltr'><strong>presidi,</strong></span> <span class='ocrx_word' id='word_1_59' title='bbox 1105 1454 1170 1528; x_wconf 88' lang='lat' dir='ltr'><strong>sed</strong></span> <span class='ocrx_word' id='word_1_60' title='bbox 1192 1455 1355 1527; x_wconf 89' lang='lat' dir='ltr'><strong>continue</strong></span> <span class='ocrx_word' id='word_1_61' title='bbox 1374 1454 1419 1528; x_wconf 90' lang='lat' dir='ltr'><strong>sit</strong></span> <span class='ocrx_word' id='word_1_62' title='bbox 1434 1454 1622 1548; x_wconf 85' lang='lat' dir='ltr'><strong>agendum.</strong></span> <span class='ocrx_word' id='word_1_63' title='bbox 1641 1455 1684 1528; x_wconf 82' lang='lat' dir='ltr'><strong>Et</strong></span> <span class='ocrx_word' id='word_1_64' title='bbox 1701 1455 1751 1529; x_wconf 92' lang='lat' dir='ltr'><strong>sic</strong></span> <span class='ocrx_word' id='word_1_65' title='bbox 1764 1458 1929 1531; x_wconf 88' lang='lat' dir='ltr'><strong>commis·</strong></span> 
     </span>
     <span class='ocr_line' id='line_1_8' title="bbox 514 1578 1927 1676; baseline 0 -20"><span class='ocrx_word' id='word_1_66' title='bbox 514 1606 591 1656; x_wconf 92' lang='lat' dir='ltr'><strong>sum</strong></span> <span class='ocrx_word' id='word_1_67' title='bbox 605 1582 667 1654; x_wconf 91' lang='lat' dir='ltr'><strong>tibi</strong></span> <span class='ocrx_word' id='word_1_68' title='bbox 685 1581 860 1655; x_wconf 92' lang='lat' dir='ltr'><strong>modicum</strong></span> <span class='ocrx_word' id='word_1_69' title='bbox 873 1581 1027 1676; x_wconf 88' lang='lat' dir='ltr'><strong>regimen</strong></span> <span class='ocrx_word' id='word_1_70' title='bbox 1045 1579 1228 1672; x_wconf 81' lang='lat' dir='ltr'><strong>vigilanter</strong></span> <span class='ocrx_word' id='word_1_71' title='bbox 1242 1588 1277 1652; x_wconf 93' lang='lat' dir='ltr'><strong>et</strong></span> <span class='ocrx_word' id='word_1_72' title='bbox 1293 1578 1483 1676; x_wconf 90' lang='lat' dir='ltr'><strong>prudenter</strong></span> <span class='ocrx_word' id='word_1_73' title='bbox 1500 1599 1680 1673; x_wconf 80' lang='lat' dir='ltr'><strong>exerceas,</strong></span> <span class='ocrx_word' id='word_1_74' title='bbox 1702 1580 1797 1675; x_wconf 91' lang='lat' dir='ltr'><strong>qnod</strong></span> <span class='ocrx_word' id='word_1_75' title='bbox 1812 1581 1847 1654; x_wconf 95' lang='lat' dir='ltr'><strong>in</strong></span> <span class='ocrx_word' id='word_1_76' title='bbox 1865 1581 1927 1656; x_wconf 87' lang='lat' dir='ltr'><strong>de-</strong></span> 
     </span>
     <span class='ocr_line' id='line_1_9' title="bbox 515 1704 1930 1802; baseline -0.001 -21"><span class='ocrx_word' id='word_1_77' title='bbox 515 1715 607 1781; x_wconf 91' lang='lat' dir='ltr'><strong>creta</strong></span> <span class='ocrx_word' id='word_1_78' title='bbox 631 1706 691 1777; x_wconf 92' lang='lat' dir='ltr'><strong>tibi</strong></span> <span class='ocrx_word' id='word_1_79' title='bbox 715 1705 891 1802; x_wconf 88' lang='lat' dir='ltr'><strong>provincia</strong></span> <span class='ocrx_word' id='word_1_80' title='bbox 917 1705 1082 1800; x_wconf 89' lang='lat' dir='ltr'><strong>promisse</strong></span> <span class='ocrx_word' id='word_1_81' title='bbox 1104 1705 1392 1798; x_wconf 79' lang='lat' dir='ltr'><strong>transgressiones</strong></span> <span class='ocrx_word' id='word_1_82' title='bbox 1407 1713 1442 1779; x_wconf 94' lang='lat' dir='ltr'><strong>et</strong></span> <span class='ocrx_word' id='word_1_83' title='bbox 1464 1704 1548 1778; x_wconf 89' lang='lat' dir='ltr'><strong>vitia</strong></span> <span class='ocrx_word' id='word_1_84' title='bbox 1564 1704 1793 1800; x_wconf 88' lang='lat' dir='ltr'><strong>depellantur.</strong></span> <span class='ocrx_word' id='word_1_85' title='bbox 1815 1707 1930 1793; x_wconf 90' lang='lat' dir='ltr'><strong>Quare</strong></span> 
     </span>
     <span class='ocr_line' id='line_1_10' title="bbox 515 1829 1930 1926; baseline 0.001 -22"><span class='ocrx_word' id='word_1_86' title='bbox 515 1830 671 1904; x_wconf 88' lang='lat' dir='ltr'><strong>fidelitati</strong></span> <span class='ocrx_word' id='word_1_87' title='bbox 691 1840 767 1922; x_wconf 91' lang='lat' dir='ltr'><strong>tne,</strong></span> <span class='ocrx_word' id='word_1_88' title='bbox 793 1831 859 1902; x_wconf 91' lang='lat' dir='ltr'><strong>sub</strong></span> <span class='ocrx_word' id='word_1_89' title='bbox 874 1830 1017 1903; x_wconf 90' lang='lat' dir='ltr'><strong>obtentu</strong></span> <span class='ocrx_word' id='word_1_90' title='bbox 1037 1839 1152 1904; x_wconf 88' lang='lat' dir='ltr'><strong>nostre</strong></span> <span class='ocrx_word' id='word_1_91' title='bbox 1167 1829 1294 1924; x_wconf 86' lang='lat' dir='ltr'><strong>gratie,</strong></span> <span class='ocrx_word' id='word_1_92' title='bbox 1316 1829 1458 1904; x_wconf 88' lang='lat' dir='ltr'><strong>tirmiter</strong></span> <span class='ocrx_word' id='word_1_93' title='bbox 1474 1837 1510 1904; x_wconf 93' lang='lat' dir='ltr'><strong>et</strong></span> <span class='ocrx_word' id='word_1_94' title='bbox 1527 1850 1691 1925; x_wconf 84' lang='lat' dir='ltr'><strong>expresse</strong></span> <span class='ocrx_word' id='word_1_95' title='bbox 1707 1830 1930 1926; x_wconf 85' lang='lat' dir='ltr'><strong>precipiendo</strong></span> 
     </span>
     <span class='ocr_line' id='line_1_11' title="bbox 514 1953 1929 2052; baseline 0.001 -26"><span class='ocrx_word' id='word_1_96' title='bbox 514 1953 722 2027; x_wconf 88' lang='lat' dir='ltr'><strong>mandamus</strong></span> <span class='ocrx_word' id='word_1_97' title='bbox 744 1963 915 2048; x_wconf 84' lang='lat' dir='ltr'><strong>qnatenus</strong></span> <span class='ocrx_word' id='word_1_98' title='bbox 940 1975 1002 2049; x_wconf 94' lang='lat' dir='ltr'><strong>per</strong></span> <span class='ocrx_word' id='word_1_99' title='bbox 1026 1965 1140 2049; x_wconf 89' lang='lat' dir='ltr'><strong>partes</strong></span> <span class='ocrx_word' id='word_1_100' title='bbox 1157 1955 1334 2050; x_wconf 90' lang='lat' dir='ltr'><strong>provincie</strong></span> <span class='ocrx_word' id='word_1_101' title='bbox 1346 1953 1598 2047; x_wconf 88' lang='lat' dir='ltr'><strong>jurisdictionis</strong></span> <span class='ocrx_word' id='word_1_102' title='bbox 1618 1965 1678 2028; x_wconf 91' lang='lat' dir='ltr'><strong>tue</strong></span> <span class='ocrx_word' id='word_1_103' title='bbox 1695 1957 1771 2030; x_wconf 87' lang='lat' dir='ltr'><strong>sine</strong></span> <span class='ocrx_word' id='word_1_104' title='bbox 1788 1955 1929 2052; x_wconf 89' lang='lat' dir='ltr'><strong>dispen-</strong></span> 
     </span>
     <span class='ocr_line' id='line_1_12' title="bbox 516 2077 1928 2176; baseline 0 -24"><span class='ocrx_word' id='word_1_105' title='bbox 516 2077 575 2152; x_wconf 92' lang='lat' dir='ltr'><strong>dio</strong></span> <span class='ocrx_word' id='word_1_106' title='bbox 592 2099 686 2151; x_wconf 92' lang='lat' dir='ltr'><strong>more</strong></span> <span class='ocrx_word' id='word_1_107' title='bbox 708 2077 899 2170; x_wconf 88' lang='lat' dir='ltr'><strong>discurras,</strong></span> <span class='ocrx_word' id='word_1_108' title='bbox 930 2086 999 2150; x_wconf 90' lang='lat' dir='ltr'><strong>tam</strong></span> <span class='ocrx_word' id='word_1_109' title='bbox 1021 2079 1310 2175; x_wconf 91' lang='lat' dir='ltr'><strong>provincialibus,</strong></span> <span class='ocrx_word' id='word_1_110' title='bbox 1336 2088 1407 2152; x_wconf 87' lang='lat' dir='ltr'><strong>tem</strong></span> <span class='ocrx_word' id='word_1_111' title='bbox 1432 2079 1607 2173; x_wconf 87' lang='lat' dir='ltr'><strong>indigenis</strong></span> <span class='ocrx_word' id='word_1_112' title='bbox 1629 2079 1792 2174; x_wconf 88' lang='lat' dir='ltr'><strong>singolis,</strong></span> <span class='ocrx_word' id='word_1_113' title='bbox 1821 2103 1928 2176; x_wconf 86' lang='lat' dir='ltr'><strong>qoam</strong></span> 
     </span>
     <span class='ocr_line' id='line_1_13' title="bbox 516 2203 1930 2303; baseline 0.003 -25"><span class='ocrx_word' id='word_1_114' title='bbox 516 2203 663 2288; x_wconf 79' lang='lat' dir='ltr'><strong>advenis</strong></span> <span class='ocrx_word' id='word_1_115' title='bbox 680 2211 715 2276; x_wconf 95' lang='lat' dir='ltr'><strong>et</strong></span> <span class='ocrx_word' id='word_1_116' title='bbox 735 2203 1017 2277; x_wconf 86' lang='lat' dir='ltr'><strong>concurrentibus</strong></span> <span class='ocrx_word' id='word_1_117' title='bbox 1034 2203 1207 2278; x_wconf 86' lang='lat' dir='ltr'><strong>universis</strong></span> <span class='ocrx_word' id='word_1_118' title='bbox 1225 2205 1399 2297; x_wconf 90' lang='lat' dir='ltr'><strong>justiciam</strong></span> <span class='ocrx_word' id='word_1_119' title='bbox 1420 2205 1671 2280; x_wconf 85' lang='lat' dir='ltr'><strong>ministrando:</strong></span> <span class='ocrx_word' id='word_1_120' title='bbox 1687 2215 1723 2280; x_wconf 91' lang='lat' dir='ltr'><strong>et</strong></span> <span class='ocrx_word' id='word_1_121' title='bbox 1738 2207 1789 2280; x_wconf 90' lang='lat' dir='ltr'><strong>sic</strong></span> <span class='ocrx_word' id='word_1_122' title='bbox 1806 2229 1828 2280; x_wconf 89' lang='lat' dir='ltr'><strong>a</strong></span> <span class='ocrx_word' id='word_1_123' title='bbox 1845 2229 1930 2303; x_wconf 83' lang='lat' dir='ltr'><strong>pre-</strong></span> 
     </span>
     <span class='ocr_line' id='line_1_14' title="bbox 516 2309 1930 2428; baseline 0.004 -29"><span class='ocrx_word' id='word_1_124' title='bbox 516 2327 594 2402; x_wconf 87' lang='lat' dir='ltr'><strong>latis</strong></span> <span class='ocrx_word' id='word_1_125' title='bbox 621 2329 929 2422; x_wconf 86' lang='lat' dir='ltr'><strong>transgressoribus</strong></span> <span class='ocrx_word' id='word_1_126' title='bbox 961 2329 1177 2424; x_wconf 92' lang='lat' dir='ltr'><strong>provinciam</strong></span> <span class='ocrx_word' id='word_1_127' title='bbox 1205 2330 1317 2426; x_wconf 86' lang='lat' dir='ltr'><strong>ipsam</strong></span> <span class='ocrx_word' id='word_1_128' title='bbox 1345 2309 1475 2428; x_wconf 82' lang='lat' dir='ltr'><strong>optime</strong></span> <span class='ocrx_word' id='word_1_129' title='bbox 1501 2351 1650 2426; x_wconf 86' lang='lat' dir='ltr'><strong>purgare</strong></span> <span class='ocrx_word' id='word_1_130' title='bbox 1684 2352 1866 2427; x_wconf 90' lang='lat' dir='ltr'><strong>procures,</strong></span> <span class='ocrx_word' id='word_1_131' title='bbox 1894 2345 1930 2405; x_wconf 88' lang='lat' dir='ltr'><strong>et</strong></span> 
     </span>
     <span class='ocr_line' id='line_1_15' title="bbox 515 2451 1928 2552; baseline 0 -24"><span class='ocrx_word' id='word_1_132' title='bbox 515 2451 644 2528; x_wconf 85' lang='lat' dir='ltr'><strong>exinde</strong></span> <span class='ocrx_word' id='word_1_133' title='bbox 658 2453 803 2526; x_wconf 91' lang='lat' dir='ltr'><strong>tribulos</strong></span> <span class='ocrx_word' id='word_1_134' title='bbox 815 2453 955 2526; x_wconf 90' lang='lat' dir='ltr'><strong>lesionis</strong></span> <span class='ocrx_word' id='word_1_135' title='bbox 966 2454 1131 2540; x_wconf 86' lang='lat' dir='ltr'><strong>evellere,</strong></span> <span class='ocrx_word' id='word_1_136' title='bbox 1149 2453 1246 2550; x_wconf 91' lang='lat' dir='ltr'><strong>qnod</strong></span> <span class='ocrx_word' id='word_1_137' title='bbox 1259 2456 1392 2551; x_wconf 84' lang='lat' dir='ltr'><strong>prelato</strong></span> <span class='ocrx_word' id='word_1_138' title='bbox 1403 2455 1555 2528; x_wconf 80' lang='lat' dir='ltr'><strong>facinora</strong></span> <span class='ocrx_word' id='word_1_139' title='bbox 1567 2465 1602 2528; x_wconf 92' lang='lat' dir='ltr'><strong>et</strong></span> <span class='ocrx_word' id='word_1_140' title='bbox 1618 2455 1928 2552; x_wconf 88' lang='lat' dir='ltr'><strong>transgressionum</strong></span> 
     </span>
     <span class='ocr_line' id='line_1_16' title="bbox 517 2577 1928 2677; baseline 0.004 -26"><span class='ocrx_word' id='word_1_141' title='bbox 517 2577 703 2652; x_wconf 90' lang='lat' dir='ltr'><strong>enormitas</strong></span> <span class='ocrx_word' id='word_1_142' title='bbox 726 2577 922 2671; x_wconf 72' lang='lat' dir='ltr'><strong>deleantur,</strong></span> <span class='ocrx_word' id='word_1_143' title='bbox 949 2587 1233 2674; x_wconf 82' lang='lat' dir='ltr'><strong>transgressores,</strong></span> <span class='ocrx_word' id='word_1_144' title='bbox 1262 2580 1453 2656; x_wconf 89' lang='lat' dir='ltr'><strong>homicides</strong></span> <span class='ocrx_word' id='word_1_145' title='bbox 1471 2589 1507 2654; x_wconf 91' lang='lat' dir='ltr'><strong>et</strong></span> <span class='ocrx_word' id='word_1_146' title='bbox 1524 2582 1633 2671; x_wconf 82' lang='lat' dir='ltr'><strong>tures,</strong></span> <span class='ocrx_word' id='word_1_147' title='bbox 1657 2603 1698 2654; x_wconf 92' lang='lat' dir='ltr'><strong>ac</strong></span> <span class='ocrx_word' id='word_1_148' title='bbox 1710 2582 1928 2677; x_wconf 87' lang='lat' dir='ltr'><strong>publicorum</strong></span> 
     </span>
     <span class='ocr_line' id='line_1_17' title="bbox 516 2702 1931 2802; baseline 0.004 -27"><span class='ocrx_word' id='word_1_149' title='bbox 516 2702 701 2776; x_wconf 86' lang='lat' dir='ltr'><strong>violatores</strong></span> <span class='ocrx_word' id='word_1_150' title='bbox 715 2702 888 2790; x_wconf 91' lang='lat' dir='ltr'><strong>itinerum,</strong></span> <span class='ocrx_word' id='word_1_151' title='bbox 907 2725 949 2776; x_wconf 87' lang='lat' dir='ltr'><strong>nc</strong></span> <span class='ocrx_word' id='word_1_152' title='bbox 961 2725 1133 2777; x_wconf 89' lang='lat' dir='ltr'><strong>armornm</strong></span> <span class='ocrx_word' id='word_1_153' title='bbox 1148 2704 1343 2778; x_wconf 92' lang='lat' dir='ltr'><strong>illicitorum</strong></span> <span class='ocrx_word' id='word_1_154' title='bbox 1355 2706 1458 2780; x_wconf 89' lang='lat' dir='ltr'><strong>etiam</strong></span> <span class='ocrx_word' id='word_1_155' title='bbox 1472 2705 1655 2798; x_wconf 88' lang='lat' dir='ltr'><strong>delatores,</strong></span> <span class='ocrx_word' id='word_1_156' title='bbox 1669 2715 1739 2779; x_wconf 90' lang='lat' dir='ltr'><strong>tam</strong></span> <span class='ocrx_word' id='word_1_157' title='bbox 1751 2709 1931 2802; x_wconf 86' lang='lat' dir='ltr'><strong>preteritos</strong></span> 
     </span>
     <span class='ocr_line' id='line_1_18' title="bbox 516 2827 1929 2930; baseline 0.003 -30"><span class='ocrx_word' id='word_1_158' title='bbox 516 2849 620 2923; x_wconf 92' lang='lat' dir='ltr'><strong>qnam</strong></span> <span class='ocrx_word' id='word_1_159' title='bbox 640 2828 789 2918; x_wconf 85' lang='lat' dir='ltr'><strong>loturos,</strong></span> <span class='ocrx_word' id='word_1_160' title='bbox 814 2827 953 2902; x_wconf 90' lang='lat' dir='ltr'><strong>ultionis</strong></span> <span class='ocrx_word' id='word_1_161' title='bbox 974 2827 1090 2903; x_wconf 91' lang='lat' dir='ltr'><strong>debite</strong></span> <span class='ocrx_word' id='word_1_162' title='bbox 1106 2829 1224 2923; x_wconf 82' lang='lat' dir='ltr'><strong>gladio</strong></span> <span class='ocrx_word' id='word_1_163' title='bbox 1248 2829 1392 2904; x_wconf 88' lang='lat' dir='ltr'><strong>audacis</strong></span> <span class='ocrx_word' id='word_1_164' title='bbox 1413 2851 1509 2904; x_wconf 92' lang='lat' dir='ltr'><strong>more</strong></span> <span class='ocrx_word' id='word_1_165' title='bbox 1531 2830 1680 2926; x_wconf 90' lang='lat' dir='ltr'><strong>presidis</strong></span> <span class='ocrx_word' id='word_1_166' title='bbox 1697 2832 1842 2906; x_wconf 90' lang='lat' dir='ltr'><strong>viriliter</strong></span> <span class='ocrx_word' id='word_1_167' title='bbox 1862 2855 1929 2930; x_wconf 90' lang='lat' dir='ltr'><strong>pu·</strong></span> 
     </span>
     <span class='ocr_line' id='line_1_19' title="bbox 517 2950 1929 3050; baseline 0.006 -28"><span class='ocrx_word' id='word_1_168' title='bbox 517 2950 663 3044; x_wconf 91' lang='lat' dir='ltr'><strong>niendo,</strong></span> <span class='ocrx_word' id='word_1_169' title='bbox 684 2961 722 3023; x_wconf 92' lang='lat' dir='ltr'><strong>ut</strong></span> <span class='ocrx_word' id='word_1_170' title='bbox 736 2973 799 3048; x_wconf 86' lang='lat' dir='ltr'><strong>per</strong></span> <span class='ocrx_word' id='word_1_171' title='bbox 812 2961 847 3026; x_wconf 91' lang='lat' dir='ltr'><strong>te</strong></span> <span class='ocrx_word' id='word_1_172' title='bbox 860 2952 1043 3049; x_wconf 89' lang='lat' dir='ltr'><strong>bucusque</strong></span> <span class='ocrx_word' id='word_1_173' title='bbox 1060 2954 1242 3027; x_wconf 91' lang='lat' dir='ltr'><strong>commissa</strong></span> <span class='ocrx_word' id='word_1_174' title='bbox 1256 2954 1381 3048; x_wconf 87' lang='lat' dir='ltr'><strong>injuria</strong></span> <span class='ocrx_word' id='word_1_175' title='bbox 1396 2975 1458 3050; x_wconf 91' lang='lat' dir='ltr'><strong>per</strong></span> <span class='ocrx_word' id='word_1_176' title='bbox 1473 2976 1556 3028; x_wconf 89' lang='lat' dir='ltr'><strong>enre</strong></span> <span class='ocrx_word' id='word_1_177' title='bbox 1573 2956 1753 3028; x_wconf 90' lang='lat' dir='ltr'><strong>solerciam</strong></span> <span class='ocrx_word' id='word_1_178' title='bbox 1768 2957 1929 3030; x_wconf 90' lang='lat' dir='ltr'><strong>redima-</strong></span> 
     </span>
     <span class='ocr_line' id='line_1_20' title="bbox 518 3077 1930 3176; baseline 0.006 -29"><span class='ocrx_word' id='word_1_179' title='bbox 518 3087 585 3168; x_wconf 88' lang='lat' dir='ltr'><strong>tur,</strong></span> <span class='ocrx_word' id='word_1_180' title='bbox 604 3085 639 3148; x_wconf 89' lang='lat' dir='ltr'><strong>et</strong></span> <span class='ocrx_word' id='word_1_181' title='bbox 655 3078 788 3172; x_wconf 91' lang='lat' dir='ltr'><strong>soporis</strong></span> <span class='ocrx_word' id='word_1_182' title='bbox 803 3077 985 3173; x_wconf 86' lang='lat' dir='ltr'><strong>bucusque</strong></span> <span class='ocrx_word' id='word_1_183' title='bbox 1002 3077 1112 3152; x_wconf 91' lang='lat' dir='ltr'><strong>habiti</strong></span> <span class='ocrx_word' id='word_1_184' title='bbox 1140 3077 1274 3172; x_wconf 88' lang='lat' dir='ltr'><strong>abjecta</strong></span> <span class='ocrx_word' id='word_1_185' title='bbox 1290 3079 1501 3172; x_wconf 83' lang='lat' dir='ltr'><strong>gravedine,</strong></span> <span class='ocrx_word' id='word_1_186' title='bbox 1521 3089 1631 3154; x_wconf 88' lang='lat' dir='ltr'><strong>status</strong></span> <span class='ocrx_word' id='word_1_187' title='bbox 1641 3081 1736 3176; x_wconf 90' lang='lat' dir='ltr'><strong>pacis</strong></span> <span class='ocrx_word' id='word_1_188' title='bbox 1748 3082 1930 3176; x_wconf 87' lang='lat' dir='ltr'><strong>etjusticie</strong></span> 
     </span>
     <span class='ocr_line' id='line_1_21' title="bbox 518 3201 1930 3302; baseline 0.004 -28"><span class='ocrx_word' id='word_1_189' title='bbox 518 3222 579 3296; x_wconf 92' lang='lat' dir='ltr'><strong>per</strong></span> <span class='ocrx_word' id='word_1_190' title='bbox 604 3201 782 3294; x_wconf 87' lang='lat' dir='ltr'><strong>vigilantio</strong></span> <span class='ocrx_word' id='word_1_191' title='bbox 805 3202 940 3276; x_wconf 90' lang='lat' dir='ltr'><strong>solertis</strong></span> <span class='ocrx_word' id='word_1_192' title='bbox 963 3203 1131 3278; x_wconf 87' lang='lat' dir='ltr'><strong>excubias</strong></span> <span class='ocrx_word' id='word_1_193' title='bbox 1154 3205 1367 3280; x_wconf 81' lang='lat' dir='ltr'><strong>reformetur.</strong></span> <span class='ocrx_word' id='word_1_194' title='bbox 1389 3207 1446 3280; x_wconf 92' lang='lat' dir='ltr'><strong>Sic</strong></span> <span class='ocrx_word' id='word_1_195' title='bbox 1461 3216 1576 3280; x_wconf 89' lang='lat' dir='ltr'><strong>antem</strong></span> <span class='ocrx_word' id='word_1_196' title='bbox 1595 3216 1630 3280; x_wconf 87' lang='lat' dir='ltr'><strong>ts</strong></span> <span class='ocrx_word' id='word_1_197' title='bbox 1654 3229 1773 3302; x_wconf 86' lang='lat' dir='ltr'><strong>gerere</strong></span> <span class='ocrx_word' id='word_1_198' title='bbox 1787 3206 1930 3282; x_wconf 87' lang='lat' dir='ltr'><strong>studeas</strong></span> 
     </span>
     <span class='ocr_line' id='line_1_22' title="bbox 518 3325 1926 3428; baseline 0.007 -30"><span class='ocrx_word' id='word_1_199' title='bbox 518 3325 672 3400; x_wconf 90' lang='lat' dir='ltr'><strong>studiose</strong></span> <span class='ocrx_word' id='word_1_200' title='bbox 695 3327 895 3415; x_wconf 91' lang='lat' dir='ltr'><strong>sollicitum,</strong></span> <span class='ocrx_word' id='word_1_201' title='bbox 915 3327 1012 3422; x_wconf 91' lang='lat' dir='ltr'><strong>quod</strong></span> <span class='ocrx_word' id='word_1_202' title='bbox 1038 3349 1085 3401; x_wconf 84' lang='lat' dir='ltr'><strong>ex</strong></span> <span class='ocrx_word' id='word_1_203' title='bbox 1114 3328 1237 3402; x_wconf 86' lang='lat' dir='ltr'><strong>ellectu</strong></span> <span class='ocrx_word' id='word_1_204' title='bbox 1264 3329 1491 3404; x_wconf 88' lang='lat' dir='ltr'><strong>laudabilium</strong></span> <span class='ocrx_word' id='word_1_205' title='bbox 1509 3352 1653 3422; x_wconf 90' lang='lat' dir='ltr'><strong>opernm</strong></span> <span class='ocrx_word' id='word_1_206' title='bbox 1682 3333 1719 3404; x_wconf 92' lang='lat' dir='ltr'><strong>in</strong></span> <span class='ocrx_word' id='word_1_207' title='bbox 1742 3343 1926 3428; x_wconf 90' lang='lat' dir='ltr'><strong>conspecto</strong></span> 
     </span>
     <span class='ocr_line' id='line_1_23' title="bbox 517 3451 1922 3550; baseline 0.009 -29"><span class='ocrx_word' id='word_1_208' title='bbox 517 3459 633 3524; x_wconf 90' lang='lat' dir='ltr'><strong>nostro</strong></span> <span class='ocrx_word' id='word_1_209' title='bbox 660 3451 955 3525; x_wconf 89' lang='lat' dir='ltr'><strong>commendandus</strong></span> <span class='ocrx_word' id='word_1_210' title='bbox 980 3473 1152 3526; x_wconf 88' lang='lat' dir='ltr'><strong>occurras.</strong></span> <span class='ocrx_word' id='word_1_211' title='bbox 1183 3453 1340 3535; x_wconf 87' lang='lat' dir='ltr'><strong>Soitnrns</strong></span> <span class='ocrx_word' id='word_1_212' title='bbox 1363 3455 1460 3549; x_wconf 92' lang='lat' dir='ltr'><strong>qnod</strong></span> <span class='ocrx_word' id='word_1_213' title='bbox 1490 3454 1521 3527; x_wconf 89' lang='lat' dir='ltr'><strong>si</strong></span> <span class='ocrx_word' id='word_1_214' title='bbox 1553 3456 1650 3528; x_wconf 90' lang='lat' dir='ltr'><strong>aliter</strong></span> <span class='ocrx_word' id='word_1_215' title='bbox 1676 3456 1760 3531; x_wconf 91' lang='lat' dir='ltr'><strong>inde</strong></span> <span class='ocrx_word' id='word_1_216' title='bbox 1785 3459 1922 3550; x_wconf 83' lang='lat' dir='ltr'><strong>leceris,</strong></span> 
     </span>
     <span class='ocr_line' id='line_1_24' title="bbox 515 3569 1928 3673; baseline 0.008 -26"><span class='ocrx_word' id='word_1_217' title='bbox 515 3584 628 3670; x_wconf 89' lang='lat' dir='ltr'><strong>preter</strong></span> <span class='ocrx_word' id='word_1_218' title='bbox 652 3574 927 3670; x_wconf 89' lang='lat' dir='ltr'><strong>indignationem</strong></span> <span class='ocrx_word' id='word_1_219' title='bbox 955 3569 1063 3650; x_wconf 85' lang='lat' dir='ltr'><strong>nostri</strong></span> <span class='ocrx_word' id='word_1_220' title='bbox 1088 3575 1249 3650; x_wconf 88' lang='lat' dir='ltr'><strong>culminis</strong></span> <span class='ocrx_word' id='word_1_221' title='bbox 1273 3599 1380 3673; x_wconf 91' lang='lat' dir='ltr'><strong>quam</strong></span> <span class='ocrx_word' id='word_1_222' title='bbox 1407 3578 1579 3672; x_wconf 90' lang='lat' dir='ltr'><strong>incurres,</strong></span> <span class='ocrx_word' id='word_1_223' title='bbox 1607 3580 1658 3654; x_wconf 89' lang='lat' dir='ltr'><strong>sio</strong></span> <span class='ocrx_word' id='word_1_224' title='bbox 1682 3591 1800 3656; x_wconf 81' lang='lat' dir='ltr'><strong>contre</strong></span> <span class='ocrx_word' id='word_1_225' title='bbox 1827 3591 1861 3656; x_wconf 89' lang='lat' dir='ltr'><strong>te</strong></span> <span class='ocrx_word' id='word_1_226' title='bbox 1882 3584 1928 3658; x_wconf 88' lang='lat' dir='ltr'><strong>ad</strong></span> 
     </span>
     <span class='ocr_line' id='line_1_25' title="bbox 514 3699 1929 3804; baseline 0.007 -32"><span class='ocrx_word' id='word_1_227' title='bbox 514 3699 735 3773; x_wconf 84' lang='lat' dir='ltr'><strong>inflictionem</strong></span> <span class='ocrx_word' id='word_1_228' title='bbox 752 3701 909 3796; x_wconf 89' lang='lat' dir='ltr'><strong>penalem</strong></span> <span class='ocrx_word' id='word_1_229' title='bbox 927 3711 1043 3776; x_wconf 87' lang='lat' dir='ltr'><strong>nostra</strong></span> <span class='ocrx_word' id='word_1_230' title='bbox 1058 3701 1261 3798; x_wconf 86' lang='lat' dir='ltr'><strong>procederet</strong></span> <span class='ocrx_word' id='word_1_231' title='bbox 1276 3705 1472 3797; x_wconf 86' lang='lat' dir='ltr'><strong>auctoritas,</strong></span> <span class='ocrx_word' id='word_1_232' title='bbox 1485 3705 1582 3798; x_wconf 87' lang='lat' dir='ltr'><strong>quod</strong></span> <span class='ocrx_word' id='word_1_233' title='bbox 1599 3705 1716 3779; x_wconf 90' lang='lat' dir='ltr'><strong>dolere</strong></span> <span class='ocrx_word' id='word_1_234' title='bbox 1734 3707 1855 3781; x_wconf 88' lang='lat' dir='ltr'><strong>merito</strong></span> <span class='ocrx_word' id='word_1_235' title='bbox 1869 3729 1929 3804; x_wconf 84' lang='lat' dir='ltr'><strong>po</strong></span> 
     </span>
     <span class='ocr_line' id='line_1_26' title="bbox 515 3823 1927 3925; baseline 0.007 -28"><span class='ocrx_word' id='word_1_236' title='bbox 515 3823 596 3897; x_wconf 90' lang='lat' dir='ltr'><strong>teris</strong></span> <span class='ocrx_word' id='word_1_237' title='bbox 609 3834 763 3898; x_wconf 90' lang='lat' dir='ltr'><strong>nostrum</strong></span> <span class='ocrx_word' id='word_1_238' title='bbox 783 3835 817 3898; x_wconf 90' lang='lat' dir='ltr'><strong>te</strong></span> <span class='ocrx_word' id='word_1_239' title='bbox 838 3826 1012 3921; x_wconf 90' lang='lat' dir='ltr'><strong>sprevisse</strong></span> <span class='ocrx_word' id='word_1_240' title='bbox 1031 3827 1232 3902; x_wconf 88' lang='lat' dir='ltr'><strong>mandatum</strong></span> <span class='ocrx_word' id='word_1_241' title='bbox 1258 3837 1293 3901; x_wconf 91' lang='lat' dir='ltr'><strong>et</strong></span> <span class='ocrx_word' id='word_1_242' title='bbox 1315 3837 1410 3903; x_wconf 89' lang='lat' dir='ltr'><strong>tante</strong></span> <span class='ocrx_word' id='word_1_243' title='bbox 1426 3829 1636 3925; x_wconf 85' lang='lat' dir='ltr'><strong>negligentis</strong></span> <span class='ocrx_word' id='word_1_244' title='bbox 1653 3831 1811 3906; x_wconf 89' lang='lat' dir='ltr'><strong>inertiam</strong></span> <span class='ocrx_word' id='word_1_245' title='bbox 1828 3853 1927 3907; x_wconf 88' lang='lat' dir='ltr'><strong>oom-</strong></span> 
     </span>
     <span class='ocr_line' id='line_1_27' title="bbox 516 3971 662 4023; baseline 0 -3"><span class='ocrx_word' id='word_1_246' title='bbox 516 3971 662 4023; x_wconf 87' lang='lat' dir='ltr'><strong>mrsrsse.</strong></span> 
     </span>
    </p>
   </div>
   <div class='ocr_carea' id='block_1_3' title="bbox 1199 4149 1245 4222">
    <p class='ocr_par' dir='ltr' id='par_1_3' title="bbox 1199 4149 1245 4222">
     <span class='ocr_line' id='line_1_28' title="bbox 1199 4149 1245 4222; baseline 0 0"><span class='ocrx_word' id='word_1_247' title='bbox 1199 4149 1245 4222; x_wconf 88' lang='grc' dir='ltr'><strong>ΙΙ.</strong></span> 
     </span>
    </p>
   </div>
   <div class='ocr_carea' id='block_1_4' title="bbox 513 4320 1927 4802">
    <p class='ocr_par' dir='ltr' id='par_1_4' title="bbox 513 4320 1927 4802">
     <span class='ocr_line' id='line_1_29' title="bbox 563 4320 1925 4428; baseline 0.007 -32"><span class='ocrx_word' id='word_1_248' title='bbox 563 4320 684 4396; x_wconf 87' lang='lat' dir='ltr'><strong>Debita</strong></span> <span class='ocrx_word' id='word_1_249' title='bbox 709 4326 901 4400; x_wconf 90' lang='lat' dir='ltr'><strong>reverentia</strong></span> <span class='ocrx_word' id='word_1_250' title='bbox 924 4327 1112 4420; x_wconf 87' lang='lat' dir='ltr'><strong>majestatis</strong></span> <span class='ocrx_word' id='word_1_251' title='bbox 1141 4336 1254 4401; x_wconf 89' lang='lat' dir='ltr'><strong>vestre</strong></span> <span class='ocrx_word' id='word_1_252' title='bbox 1271 4326 1417 4424; x_wconf 88' lang='lat' dir='ltr'><strong>receptis</strong></span> <span class='ocrx_word' id='word_1_253' title='bbox 1433 4337 1468 4401; x_wconf 85' lang='lat' dir='ltr'><strong>el</strong></span> <span class='ocrx_word' id='word_1_254' title='bbox 1493 4329 1673 4404; x_wconf 87' lang='lat' dir='ltr'><strong>intellectis</strong></span> <span class='ocrx_word' id='word_1_255' title='bbox 1695 4331 1871 4428; x_wconf 89' lang='lat' dir='ltr'><strong>apicibus,</strong></span> <span class='ocrx_word' id='word_1_256' title='bbox 1890 4333 1925 4405; x_wconf 94' lang='lat' dir='ltr'><strong>in</strong></span> 
     </span>
     <span class='ocr_line' id='line_1_30' title="bbox 513 4447 1927 4552; baseline 0.006 -30"><span class='ocrx_word' id='word_1_257' title='bbox 513 4449 642 4544; x_wconf 88' lang='lat' dir='ltr'><strong>quibus</strong></span> <span class='ocrx_word' id='word_1_258' title='bbox 659 4447 855 4522; x_wconf 90' lang='lat' dir='ltr'><strong>evidentem</strong></span> <span class='ocrx_word' id='word_1_259' title='bbox 879 4451 1074 4527; x_wconf 86' lang='lat' dir='ltr'><strong>innocentie</strong></span> <span class='ocrx_word' id='word_1_260' title='bbox 1096 4473 1172 4527; x_wconf 88' lang='lat' dir='ltr'><strong>mee</strong></span> <span class='ocrx_word' id='word_1_261' title='bbox 1198 4475 1356 4528; x_wconf 85' lang='lat' dir='ltr'><strong>caussam</strong></span> <span class='ocrx_word' id='word_1_262' title='bbox 1374 4454 1543 4550; x_wconf 89' lang='lat' dir='ltr'><strong>perpendi</strong></span> <span class='ocrx_word' id='word_1_263' title='bbox 1565 4457 1771 4550; x_wconf 86' lang='lat' dir='ltr'><strong>negligentis</strong></span> <span class='ocrx_word' id='word_1_264' title='bbox 1802 4459 1927 4552; x_wconf 78' lang='lat' dir='ltr'><strong>ianrie</strong></span> 
     </span>
     <span class='ocr_line' id='line_1_31' title="bbox 513 4572 1925 4676; baseline 0.007 -30"><span class='ocrx_word' id='word_1_265' title='bbox 513 4572 716 4670; x_wconf 89' lang='lat' dir='ltr'><strong>perniciosis</strong></span> <span class='ocrx_word' id='word_1_266' title='bbox 727 4575 871 4646; x_wconf 91' lang='lat' dir='ltr'><strong>maculis</strong></span> <span class='ocrx_word' id='word_1_267' title='bbox 884 4575 1114 4670; x_wconf 80' lang='lat' dir='ltr'><strong>obfuscatam,</strong></span> <span class='ocrx_word' id='word_1_268' title='bbox 1139 4579 1252 4652; x_wconf 89' lang='lat' dir='ltr'><strong>statim</strong></span> <span class='ocrx_word' id='word_1_269' title='bbox 1271 4579 1448 4676; x_wconf 83' lang='lat' dir='ltr'><strong>obstupui.</strong></span> <span class='ocrx_word' id='word_1_270' title='bbox 1471 4579 1540 4654; x_wconf 91' lang='lat' dir='ltr'><strong>Sed</strong></span> <span class='ocrx_word' id='word_1_271' title='bbox 1557 4589 1697 4676; x_wconf 87' lang='lat' dir='ltr'><strong>stupore</strong></span> <span class='ocrx_word' id='word_1_272' title='bbox 1713 4592 1823 4654; x_wconf 90' lang='lat' dir='ltr'><strong>trectn</strong></span> <span class='ocrx_word' id='word_1_273' title='bbox 1838 4592 1925 4656; x_wconf 87' lang='lat' dir='ltr'><strong>tam-</strong></span> 
     </span>
     <span class='ocr_line' id='line_1_32' title="bbox 513 4697 1922 4802; baseline 0.008 -33"><span class='ocrx_word' id='word_1_274' title='bbox 513 4697 624 4794; x_wconf 91' lang='lat' dir='ltr'><strong>poris,</strong></span> <span class='ocrx_word' id='word_1_275' title='bbox 650 4707 860 4793; x_wconf 87' lang='lat' dir='ltr'><strong>exposcente</strong></span> <span class='ocrx_word' id='word_1_276' title='bbox 884 4701 1039 4776; x_wconf 87' lang='lat' dir='ltr'><strong>veritatis</strong></span> <span class='ocrx_word' id='word_1_277' title='bbox 1062 4701 1242 4798; x_wconf 89' lang='lat' dir='ltr'><strong>indagine,</strong></span> <span class='ocrx_word' id='word_1_278' title='bbox 1271 4703 1317 4776; x_wconf 88' lang='lat' dir='ltr'><strong>ab</strong></span> <span class='ocrx_word' id='word_1_279' title='bbox 1340 4704 1526 4800; x_wconf 86' lang='lat' dir='ltr'><strong>irreptione</strong></span> <span class='ocrx_word' id='word_1_280' title='bbox 1550 4707 1702 4801; x_wconf 89' lang='lat' dir='ltr'><strong>corporis</strong></span> <span class='ocrx_word' id='word_1_281' title='bbox 1723 4705 1922 4802; x_wconf 85' lang='lat' dir='ltr'><strong>recedente,</strong></span> 
     </span>
    </p>
   </div>
   <div class='ocr_carea' id='block_1_5' title="bbox 0 0 2154 5906">
    <p class='ocr_par' dir='ltr' id='par_1_5' title="bbox 0 0 2154 5906">
     <span class='ocr_line' id='line_1_33' title="bbox 0 0 2154 5906; baseline 0 0"><span class='ocrx_word' id='word_1_282' title='bbox 0 0 2154 5906; x_wconf 95' lang='lat' dir='ltr'><strong> </strong></span> 
     </span>
    </p>
   </div>
  </div>
 </body>
</html>
