<?xml version="1.0" encoding="UTF-8"?>
<!DOCTYPE html PUBLIC "-//W3C//DTD XHTML 1.0 Transitional//EN"
    "http://www.w3.org/TR/xhtml1/DTD/xhtml1-transitional.dtd">
<html xmlns="http://www.w3.org/1999/xhtml" xml:lang="en" lang="en">
 <head>
  <title>
</title>
<meta http-equiv="Content-Type" content="text/html;charset=utf-8" />
  <meta name='ocr-system' content='tesseract 3.04.00' />
  <meta name='ocr-capabilities' content='ocr_page ocr_carea ocr_par ocr_line ocrx_word'/>
</head>
<body>
  <div class='ocr_page' id='page_1' title='image "./historiadiploma07fredgoog_0078.png"; bbox 0 0 4372 5918; ppageno 0'>
   <div class='ocr_carea' id='block_1_1' title="bbox 460 537 1346 608">
    <p class='ocr_par' dir='ltr' id='par_1_1' title="bbox 460 537 1346 608">
     <span class='ocr_line' id='line_1_1' title="bbox 460 537 1346 608; baseline 0.009 -8"><span class='ocrx_word' id='word_1_1' title='bbox 460 537 502 600; x_wconf 75' lang='grc'>64</span> <span class='ocrx_word' id='word_1_2' title='bbox 988 541 1346 608; x_wconf 75' lang='lat' dir='ltr'>coosrlrculortns</span> 
     </span>
    </p>
   </div>
   <div class='ocr_carea' id='block_1_2' title="bbox 461 671 1870 1390">
    <p class='ocr_par' dir='ltr' id='par_1_2' title="bbox 461 671 1870 1390">
     <span class='ocr_line' id='line_1_2' title="bbox 463 671 1870 780; baseline 0.011 -36"><span class='ocrx_word' id='word_1_3' title='bbox 463 671 701 744; x_wconf 89' lang='lat' dir='ltr'>dinumeretnr</span> <span class='ocrx_word' id='word_1_4' title='bbox 724 680 860 768; x_wconf 84' lang='lat' dir='ltr'>tempus</span> <span class='ocrx_word' id='word_1_5' title='bbox 883 673 930 748; x_wconf 87' lang='lat' dir='ltr'>ad</span> <span class='ocrx_word' id='word_1_6' title='bbox 956 675 1021 749; x_wconf 90' lang='lat' dir='ltr'>iter</span> <span class='ocrx_word' id='word_1_7' title='bbox 1045 688 1080 750; x_wconf 91' lang='lat' dir='ltr'>et</span> <span class='ocrx_word' id='word_1_8' title='bbox 1103 679 1253 754; x_wconf 91' lang='lat' dir='ltr'>reditum</span> <span class='ocrx_word' id='word_1_9' title='bbox 1273 688 1484 778; x_wconf 85' lang='lat' dir='ltr'>competens,</span> <span class='ocrx_word' id='word_1_10' title='bbox 1501 689 1541 753; x_wconf 92' lang='lat' dir='ltr'>ut</span> <span class='ocrx_word' id='word_1_11' title='bbox 1558 689 1612 754; x_wconf 89' lang='lat' dir='ltr'>cst</span> <span class='ocrx_word' id='word_1_12' title='bbox 1628 681 1779 777; x_wconf 77' lang='lat' dir='ltr'>dictum3</span> <span class='ocrx_word' id='word_1_13' title='bbox 1797 707 1870 780; x_wconf 93' lang='lat' dir='ltr'>quo</span> 
     </span>
     <span class='ocr_line' id='line_1_3' title="bbox 462 795 1870 904; baseline 0.009 -34"><span class='ocrx_word' id='word_1_14' title='bbox 462 795 616 870; x_wconf 77' lang='lat' dir='ltr'><strong>studiose</strong></span> <span class='ocrx_word' id='word_1_15' title='bbox 630 805 664 868; x_wconf 90' lang='lat' dir='ltr'>et</span> <span class='ocrx_word' id='word_1_16' title='bbox 681 795 862 890; x_wconf 77' lang='lat' dir='ltr'>diligenter</span> <span class='ocrx_word' id='word_1_17' title='bbox 885 796 1024 873; x_wconf 90' lang='lat' dir='ltr'>diverso</span> <span class='ocrx_word' id='word_1_18' title='bbox 1041 801 1101 898; x_wconf 85' lang='lat' dir='ltr'>(a),</span> <span class='ocrx_word' id='word_1_19' title='bbox 1122 803 1203 877; x_wconf 90' lang='lat' dir='ltr'>dato</span> <span class='ocrx_word' id='word_1_20' title='bbox 1227 812 1330 900; x_wconf 91' lang='lat' dir='ltr'>prout</span> <span class='ocrx_word' id='word_1_21' title='bbox 1353 803 1548 900; x_wconf 90' lang='lat' dir='ltr'>predictum</span> <span class='ocrx_word' id='word_1_22' title='bbox 1566 813 1619 878; x_wconf 89' lang='lat' dir='ltr'>est</span> <span class='ocrx_word' id='word_1_23' title='bbox 1643 810 1870 904; x_wconf 87' lang='lat' dir='ltr'>peremptorio</span> 
     </span>
     <span class='ocr_line' id='line_1_4' title="bbox 463 917 1869 1025; baseline 0.009 -33"><span class='ocrx_word' id='word_1_24' title='bbox 463 917 540 1020; x_wconf 91' lang='lat' dir='ltr'>[pro</span> <span class='ocrx_word' id='word_1_25' title='bbox 557 917 684 1018; x_wconf 91' lang='lat' dir='ltr'>reditu]</span> <span class='ocrx_word' id='word_1_26' title='bbox 703 928 773 994; x_wconf 89' lang='lat' dir='ltr'>tam</span> <span class='ocrx_word' id='word_1_27' title='bbox 787 922 823 993; x_wconf 92' lang='lat' dir='ltr'>in</span> <span class='ocrx_word' id='word_1_28' title='bbox 837 943 920 996; x_wconf 89' lang='lat' dir='ltr'>casu</span> <span class='ocrx_word' id='word_1_29' title='bbox 937 925 1088 1020; x_wconf 79' lang='lat' dir='ltr'><strong>presenti</strong></span> <span class='ocrx_word' id='word_1_30' title='bbox 1105 947 1211 1021; x_wconf 92' lang='lat' dir='ltr'>quam</span> <span class='ocrx_word' id='word_1_31' title='bbox 1227 927 1263 999; x_wconf 93' lang='lat' dir='ltr'>in</span> <span class='ocrx_word' id='word_1_32' title='bbox 1281 927 1443 1000; x_wconf 91' lang='lat' dir='ltr'>omnibus</span> <span class='ocrx_word' id='word_1_33' title='bbox 1456 928 1677 1025; x_wconf 85' lang='lat' dir='ltr'>supradictis,</span> <span class='ocrx_word' id='word_1_34' title='bbox 1692 930 1788 1004; x_wconf 92' lang='lat' dir='ltr'>domi</span> <span class='ocrx_word' id='word_1_35' title='bbox 1803 933 1869 1006; x_wconf 90' lang='lat' dir='ltr'>sibi</span> 
     </span>
     <span class='ocr_line' id='line_1_5' title="bbox 462 1043 1869 1146; baseline 0.008 -30"><span class='ocrx_word' id='word_1_36' title='bbox 462 1044 563 1117; x_wconf 87' lang='lat' dir='ltr'>liceat</span> <span class='ocrx_word' id='word_1_37' title='bbox 582 1065 644 1140; x_wconf 89' lang='lat' dir='ltr'>per</span> <span class='ocrx_word' id='word_1_38' title='bbox 663 1043 740 1118; x_wconf 89' lang='lat' dir='ltr'>dies</span> <span class='ocrx_word' id='word_1_39' title='bbox 757 1044 942 1120; x_wconf 83' lang='lat' dir='ltr'>duodecim</span> <span class='ocrx_word' id='word_1_40' title='bbox 959 1045 1004 1144; x_wconf 84' lang='lat' dir='ltr'>(d)</span> <span class='ocrx_word' id='word_1_41' title='bbox 1023 1049 1240 1123; x_wconf 88' lang='lat' dir='ltr'>commorari.</span> <span class='ocrx_word' id='word_1_42' title='bbox 1263 1051 1303 1122; x_wconf 95' lang='lat' dir='ltr'>ln</span> <span class='ocrx_word' id='word_1_43' title='bbox 1324 1051 1453 1146; x_wconf 87' lang='lat' dir='ltr'>quibus</span> <span class='ocrx_word' id='word_1_44' title='bbox 1466 1053 1628 1126; x_wconf 89' lang='lat' dir='ltr'>omnibus</span> <span class='ocrx_word' id='word_1_45' title='bbox 1647 1051 1869 1128; x_wconf 89' lang='lat' dir='ltr'>dilationibus</span> 
     </span>
     <span class='ocr_line' id='line_1_6' title="bbox 462 1167 1868 1274; baseline 0.006 -32"><span class='ocrx_word' id='word_1_46' title='bbox 462 1170 492 1242; x_wconf 87' lang='lat' dir='ltr'>si</span> <span class='ocrx_word' id='word_1_47' title='bbox 507 1169 627 1242; x_wconf 90' lang='lat' dir='ltr'>venire</span> <span class='ocrx_word' id='word_1_48' title='bbox 640 1171 881 1266; x_wconf 72' lang='lat' dir='ltr'>contempserit</span> <span class='ocrx_word' id='word_1_49' title='bbox 895 1167 1084 1268; x_wconf 88' lang='lat' dir='ltr'>[impetitus</span> <span class='ocrx_word' id='word_1_50' title='bbox 1094 1171 1294 1270; x_wconf 84' lang='lat' dir='ltr'>(c)]‚contra</span> <span class='ocrx_word' id='word_1_51' title='bbox 1311 1174 1428 1271; x_wconf 88' lang='lat' dir='ltr'>ipsum</span> <span class='ocrx_word' id='word_1_52' title='bbox 1445 1197 1492 1250; x_wconf 84' lang='lat' dir='ltr'>ex</span> <span class='ocrx_word' id='word_1_53' title='bbox 1506 1177 1747 1274; x_wconf 88' lang='lat' dir='ltr'>peremptorio,</span> <span class='ocrx_word' id='word_1_54' title='bbox 1757 1199 1868 1272; x_wconf 87' lang='lat' dir='ltr'>quan-</span> 
     </span>
     <span class='ocr_line' id='line_1_7' title="bbox 461 1292 1235 1390; baseline 0.005 -25"><span class='ocrx_word' id='word_1_55' title='bbox 461 1303 535 1366; x_wconf 93' lang='lat' dir='ltr'>tum</span> <span class='ocrx_word' id='word_1_56' title='bbox 554 1292 689 1386; x_wconf 84' lang='lat' dir='ltr'>dejure</span> <span class='ocrx_word' id='word_1_57' title='bbox 704 1292 845 1390; x_wconf 83' lang='lat' dir='ltr'>procedi</span> <span class='ocrx_word' id='word_1_58' title='bbox 862 1296 998 1390; x_wconf 89' lang='lat' dir='ltr'>poterit,</span> <span class='ocrx_word' id='word_1_59' title='bbox 1017 1295 1235 1390; x_wconf 88' lang='lat' dir='ltr'>procedatur.</span> 
     </span>
    </p>
   </div>
   <div class='ocr_carea' id='block_1_3' title="bbox 868 1575 1452 2006">
    <p class='ocr_par' dir='ltr' id='par_1_3' title="bbox 868 1575 1452 2006">
     <span class='ocr_line' id='line_1_8' title="bbox 868 1575 1452 1675; baseline -0.002 -25"><span class='ocrx_word' id='word_1_60' title='bbox 868 1577 1069 1651; x_wconf 86' lang='lat' dir='ltr'><strong>TITULUS</strong></span> <span class='ocrx_word' id='word_1_61' title='bbox 1099 1577 1246 1652; x_wconf 86' lang='lat' dir='ltr'>XCVII.</span> <span class='ocrx_word' id='word_1_62' title='bbox 1274 1581 1338 1652; x_wconf 85' lang='grc' dir='ltr'>ΟΑ</span> <span class='ocrx_word' id='word_1_63' title='bbox 1363 1575 1452 1675; x_wconf 74' lang='lat' dir='ltr'>(lt).</span> 
     </span>
     <span class='ocr_line' id='line_1_9' title="bbox 967 1754 1357 1830; baseline 0.005 -4"><span class='ocrx_word' id='word_1_64' title='bbox 967 1754 1023 1827; x_wconf 84' lang='lat' dir='ltr'>De</span> <span class='ocrx_word' id='word_1_65' title='bbox 1041 1755 1160 1829; x_wconf 72' lang='lat' dir='ltr'>litteris</span> <span class='ocrx_word' id='word_1_66' title='bbox 1182 1757 1357 1830; x_wconf 63' lang='lat' dir='ltr'>citatoffia.</span> 
     </span>
     <span class='ocr_line' id='line_1_10' title="bbox 1005 1953 1323 2006; baseline 0.009 -3"><span class='ocrx_word' id='word_1_67' title='bbox 1005 1953 1098 2004; x_wconf 75' lang='lat' dir='ltr'>rnna</span> <span class='ocrx_word' id='word_1_68' title='bbox 1123 1954 1323 2006; x_wconf 77' lang='lat' dir='ltr'>iueusrus.</span> 
     </span>
    </p>
   </div>
   <div class='ocr_carea' id='block_1_4' title="bbox 456 2105 1972 4063">
    <p class='ocr_par' dir='ltr' id='par_1_4' title="bbox 456 2105 1972 4063">
     <span class='ocr_line' id='line_1_11' title="bbox 506 2105 1865 2203; baseline 0 -23"><span class='ocrx_word' id='word_1_69' title='bbox 506 2105 707 2180; x_wconf 85' lang='lat' dir='ltr'>Edictcrnm</span> <span class='ocrx_word' id='word_1_70' title='bbox 732 2105 887 2180; x_wconf 89' lang='lat' dir='ltr'>ordinem</span> <span class='ocrx_word' id='word_1_71' title='bbox 914 2108 1036 2203; x_wconf 85' lang='lat' dir='ltr'>priscis</span> <span class='ocrx_word' id='word_1_72' title='bbox 1060 2107 1197 2199; x_wconf 80' lang='lat' dir='ltr'>legibus</span> <span class='ocrx_word' id='word_1_73' title='bbox 1222 2107 1411 2181; x_wconf 90' lang='lat' dir='ltr'>stabilitum</span> <span class='ocrx_word' id='word_1_74' title='bbox 1435 2106 1482 2182; x_wconf 86' lang='lat' dir='ltr'>ad</span> <span class='ocrx_word' id='word_1_75' title='bbox 1506 2105 1700 2182; x_wconf 84' lang='lat' dir='ltr'>breviorem</span> <span class='ocrx_word' id='word_1_76' title='bbox 1726 2107 1865 2183; x_wconf 89' lang='lat' dir='ltr'>modum</span> 
     </span>
     <span class='ocr_line' id='line_1_12' title="bbox 457 2231 1868 2328; baseline -0.002 -22"><span class='ocrx_word' id='word_1_77' title='bbox 457 2231 623 2306; x_wconf 89' lang='lat' dir='ltr'>reducere</span> <span class='ocrx_word' id='word_1_78' title='bbox 640 2231 835 2327; x_wconf 77' lang='lat' dir='ltr'>cupienteS,</span> <span class='ocrx_word' id='word_1_79' title='bbox 856 2240 895 2303; x_wconf 93' lang='lat' dir='ltr'>ut</span> <span class='ocrx_word' id='word_1_80' title='bbox 909 2253 957 2304; x_wconf 88' lang='lat' dir='ltr'>ex</span> <span class='ocrx_word' id='word_1_81' title='bbox 972 2233 1023 2305; x_wconf 86' lang='lat' dir='ltr'>eis</span> <span class='ocrx_word' id='word_1_82' title='bbox 1041 2233 1077 2304; x_wconf 96' lang='lat' dir='ltr'>in</span> <span class='ocrx_word' id='word_1_83' title='bbox 1095 2241 1271 2327; x_wconf 87' lang='lat' dir='ltr'>posterum</span> <span class='ocrx_word' id='word_1_84' title='bbox 1287 2231 1382 2304; x_wconf 92' lang='lat' dir='ltr'>nulla</span> <span class='ocrx_word' id='word_1_85' title='bbox 1398 2231 1587 2326; x_wconf 88' lang='lat' dir='ltr'>questionis</span> <span class='ocrx_word' id='word_1_86' title='bbox 1601 2232 1743 2306; x_wconf 86' lang='lat' dir='ltr'>materia</span> <span class='ocrx_word' id='word_1_87' title='bbox 1761 2233 1868 2328; x_wconf 88' lang='lat' dir='ltr'>possit</span> 
     </span>
     <span class='ocr_line' id='line_1_13' title="bbox 458 2355 1865 2452; baseline -0.001 -23"><span class='ocrx_word' id='word_1_88' title='bbox 458 2357 559 2449; x_wconf 88' lang='lat' dir='ltr'>oriri,</span> <span class='ocrx_word' id='word_1_89' title='bbox 576 2356 790 2452; x_wconf 90' lang='lat' dir='ltr'>apertissima</span> <span class='ocrx_word' id='word_1_90' title='bbox 807 2356 1049 2430; x_wconf 89' lang='lat' dir='ltr'>constitutione</span> <span class='ocrx_word' id='word_1_91' title='bbox 1066 2357 1242 2428; x_wconf 88' lang='lat' dir='ltr'>sancimus</span> <span class='ocrx_word' id='word_1_92' title='bbox 1261 2366 1300 2429; x_wconf 91' lang='lat' dir='ltr'>nt</span> <span class='ocrx_word' id='word_1_93' title='bbox 1322 2355 1476 2430; x_wconf 83' lang='lat' dir='ltr'>citatorio</span> <span class='ocrx_word' id='word_1_94' title='bbox 1500 2356 1612 2429; x_wconf 87' lang='lat' dir='ltr'>littere</span> <span class='ocrx_word' id='word_1_95' title='bbox 1638 2377 1700 2452; x_wconf 89' lang='lat' dir='ltr'>per</span> <span class='ocrx_word' id='word_1_96' title='bbox 1718 2356 1865 2448; x_wconf 76' lang='lat' dir='ltr'>Justitia·</span> 
     </span>
     <span class='ocr_line' id='line_1_14' title="bbox 456 2477 1866 2574; baseline -0.001 -22"><span class='ocrx_word' id='word_1_97' title='bbox 456 2481 547 2552; x_wconf 93' lang='lat' dir='ltr'>rium</span> <span class='ocrx_word' id='word_1_98' title='bbox 566 2489 601 2552; x_wconf 92' lang='lat' dir='ltr'>et</span> <span class='ocrx_word' id='word_1_99' title='bbox 616 2479 773 2572; x_wconf 87' lang='lat' dir='ltr'>bajulum</span> <span class='ocrx_word' id='word_1_100' title='bbox 789 2478 1007 2572; x_wconf 82' lang='lat' dir='ltr'>destinando,</span> <span class='ocrx_word' id='word_1_101' title='bbox 1024 2501 1093 2553; x_wconf 94' lang='lat' dir='ltr'>non</span> <span class='ocrx_word' id='word_1_102' title='bbox 1110 2489 1149 2553; x_wconf 91' lang='lat' dir='ltr'>ut</span> <span class='ocrx_word' id='word_1_103' title='bbox 1162 2479 1245 2551; x_wconf 93' lang='lat' dir='ltr'>olim</span> <span class='ocrx_word' id='word_1_104' title='bbox 1261 2478 1307 2552; x_wconf 91' lang='lat' dir='ltr'>ad</span> <span class='ocrx_word' id='word_1_105' title='bbox 1323 2479 1437 2574; x_wconf 90' lang='lat' dir='ltr'>ipsum</span> <span class='ocrx_word' id='word_1_106' title='bbox 1448 2477 1612 2553; x_wconf 90' lang='lat' dir='ltr'>eumdem</span> <span class='ocrx_word' id='word_1_107' title='bbox 1627 2479 1689 2574; x_wconf 93' lang='lat' dir='ltr'>qui</span> <span class='ocrx_word' id='word_1_108' title='bbox 1708 2477 1866 2552; x_wconf 74' lang='lat' dir='ltr'>citandus</span> 
     </span>
     <span class='ocr_line' id='line_1_15' title="bbox 457 2601 1866 2698; baseline -0.001 -22"><span class='ocrx_word' id='word_1_109' title='bbox 457 2603 561 2677; x_wconf 86' lang='lat' dir='ltr'>fuerit</span> <span class='ocrx_word' id='word_1_110' title='bbox 579 2603 624 2676; x_wconf 93' lang='lat' dir='ltr'>ab</span> <span class='ocrx_word' id='word_1_111' title='bbox 645 2602 760 2698; x_wconf 90' lang='lat' dir='ltr'>aliquo</span> <span class='ocrx_word' id='word_1_112' title='bbox 784 2625 846 2698; x_wconf 91' lang='lat' dir='ltr'>per</span> <span class='ocrx_word' id='word_1_113' title='bbox 870 2602 1106 2676; x_wconf 87' lang='lat' dir='ltr'>adversarium</span> <span class='ocrx_word' id='word_1_114' title='bbox 1128 2625 1229 2675; x_wconf 90' lang='lat' dir='ltr'>sunm</span> <span class='ocrx_word' id='word_1_115' title='bbox 1253 2603 1537 2694; x_wconf 88' lang='lat' dir='ltr'>transmittantur,</span> <span class='ocrx_word' id='word_1_116' title='bbox 1557 2601 1621 2676; x_wconf 90' lang='lat' dir='ltr'>sed</span> <span class='ocrx_word' id='word_1_117' title='bbox 1642 2624 1702 2698; x_wconf 90' lang='lat' dir='ltr'>per</span> <span class='ocrx_word' id='word_1_118' title='bbox 1717 2603 1866 2696; x_wconf 80' lang='lat' dir='ltr'>aliquem</span> 
     </span>
     <span class='ocr_line' id='line_1_16' title="bbox 456 2725 1863 2824; baseline -0.004 -21"><span class='ocrx_word' id='word_1_119' title='bbox 456 2729 588 2804; x_wconf 90' lang='lat' dir='ltr'>bonum</span> <span class='ocrx_word' id='word_1_120' title='bbox 605 2728 719 2800; x_wconf 84' lang='lat' dir='ltr'>virum</span> <span class='ocrx_word' id='word_1_121' title='bbox 735 2728 798 2822; x_wconf 93' lang='lat' dir='ltr'>qui</span> <span class='ocrx_word' id='word_1_122' title='bbox 814 2727 850 2799; x_wconf 93' lang='lat' dir='ltr'>in</span> <span class='ocrx_word' id='word_1_123' title='bbox 865 2727 933 2800; x_wconf 94' lang='lat' dir='ltr'>illis</span> <span class='ocrx_word' id='word_1_124' title='bbox 949 2728 1102 2824; x_wconf 89' lang='lat' dir='ltr'>partibus</span> <span class='ocrx_word' id='word_1_125' title='bbox 1127 2728 1187 2800; x_wconf 92' lang='lat' dir='ltr'>ubi</span> <span class='ocrx_word' id='word_1_126' title='bbox 1211 2749 1291 2800; x_wconf 89' lang='lat' dir='ltr'>rens</span> <span class='ocrx_word' id='word_1_127' title='bbox 1309 2725 1436 2821; x_wconf 77' lang='lat' dir='ltr'>degere</span> <span class='ocrx_word' id='word_1_128' title='bbox 1454 2725 1593 2818; x_wconf 88' lang='lat' dir='ltr'>dicitur,</span> <span class='ocrx_word' id='word_1_129' title='bbox 1620 2735 1863 2818; x_wconf 86' lang='lat' dir='ltr'>commoratur,</span> 
     </span>
     <span class='ocr_line' id='line_1_17' title="bbox 456 2848 1867 2948; baseline -0.004 -20"><span class='ocrx_word' id='word_1_130' title='bbox 456 2854 674 2948; x_wconf 82' lang='lat' dir='ltr'>assignentur</span> <span class='ocrx_word' id='word_1_131' title='bbox 691 2849 742 2948; x_wconf 85' lang='lat' dir='ltr'>(d)</span> <span class='ocrx_word' id='word_1_132' title='bbox 759 2850 893 2943; x_wconf 88' lang='lat' dir='ltr'>eidem;</span> <span class='ocrx_word' id='word_1_133' title='bbox 919 2853 976 2924; x_wconf 86' lang='lat' dir='ltr'>vel</span> <span class='ocrx_word' id='word_1_134' title='bbox 998 2873 1059 2946; x_wconf 89' lang='lat' dir='ltr'>per</span> <span class='ocrx_word' id='word_1_135' title='bbox 1079 2851 1262 2948; x_wconf 89' lang='lat' dir='ltr'>specialem</span> <span class='ocrx_word' id='word_1_136' title='bbox 1280 2850 1416 2924; x_wconf 90' lang='lat' dir='ltr'>citantis</span> <span class='ocrx_word' id='word_1_137' title='bbox 1433 2848 1601 2923; x_wconf 91' lang='lat' dir='ltr'>nuncium</span> <span class='ocrx_word' id='word_1_138' title='bbox 1616 2849 1738 2924; x_wconf 90' lang='lat' dir='ltr'>eedem</span> <span class='ocrx_word' id='word_1_139' title='bbox 1756 2849 1867 2924; x_wconf 89' lang='lat' dir='ltr'>littero</span> 
     </span>
     <span class='ocr_line' id='line_1_18' title="bbox 459 2971 1867 3072; baseline -0.004 -19"><span class='ocrx_word' id='word_1_140' title='bbox 459 2978 686 3066; x_wconf 88' lang='lat' dir='ltr'>destinentur,</span> <span class='ocrx_word' id='word_1_141' title='bbox 715 2977 771 3048; x_wconf 88' lang='lat' dir='ltr'>vel</span> <span class='ocrx_word' id='word_1_142' title='bbox 799 2971 889 3072; x_wconf 85' lang='lat' dir='ltr'>[per]</span> <span class='ocrx_word' id='word_1_143' title='bbox 918 2973 1098 3070; x_wconf 89' lang='lat' dir='ltr'>quodlibet</span> <span class='ocrx_word' id='word_1_144' title='bbox 1126 2975 1279 3049; x_wconf 89' lang='lat' dir='ltr'>edictum</span> <span class='ocrx_word' id='word_1_145' title='bbox 1311 2973 1408 3048; x_wconf 89' lang='lat' dir='ltr'>alind</span> <span class='ocrx_word' id='word_1_146' title='bbox 1439 2973 1631 3046; x_wconf 89' lang='lat' dir='ltr'>citatorium</span> <span class='ocrx_word' id='word_1_147' title='bbox 1658 2973 1763 3046; x_wconf 91' lang='lat' dir='ltr'>etiam</span> <span class='ocrx_word' id='word_1_148' title='bbox 1792 2973 1867 3048; x_wconf 90' lang='lat' dir='ltr'>sine</span> 
     </span>
     <span class='ocr_line' id='line_1_19' title="bbox 459 3097 1867 3198; baseline -0.004 -24"><span class='ocrx_word' id='word_1_149' title='bbox 459 3101 594 3196; x_wconf 88' lang='lat' dir='ltr'>seriptis</span> <span class='ocrx_word' id='word_1_150' title='bbox 618 3097 719 3198; x_wconf 86' lang='lat' dir='ltr'>[fiat].</span> <span class='ocrx_word' id='word_1_151' title='bbox 738 3101 776 3171; x_wconf 93' lang='lat' dir='ltr'>ln</span> <span class='ocrx_word' id='word_1_152' title='bbox 806 3098 934 3193; x_wconf 89' lang='lat' dir='ltr'>quibus</span> <span class='ocrx_word' id='word_1_153' title='bbox 957 3098 1077 3172; x_wconf 87' lang='lat' dir='ltr'>litteris</span> <span class='ocrx_word' id='word_1_154' title='bbox 1098 3097 1202 3173; x_wconf 91' lang='lat' dir='ltr'>debet</span> <span class='ocrx_word' id='word_1_155' title='bbox 1228 3097 1383 3172; x_wconf 89' lang='lat' dir='ltr'>dilucide</span> <span class='ocrx_word' id='word_1_156' title='bbox 1407 3097 1576 3171; x_wconf 88' lang='lat' dir='ltr'>contineri</span> <span class='ocrx_word' id='word_1_157' title='bbox 1600 3118 1715 3171; x_wconf 90' lang='lat' dir='ltr'>coram</span> <span class='ocrx_word' id='word_1_158' title='bbox 1738 3118 1810 3192; x_wconf 92' lang='lat' dir='ltr'>quo</span> <span class='ocrx_word' id='word_1_159' title='bbox 1833 3109 1867 3172; x_wconf 90' lang='lat' dir='ltr'>et</span> 
     </span>
     <span class='ocr_line' id='line_1_20' title="bbox 459 3219 1866 3320; baseline -0.004 -19"><span class='ocrx_word' id='word_1_160' title='bbox 459 3245 571 3320; x_wconf 88' lang='lat' dir='ltr'>aquo</span> <span class='ocrx_word' id='word_1_161' title='bbox 591 3233 626 3296; x_wconf 88' lang='lat' dir='ltr'>ot</span> <span class='ocrx_word' id='word_1_162' title='bbox 651 3222 695 3296; x_wconf 91' lang='lat' dir='ltr'>de</span> <span class='ocrx_word' id='word_1_163' title='bbox 718 3244 789 3318; x_wconf 93' lang='lat' dir='ltr'>qua</span> <span class='ocrx_word' id='word_1_164' title='bbox 810 3245 849 3296; x_wconf 88' lang='lat' dir='ltr'>re</span> <span class='ocrx_word' id='word_1_165' title='bbox 870 3244 912 3295; x_wconf 90' lang='lat' dir='ltr'>ac</span> <span class='ocrx_word' id='word_1_166' title='bbox 931 3221 1125 3316; x_wconf 92' lang='lat' dir='ltr'>cujusmodi</span> <span class='ocrx_word' id='word_1_167' title='bbox 1148 3222 1363 3318; x_wconf 90' lang='lat' dir='ltr'>querimonia</span> <span class='ocrx_word' id='word_1_168' title='bbox 1380 3219 1566 3312; x_wconf 85' lang='lat' dir='ltr'>deleratur,</span> <span class='ocrx_word' id='word_1_169' title='bbox 1586 3231 1622 3294; x_wconf 91' lang='lat' dir='ltr'>et</span> <span class='ocrx_word' id='word_1_170' title='bbox 1643 3231 1780 3316; x_wconf 87' lang='lat' dir='ltr'>tempus</span> <span class='ocrx_word' id='word_1_171' title='bbox 1801 3242 1866 3295; x_wconf 87' lang='lat' dir='ltr'>ex·</span> 
     </span>
     <span class='ocr_line' id='line_1_21' title="bbox 458 3341 1972 3448; baseline -0.005 -25"><span class='ocrx_word' id='word_1_172' title='bbox 458 3371 616 3448; x_wconf 88' lang='lat' dir='ltr'>pressum</span> <span class='ocrx_word' id='word_1_173' title='bbox 634 3347 671 3418; x_wconf 96' lang='lat' dir='ltr'>in</span> <span class='ocrx_word' id='word_1_174' title='bbox 688 3368 760 3442; x_wconf 94' lang='lat' dir='ltr'>quo</span> <span class='ocrx_word' id='word_1_175' title='bbox 777 3368 840 3442; x_wconf 90' lang='lat' dir='ltr'>per</span> <span class='ocrx_word' id='word_1_176' title='bbox 855 3367 894 3418; x_wconf 90' lang='lat' dir='ltr'>se</span> <span class='ocrx_word' id='word_1_177' title='bbox 906 3355 1053 3434; x_wconf 89' lang='lat' dir='ltr'>tantum,</span> <span class='ocrx_word' id='word_1_178' title='bbox 1073 3347 1103 3418; x_wconf 91' lang='lat' dir='ltr'>si</span> <span class='ocrx_word' id='word_1_179' title='bbox 1120 3345 1307 3419; x_wconf 87' lang='lat' dir='ltr'>criminalis</span> <span class='ocrx_word' id='word_1_180' title='bbox 1328 3344 1490 3438; x_wconf 80' lang='lat' dir='ltr'>allectio,</span> <span class='ocrx_word' id='word_1_181' title='bbox 1511 3341 1581 3442; x_wconf 90' lang='lat' dir='ltr'>[vel</span> <span class='ocrx_word' id='word_1_182' title='bbox 1595 3365 1658 3440; x_wconf 92' lang='lat' dir='ltr'>per</span> <span class='ocrx_word' id='word_1_183' title='bbox 1680 3366 1718 3418; x_wconf 89' lang='lat' dir='ltr'>se</span> <span class='ocrx_word' id='word_1_184' title='bbox 1731 3345 1788 3418; x_wconf 86' lang='lat' dir='ltr'>vel</span> <span class='ocrx_word' id='word_1_185' title='bbox 1806 3367 1867 3442; x_wconf 89' lang='lat' dir='ltr'>per</span> <span class='ocrx_word' id='word_1_186' title='bbox 1969 3391 1972 3398; x_wconf 88' lang='lat'>.</span> 
     </span>
     <span class='ocr_line' id='line_1_22' title="bbox 457 3464 1861 3566; baseline -0.004 -21"><span class='ocrx_word' id='word_1_187' title='bbox 457 3472 578 3563; x_wconf 89' lang='lat' dir='ltr'>alium,</span> <span class='ocrx_word' id='word_1_188' title='bbox 598 3471 629 3544; x_wconf 90' lang='lat' dir='ltr'>si</span> <span class='ocrx_word' id='word_1_189' title='bbox 651 3469 764 3543; x_wconf 89' lang='lat' dir='ltr'>civilis</span> <span class='ocrx_word' id='word_1_190' title='bbox 789 3469 925 3564; x_wconf 88' lang='lat' dir='ltr'>questio</span> <span class='ocrx_word' id='word_1_191' title='bbox 947 3464 1157 3564; x_wconf 87' lang='lat' dir='ltr'>moveatur,]</span> <span class='ocrx_word' id='word_1_192' title='bbox 1178 3469 1302 3542; x_wconf 87' lang='lat' dir='ltr'>citatus</span> <span class='ocrx_word' id='word_1_193' title='bbox 1331 3467 1457 3542; x_wconf 88' lang='lat' dir='ltr'>debeat</span> <span class='ocrx_word' id='word_1_194' title='bbox 1479 3468 1515 3539; x_wconf 90' lang='lat' dir='ltr'>in</span> <span class='ocrx_word' id='word_1_195' title='bbox 1539 3467 1635 3542; x_wconf 90' lang='lat' dir='ltr'>curia</span> <span class='ocrx_word' id='word_1_196' title='bbox 1653 3489 1861 3566; x_wconf 87' lang='lat' dir='ltr'>comparere.</span> 
     </span>
     <span class='ocr_line' id='line_1_23' title="bbox 458 3592 1866 3690; baseline -0.003 -20"><span class='ocrx_word' id='word_1_197' title='bbox 458 3597 577 3671; x_wconf 91' lang='lat' dir='ltr'>Citatio</span> <span class='ocrx_word' id='word_1_198' title='bbox 595 3595 654 3670; x_wconf 88' lang='lat' dir='ltr'>liat</span> <span class='ocrx_word' id='word_1_199' title='bbox 670 3618 741 3668; x_wconf 91' lang='lat' dir='ltr'>una</span> <span class='ocrx_word' id='word_1_200' title='bbox 763 3615 827 3689; x_wconf 94' lang='lat' dir='ltr'>pro</span> <span class='ocrx_word' id='word_1_201' title='bbox 849 3593 1028 3686; x_wconf 87' lang='lat' dir='ltr'>omnibus,</span> <span class='ocrx_word' id='word_1_202' title='bbox 1045 3615 1115 3689; x_wconf 90' lang='lat' dir='ltr'>que</span> <span class='ocrx_word' id='word_1_203' title='bbox 1137 3593 1404 3690; x_wconf 88' lang='lat' dir='ltr'>peremptorium</span> <span class='ocrx_word' id='word_1_204' title='bbox 1421 3592 1609 3666; x_wconf 89' lang='lat' dir='ltr'>continebit</span> <span class='ocrx_word' id='word_1_205' title='bbox 1624 3601 1660 3666; x_wconf 91' lang='lat' dir='ltr'>et</span> <span class='ocrx_word' id='word_1_206' title='bbox 1681 3595 1866 3667; x_wconf 89' lang='lat' dir='ltr'>torminum</span> 
     </span>
     <span class='ocr_line' id='line_1_24' title="bbox 457 3713 1861 3818; baseline -0.004 -24"><span class='ocrx_word' id='word_1_207' title='bbox 457 3722 596 3816; x_wconf 81' lang='lat' dir='ltr'>triginta</span> <span class='ocrx_word' id='word_1_208' title='bbox 607 3721 742 3795; x_wconf 89' lang='lat' dir='ltr'>dierum</span> <span class='ocrx_word' id='word_1_209' title='bbox 756 3717 819 3818; x_wconf 94' lang='lat' dir='ltr'>[ad</span> <span class='ocrx_word' id='word_1_210' title='bbox 830 3713 923 3813; x_wconf 85' lang='lat' dir='ltr'>plus]</span> <span class='ocrx_word' id='word_1_211' title='bbox 938 3740 959 3790; x_wconf 92' lang='lat' dir='ltr'>a</span> <span class='ocrx_word' id='word_1_212' title='bbox 973 3716 1030 3791; x_wconf 90' lang='lat' dir='ltr'>die</span> <span class='ocrx_word' id='word_1_213' title='bbox 1047 3718 1217 3792; x_wconf 86' lang='lat' dir='ltr'>citationis</span> <span class='ocrx_word' id='word_1_214' title='bbox 1231 3726 1368 3813; x_wconf 88' lang='lat' dir='ltr'>recepte</span> <span class='ocrx_word' id='word_1_215' title='bbox 1379 3717 1542 3791; x_wconf 90' lang='lat' dir='ltr'>continue</span> <span class='ocrx_word' id='word_1_216' title='bbox 1556 3716 1861 3808; x_wconf 88' lang='lat' dir='ltr'>numerandomm,</span> 
     </span>
     <span class='ocr_line' id='line_1_25' title="bbox 457 3838 1864 3939; baseline -0.003 -23"><span class='ocrx_word' id='word_1_217' title='bbox 457 3845 494 3917; x_wconf 93' lang='lat' dir='ltr'>in</span> <span class='ocrx_word' id='word_1_218' title='bbox 519 3865 728 3939; x_wconf 89' lang='lat' dir='ltr'>quacunque</span> <span class='ocrx_word' id='word_1_219' title='bbox 757 3852 856 3938; x_wconf 89' lang='lat' dir='ltr'>parte</span> <span class='ocrx_word' id='word_1_220' title='bbox 881 3841 979 3935; x_wconf 79' lang='lat' dir='ltr'>regni</span> <span class='ocrx_word' id='word_1_221' title='bbox 1009 3838 1168 3914; x_wconf 90' lang='lat' dir='ltr'>citandus</span> <span class='ocrx_word' id='word_1_222' title='bbox 1197 3863 1336 3916; x_wconf 89' lang='lat' dir='ltr'>manere</span> <span class='ocrx_word' id='word_1_223' title='bbox 1356 3839 1503 3914; x_wconf 88' lang='lat' dir='ltr'>dicatur.</span> <span class='ocrx_word' id='word_1_224' title='bbox 1531 3839 1737 3935; x_wconf 89' lang='lat' dir='ltr'>Plerumque</span> <span class='ocrx_word' id='word_1_225' title='bbox 1761 3841 1864 3915; x_wconf 92' lang='lat' dir='ltr'>etiam</span> 
     </span>
     <span class='ocr_line' id='line_1_26' title="bbox 457 3963 1863 4063; baseline -0.004 -22"><span class='ocrx_word' id='word_1_226' title='bbox 457 3969 600 4041; x_wconf 87' lang='lat' dir='ltr'>brevius</span> <span class='ocrx_word' id='word_1_227' title='bbox 624 3967 774 4063; x_wconf 88' lang='lat' dir='ltr'>spatium</span> <span class='ocrx_word' id='word_1_228' title='bbox 804 3963 976 4038; x_wconf 89' lang='lat' dir='ltr'>indicetur</span> <span class='ocrx_word' id='word_1_229' title='bbox 1001 3985 1049 4038; x_wconf 82' lang='lat' dir='ltr'>ex</span> <span class='ocrx_word' id='word_1_230' title='bbox 1071 3965 1235 4060; x_wconf 88' lang='lat' dir='ltr'>qualitate</span> <span class='ocrx_word' id='word_1_231' title='bbox 1259 3973 1451 4060; x_wconf 87' lang='lat' dir='ltr'>temporum</span> <span class='ocrx_word' id='word_1_232' title='bbox 1467 3973 1502 4036; x_wconf 91' lang='lat' dir='ltr'>et</span> <span class='ocrx_word' id='word_1_233' title='bbox 1528 3963 1747 4058; x_wconf 86' lang='lat' dir='ltr'>proximitate</span> <span class='ocrx_word' id='word_1_234' title='bbox 1771 3965 1863 4037; x_wconf 92' lang='lat' dir='ltr'>loco·</span> 
     </span>
    </p>
   </div>
   <div class='ocr_carea' id='block_1_5' title="bbox 455 4137 1862 4757">
    <p class='ocr_par' dir='ltr' id='par_1_5' title="bbox 456 4137 1862 4313">
     <span class='ocr_line' id='line_1_27' title="bbox 498 4137 1862 4225; baseline 0.001 -21"><span class='ocrx_word' id='word_1_235' title='bbox 498 4142 541 4225; x_wconf 81' lang='lat' dir='ltr'>(a)</span> <span class='ocrx_word' id='word_1_236' title='bbox 562 4143 732 4221; x_wconf 78' lang='lat' dir='ltr'>legendum</span> <span class='ocrx_word' id='word_1_237' title='bbox 745 4149 845 4205; x_wconf 86' lang='lat' dir='ltr'>tcmsn</span> <span class='ocrx_word' id='word_1_238' title='bbox 857 4143 956 4220; x_wconf 83' lang='lat' dir='ltr'>potius</span> <span class='ocrx_word' id='word_1_239' title='bbox 976 4139 1100 4202; x_wconf 75' lang='lat' dir='ltr'>discocto</span> <span class='ocrx_word' id='word_1_240' title='bbox 1121 4141 1171 4204; x_wconf 86' lang='lat' dir='ltr'>rel</span> <span class='ocrx_word' id='word_1_241' title='bbox 1189 4138 1327 4217; x_wconf 73' lang='grc' dir='ltr'>ὀίιιιιιιο,</span> <span class='ocrx_word' id='word_1_242' title='bbox 1341 4157 1411 4204; x_wconf 90' lang='lat' dir='ltr'>cum</span> <span class='ocrx_word' id='word_1_243' title='bbox 1434 4142 1474 4204; x_wconf 85' lang='lat' dir='ltr'>sit</span> <span class='ocrx_word' id='word_1_244' title='bbox 1492 4143 1526 4203; x_wconf 92' lang='lat' dir='ltr'>ln</span> <span class='ocrx_word' id='word_1_245' title='bbox 1546 4155 1652 4222; x_wconf 75' lang='lat' dir='ltr'>graeco</span> <span class='ocrx_word' id='word_1_246' title='bbox 1671 4137 1862 4221; x_wconf 59' lang='lat' dir='ltr'>casteone.</span> 
     </span>
     <span class='ocr_line' id='line_1_28' title="bbox 456 4249 650 4313; baseline -0.021 0"><span class='ocrx_word' id='word_1_247' title='bbox 456 4249 650 4313; x_wconf 81' lang='lat' dir='ltr'>dinumerato.</span> 
     </span>
    </p>

    <p class='ocr_par' dir='ltr' id='par_1_6' title="bbox 497 4351 1201 4439">
     <span class='ocr_line' id='line_1_29' title="bbox 497 4351 1201 4439; baseline -0.004 -20"><span class='ocrx_word' id='word_1_248' title='bbox 497 4356 540 4439; x_wconf 82' lang='lat' dir='ltr'>(b)</span> <span class='ocrx_word' id='word_1_249' title='bbox 561 4357 598 4418; x_wconf 96' lang='lat' dir='ltr'>ln</span> <span class='ocrx_word' id='word_1_250' title='bbox 611 4371 716 4436; x_wconf 74' lang='lat' dir='ltr'>graeco</span> <span class='ocrx_word' id='word_1_251' title='bbox 729 4351 841 4428; x_wconf 72' lang='grc' dir='ltr'>διειιιι,</span> <span class='ocrx_word' id='word_1_252' title='bbox 856 4353 936 4433; x_wconf 88' lang='lat' dir='ltr'>qnod</span> <span class='ocrx_word' id='word_1_253' title='bbox 949 4357 1059 4417; x_wconf 86' lang='lat' dir='ltr'>rectius</span> <span class='ocrx_word' id='word_1_254' title='bbox 1072 4353 1201 4416; x_wconf 83' lang='lat' dir='ltr'>uidetur.</span> 
     </span>
    </p>

    <p class='ocr_par' dir='ltr' id='par_1_7' title="bbox 455 4458 1862 4647">
     <span class='ocr_line' id='line_1_30' title="bbox 497 4458 1862 4545; baseline -0.004 -20"><span class='ocrx_word' id='word_1_255' title='bbox 497 4462 537 4545; x_wconf 83' lang='lat' dir='ltr'>(c)</span> <span class='ocrx_word' id='word_1_256' title='bbox 561 4464 626 4525; x_wconf 86' lang='lat' dir='ltr'>Hoc</span> <span class='ocrx_word' id='word_1_257' title='bbox 642 4467 687 4523; x_wconf 87' lang='lat' dir='ltr'>est</span> <span class='ocrx_word' id='word_1_258' title='bbox 699 4477 766 4521; x_wconf 78' lang='lat' dir='ltr'>rerer</span> <span class='ocrx_word' id='word_1_259' title='bbox 777 4467 940 4531; x_wconf 74' lang='lat' dir='ltr'>comentur,</span> <span class='ocrx_word' id='word_1_260' title='bbox 955 4467 984 4521; x_wconf 86' lang='lat' dir='ltr'>et</span> <span class='ocrx_word' id='word_1_261' title='bbox 994 4467 1082 4522; x_wconf 88' lang='lat' dir='ltr'>recte.</span> <span class='ocrx_word' id='word_1_262' title='bbox 1098 4460 1254 4538; x_wconf 84' lang='lat' dir='ltr'>Pcrperam</span> <span class='ocrx_word' id='word_1_263' title='bbox 1267 4466 1367 4523; x_wconf 86' lang='lat' dir='ltr'>autem</span> <span class='ocrx_word' id='word_1_264' title='bbox 1380 4461 1413 4522; x_wconf 91' lang='lat' dir='ltr'>ln</span> <span class='ocrx_word' id='word_1_265' title='bbox 1425 4459 1535 4535; x_wconf 73' lang='lat' dir='ltr'>Pelet„</span> <span class='ocrx_word' id='word_1_266' title='bbox 1550 4458 1702 4537; x_wconf 75' lang='lat' dir='ltr'>Lludelte,</span> <span class='ocrx_word' id='word_1_267' title='bbox 1716 4459 1862 4538; x_wconf 69' lang='lat' dir='ltr'>sarpa,</span> 
     </span>
     <span class='ocr_line' id='line_1_31' title="bbox 455 4563 1010 4647; baseline -0.011 -13"><span class='ocrx_word' id='word_1_268' title='bbox 455 4578 486 4634; x_wconf 85' lang='lat' dir='ltr'>et</span> <span class='ocrx_word' id='word_1_269' title='bbox 498 4573 587 4632; x_wconf 63' lang='lat' dir='ltr'>mem</span> <span class='ocrx_word' id='word_1_270' title='bbox 600 4568 719 4631; x_wconf 76' lang='lat' dir='ltr'>liniaco</span> <span class='ocrx_word' id='word_1_271' title='bbox 732 4567 840 4646; x_wconf 79' lang='lat' dir='ltr'>legitur</span> <span class='ocrx_word' id='word_1_272' title='bbox 849 4563 1010 4647; x_wconf 76' lang='lat' dir='ltr'>impeditur.</span> 
     </span>
    </p>

    <p class='ocr_par' dir='ltr' id='par_1_8' title="bbox 498 4669 1258 4757">
     <span class='ocr_line' id='line_1_32' title="bbox 498 4669 1258 4757; baseline -0.008 -18"><span class='ocrx_word' id='word_1_273' title='bbox 498 4675 540 4757; x_wconf 82' lang='lat' dir='ltr'>(d)</span> <span class='ocrx_word' id='word_1_274' title='bbox 562 4677 651 4738; x_wconf 80' lang='lat' dir='ltr'>Forte</span> <span class='ocrx_word' id='word_1_275' title='bbox 663 4675 877 4756; x_wconf 65' lang='lat' dir='ltr'>coaequemur.</span> <span class='ocrx_word' id='word_1_276' title='bbox 890 4673 1000 4736; x_wconf 80' lang='lat' dir='ltr'>Gracco</span> <span class='ocrx_word' id='word_1_277' title='bbox 1012 4669 1258 4755; x_wconf 76' lang='grc' dir='ltr'>παραδιδόσθωσαν.</span> 
     </span>
    </p>
   </div>
   <div class='ocr_carea' id='block_1_6' title="bbox 0 0 2190 5912">
    <p class='ocr_par' dir='ltr' id='par_1_9' title="bbox 0 0 2190 5912">
     <span class='ocr_line' id='line_1_33' title="bbox 0 0 2190 5912; baseline 0 0"><span class='ocrx_word' id='word_1_278' title='bbox 0 0 2190 5912; x_wconf 95' lang='lat' dir='ltr'> </span> 
     </span>
    </p>
   </div>
  </div>
 </body>
</html>
