4308 5910
487 586 546 648 120
1011 583 1367 650 CONSTITUTIONES

485 719 642 817 scriptitii
661 727 757 809 sunt,
773 718 802 790 si
820 716 917 812 quod
931 719 1101 813 premium
1123 722 1169 795 ob
1196 725 1367 798 licentiam
1386 721 1570 797 ordinandi
1595 725 1652 797 vel
1671 724 1891 798 consecrandi

486 847 677 940 suscepisse
694 843 842 916 convicti
858 843 1000 931 luerint,
1016 845 1075 936 jus
1093 847 1343 946 adscriptitium
1359 847 1525 946 perdant,
1542 845 1589 947 et]
1605 849 1665 942 qui
1682 848 1815 921 dederit
1829 869 1890 944 ps-

486 971 644 1056 cuniam,
665 969 711 1042 ab
728 969 850 1042 ordine
875 977 988 1041 motus
1010 968 1094 1043 fisco
1119 981 1235 1044 nostro
1257 994 1337 1044 cum
1361 973 1465 1046 rebus
1487 972 1648 1046 omnibus
1665 973 1738 1044 suis
1761 971 1891 1044 vendi-

486 1104 593 1168 cetur.
614 1095 665 1166 Ne
688 1103 801 1166 tamen
824 1093 1000 1165 sinistrum
1025 1093 1166 1189 aliquod
1186 1096 1374 1191 aliquando
1396 1095 1505 1192 possit
1531 1095 1656 1169 uostris
1676 1095 1890 1169 constitutio·

485 1219 589 1290 uibus
605 1218 758 1304 obviare,
781 1215 914 1290 siiorte
933 1218 970 1288 in
990 1239 1069 1291 rure
1089 1221 1144 1291 vel
1167 1220 1203 1291 iu
1226 1221 1306 1294 noo
1327 1219 1472 1294 ecclesia
1496 1219 1679 1292 constituta
1701 1219 1891 1312 assignatos

484 1342 643 1416 habuerit
664 1339 876 1432 sacerdotes,
900 1342 1028 1435 quibus
1045 1340 1293 1430 decedentibus
1315 1344 1384 1417 sint
1404 1343 1512 1438 aliqui
1535 1345 1585 1437 (o)
1604 1340 1832 1436 subrogandi,
1857 1351 1892 1414 et

485 1467 675 1564 pertinaces
699 1465 830 1538 domini
851 1465 941 1537 ruris
967 1466 1023 1538 vel
1049 1467 1119 1540 vici
1142 1490 1247 1564 super
1270 1467 1492 1564 adscriptitiis
1515 1466 1589 1539 fieri
1614 1465 1890 1561 subrogationem

485 1591 708 1686 negaverint;
735 1591 910 1685 presertim
937 1611 1017 1662 cum
1036 1611 1083 1664 ex
1110 1591 1195 1688 ipsis
1220 1591 1441 1688 adscriptitiis
1464 1611 1609 1686 persona
1633 1589 1759 1663 idonea
1779 1609 1889 1661 sacer·

486 1717 580 1790 dotio
603 1717 648 1788 ab
674 1715 835 1810 episcopo
862 1723 1079 1810 expectetur,
1105 1714 1252 1810 dignum
1276 1715 1455 1790 clementia
1482 1725 1597 1788 nostre
1622 1713 1761 1786 videtur
1786 1721 1890 1807 atque

483 1840 711 1936 justissimum
726 1837 772 1912 ad
785 1839 914 1930 justam
927 1839 1127 1934 petitionem
1147 1839 1293 1914 ecclesie
1312 1839 1603 1935 adscriptitiorum
1616 1837 1795 1911 domiuum
1811 1837 1889 1928 jure

486 1964 693 2060 cogendum.
709 1963 785 2034 Filii
800 1984 883 2036 vero
896 1963 1098 2060 adscriptitii
1112 1960 1303 2062 [memorati
1317 1961 1365 2063 et]
1378 1963 1527 2038 ordinati
1540 1960 1587 2036 ad
1600 1959 1888 2057 adscriptitiorum

487 2089 718 2164 conditionem
738 2087 891 2176 redeant,
915 2087 1010 2161 omni
1028 2089 1207 2164 occasione
1225 2099 1367 2162 remon.
1837 2064 1855 2090 ³

935 2401 1137 2475 TITULUS
1166 2401 1232 2474 ill.
1259 2405 1322 2472 ΝΓ
1347 2399 1436 2496 (53).

729 2595 776 2664 Dc
794 2593 842 2664 bis
860 2593 920 2686 qui
936 2593 1049 2664 debent
1066 2593 1216 2664 accedere
1231 2593 1277 2664 od
1291 2590 1441 2663 ordinem
1456 2589 1642 2662 clericatus.

973 2791 1044 2840 unx
1069 2790 1310 2840 ocrunnurrus
1333 2767 1392 2862 (b).

532 2963 670 3034 Errcras
689 2981 808 3032 eorum
823 2959 884 3054 qui
907 2959 1052 3032 villanos
1075 2957 1248 3053 quoslibet
1271 2959 1346 3030 sine
1370 2957 1510 3030 licentia
1528 2953 1744 3028 dominorum
1766 2949 1813 3024 ad
1832 2969 1888 3021 cr·

486 3085 601 3159 dinem
620 3083 809 3156 clericalem
823 3081 868 3179 (c)
886 3082 1049 3156 accedere
1069 3083 1163 3177 regia
1185 3080 1426 3155 constitutione
1443 3079 1565 3154 dicunt
1588 3099 1664 3152 ease
1685 3072 1884 3171 prohibitos,

484 3209 762 3305 interpretatione
786 3209 948 3282 benivola
972 3209 1200 3304 corrigentes,
1229 3207 1448 3281 decernimus
1482 3226 1542 3280 soe
1578 3212 1711 3276 tuntum
1742 3200 1888 3274 villanos

484 3336 636 3432 predicta
653 3333 893 3408 constitutione
916 3333 1061 3428 intelligi
1085 3335 1159 3408 iore
1178 3331 1366 3430 pmbibitos
1389 3329 1556 3419 clericati,
1571 3328 1632 3423 qui
1652 3323 1885 3423 personaliter,

484 3459 608 3534 intuitu
630 3480 774 3556 persone
799 3479 862 3532 sue
881 3458 1031 3550 scilicet,
1056 3459 1186 3532 servire
1214 3465 1387 3548 tenentur,
1410 3455 1499 3528 sicut
1521 3461 1603 3526 sunt
1625 3449 1827 3546 adscriptitii
1852 3454 1888 3520 et

484 3585 575 3659 servi
596 3585 697 3679 glebe
715 3593 750 3657 et
770 3582 968 3676 hujusmodi
991 3581 1064 3654 alii.
1087 3581 1155 3668 Qui
1182 3602 1265 3654 vero
1288 3588 1445 3676 respectu
1469 3575 1645 3652 tenimenti
1665 3575 1721 3648 vel
1742 3572 1887 3665 alicujus

484 3709 642 3785 beneficii
660 3709 789 3783 servire
807 3707 946 3798 debent,
964 3707 993 3779 si
1009 3705 1183 3780 voluerint
1200 3705 1246 3778 ad
1264 3704 1421 3778 ordinem
1438 3701 1489 3800 (d)
1509 3701 1688 3776 clericatus
1708 3695 1883 3788 accedere,

484 3835 584 3908 liceat
602 3835 653 3906 eis
672 3833 748 3906 sinc
766 3833 943 3906 uoluntate
960 3831 1063 3904 etiam
1080 3829 1311 3920 dominorum,
1329 3827 1425 3924 prins
1443 3837 1556 3900 tumen
1570 3825 1625 3898 hie
1641 3844 1711 3920 que
1729 3830 1846 3896 tenent
1864 3839 1885 3892 a

483 3959 632 4034 dominis
646 3959 719 4032 suis
736 3957 773 4030 in
792 3977 910 4030 eorum
929 3955 1090 4028 manibus
1104 3953 1297 4048 resignatis.

525 4164 568 4247 (a)
590 4159 637 4226 Iti
649 4179 766 4242 quoque
778 4164 810 4222 ln
823 4161 890 4224 cod.
906 4167 996 4234 toas,
1009 4159 1060 4220 sed
1072 4160 1103 4220 ln
1121 4174 1227 4237 gracco
1238 4155 1303 4220 alii.

527 4271 567 4348 (b)
588 4273 635 4332 Ita
646 4272 679 4330 ln
691 4269 758 4332 cod.
774 4277 851 4329 tout
872 4273 903 4329 et
915 4273 1012 4328 recte:
1027 4265 1200 4327 Gulllclmus
1212 4268 1292 4326 enlm
1305 4263 1533 4342 praedecessoris
1546 4262 1594 4326 sul
1605 4259 1724 4340 angust
1742 4258 1885 4322 constitu-

484 4382 593 4442 tionem
605 4376 743 4439 clucldat.
755 4373 845 4452 Apud
857 4374 1022 4436 carcanum
1034 4379 1134 4434 tomen
1146 4389 1207 4432 unx
1220 4373 1386 4434 boemus.

529 4487 565 4568 (c)
586 4479 850 4549 lacedaemoni
867 4479 1076 4542 ordinationem
1091 4479 1252 4544 clericatum.

528 4593 570 4671 (α)
590 4596 626 4656 1n
638 4593 703 4654 cod.
720 4599 797 4652 scas
811 4586 1007 4651 odmen.
