4372 5918
515 564 556 627 60
1046 563 1402 630 CONSTI'I'U'I'IONES

515 697 691 793 aliquibus
717 695 794 796 [qui
817 700 1048 774 contractibus
1070 711 1154 773 tunc
1177 699 1336 773 intersint
1357 706 1393 772 et
1406 717 1479 770 una
1496 697 1734 773 tantummodo
1756 721 1836 774 cum
1857 701 1925 776 be-

510 823 586 915 julo
605 844 727 896 causas
751 825 953 898 examinent
969 836 1004 899 et
1020 825 1184 900 decidant
1199 821 1268 918 (4)]
1298 821 1385 898 viris
1411 819 1568 917 providis
1591 830 1626 895 et
1653 820 1815 897 fidelibus
1838 826 1922 899 sub·

514 946 656 1034 stitutis,
676 947 763 1019 utin
780 949 864 1022 novi
884 950 976 1044 regis
991 950 1136 1024 victoria
1151 949 1287 1024 novella
1305 946 1439 1042 justitie
1453 966 1610 1042 propago
1628 959 1832 1044 consurgam
1861 952 1922 1046 qui

510 1071 614 1162 juxta
631 1080 783 1144 tenorem
801 1081 993 1147 nostrarum
1007 1073 1288 1148 constitutionum
1308 1081 1344 1144 et
1357 1072 1437 1164 jnra
1458 1080 1494 1144 et
1510 1072 1777 1147 consuetudines
1798 1095 1923 1170 appm-

511 1191 610 1268 batem
628 1217 750 1268 causas
767 1196 927 1288 audiant,
948 1197 1104 1292 [auditas
1119 1197 1338 1286 examinent]
1357 1204 1392 1268 et
1409 1217 1432 1268 a
1448 1191 1653 1292 [gratiarum
1668 1206 1704 1268 et
1720 1195 1921 1295 munemm]

512 1317 675 1392 sordibus
704 1319 931 1414 abstinentes,
963 1322 1009 1396 da
1035 1343 1123 1421 pure
1148 1319 1357 1400 conscientie
1381 1319 1514 1414 granno
1542 1320 1708 1412 gratuitus
1737 1322 1922 1396 sententias

510 1445 699 1538 proferant,
722 1465 791 1518 oon
812 1446 968 1538 venales,
987 1446 1074 1518 nibil
1094 1446 1235 1520 omnino
1251 1452 1365 1540 preter
1375 1441 1551 1516 esculema
1567 1452 1602 1516 et
1615 1443 1798 1538 poculenta
1815 1445 1921 1519 semel

510 1575 643 1640 tantum
663 1567 698 1639 in
716 1569 831 1642 causis
853 1573 931 1665 [per
948 1591 987 1643 se
1002 1571 1059 1643 vel
1076 1591 1139 1666 per
1153 1569 1275 1660 alium]
1297 1589 1319 1640 a
1336 1565 1565 1662 litigatoribus
1581 1567 1774 1662 capientes3
1792 1568 1856 1642 sed
1875 1568 1920 1642 dc

509 1689 744 1766 munificentie
760 1702 875 1766 nostre
892 1694 1003 1787 gratia
1021 1692 1199 1792 [salarium
1219 1691 1353 1766 scuria
1372 1700 1487 1764 nostra
1509 1690 1695 1786 recipient,
1715 1701 1818 1788 prout
1839 1691 1918 1764 uoi-

508 1814 635 1910 cuique
656 1815 891 1910 predictorum
920 1817 956 1888 in
975 1817 1059 1890 locis
1083 1816 1230 1912 singulis
1252 1835 1316 1911 per
1334 1823 1483 1887 nostrum
1506 1813 1746 1887 excellentiam
1769 1824 1822 1887 est
1838 1837 1919 1911 pm-

508 1937 637 2010 visum.
661 1939 850 2012 Statuimus
864 1940 968 2013 etiem
987 1937 1041 2038 ut]
1058 1941 1264 2014 tricesimam
1280 1946 1410 2035 partem
1425 1937 1628 2032 quantitatis
1644 1937 1680 2010 in
1694 1938 1858 2033 petitione
1871 1938 1918 2035 (d)

507 2059 657 2134 deducte
673 2063 728 2136 vel
751 2063 979 2137 estimationis
996 2065 1102 2160 petito
1122 2064 1171 2136 rei
1194 2063 1260 2136 sub
1284 2071 1496 2136 sacramento
1512 2061 1648 2158 [partis]
1668 2070 1704 2134 et
1720 2063 1914 2156 taxatione,

502 2184 642 2279 judices
660 2185 706 2283 (c)
723 2187 767 2260 ab
791 2197 938 2283 utraque
963 2199 1060 2286 parte
1080 2187 1287 2283 litigantium
1313 2196 1391 2282 post
1415 2184 1594 2259 definitive
1614 2187 1781 2260 senoentie
1802 2187 1917 2260 culcu-

506 2310 578 2380 lum
597 2309 654 2382 vel
677 2331 801 2384 causas
823 2313 1051 2387 transactione
1075 2313 1131 2386 vel
1155 2311 1329 2386 amicabili
1352 2309 1599 2407 compositione
1621 2309 1756 2384 decisas
1775 2333 1837 2408 pro
1857 2315 1916 2406 ju·

507 2433 672 2507 dicatnris
699 2435 826 2508 suiset
846 2422 1156 2531 subscriptionibus
1174 2445 1448 2530 consequentum
1468 2439 1519 2525 [et
1537 2434 1652 2508 statim
1672 2435 1787 2509 oblato
1803 2437 1917 2510 libello

505 2566 541 2630 et
559 2559 648 2653 parti
665 2569 821 2654 porrecto
841 2560 877 2631 in
896 2561 1045 2656 pecnnia
1066 2561 1124 2636 vel
1146 2561 1182 2632 in
1208 2561 1353 2656 pignora
1371 2555 1423 2656 (d)
1443 2579 1506 2654 pro
1522 2558 1616 2631 curia
1640 2567 1777 2648 nostra,
1796 2581 1860 2655 pro
1878 2581 1917 2633 se

506 2680 646 2753 demum
670 2681 738 2755 late
766 2681 812 2781 (a)
840 2686 1009 2760 sententia
1037 2687 1093 2760 vel
1112 2687 1338 2758 transactione
1361 2683 1480 2774 finita,
1500 2684 1722 2758 centesimam
1749 2683 1805 2781 (f)
1828 2685 1916 2758 inter

505 2805 597 2900 ipsos
624 2805 793 2900 equaliter
817 2807 1043 2883 dividendam
1067 2810 1222 2904 bajulus,
1246 2809 1358 2904 judex
1381 2819 1486 2904 atque
1508 2809 1663 2882 notarius
1679 2830 1740 2902 pro
1757 2809 1914 2905 scriptio·

503 2929 607 3001 nibus
624 2939 659 3002 et
675 2931 985 3027 subscriptionibus
999 2934 1072 3007 suis
1090 2943 1361 3029 consequentum
1382 2941 1600 3028 preterquam
1623 2931 1659 3003 in
1675 2931 1810 3005 actione
1825 2934 1914 3026 inju-

503 3050 632 3123 riarum
651 3052 687 3124 in
700 3075 771 3148 qua
798 3053 842 3128 do
857 3076 900 3129 eo
915 3065 1048 3128 mutum
1065 3057 1161 3150 quod
1179 3057 1217 3128 in
1240 3054 1417 3129 taxatione
1437 3063 1472 3127 et
1489 3053 1774 3126 condemnatione
1795 3052 1914 3126 dedn-

504 3175 605 3266 citur,
632 3176 796 3280 vicesima
824 3179 1040 3274 persolvatur
1062 3177 1148 3277 (p)].
1176 3180 1305 3253 Verum
1327 3178 1358 3250 si
1381 3176 1605 3273 possessionis
1627 3175 1663 3247 in
1685 3175 1819 3270 judicio
1841 3177 1913 3250 sola

503 3300 672 3374 restitutio
691 3302 902 3397 postuletur,
925 3311 1009 3376 tuno
1033 3303 1286 3398 sexagesimam
1302 3311 1435 3375 tantum
1458 3301 1642 3396 recipiant,
1670 3301 1841 3396 reliquum
1860 3297 1911 3395 (o)

541 3513 584 3597 (a)
605 3515 663 3594 Ap.
679 3517 802 3580 Gereoni
822 3525 850 3581 ot
861 3536 921 3580 ooo
942 3517 1140 3582 tcatcmmodo
1152 3520 1205 3601 qai
1215 3537 1279 3582 aaa
1291 3537 1356 3581 mim
1369 3515 1466 3600 bajola
1475 3533 1577 3578 musar
1589 3515 1735 3578 meamet
1745 3522 1775 3579 et
1786 3513 1909 3579 decidat.

500 3621 626 3684 Sensum
635 3640 674 3686 ex
686 3625 754 3686 cod.
771 3632 848 3686 4625
863 3627 1058 3688 restituimus.

540 3725 583 3809 (h)
603 3729 686 3792 Alias
698 3727 862 3812 injudicio,
876 3747 979 3812 graeco
991 3731 1018 3790 ir
1032 3733 1067 3812 τῇ
1085 3732 1187 3813 ἀγωγῇ.

539 3833 579 3915 (a)
606 3835 664 3914 Ap.
689 3837 812 3899 Carcanl
835 3840 1033 3901 citocotiam
1048 3837 1195 3920 judicum.
1212 3839 1380 3902 Lectionem
1395 3836 1509 3919 judices
1530 3853 1568 3898 ex
1585 3851 1689 3916 gracco
1703 3841 1734 3896 et
1752 3851 1791 3898 ex
1810 3834 1911 3898 codice

500 3949 579 4002 4625
593 3947 811 4020 praeponimus.

545 4045 589 4128 (d)
612 4049 694 4110 Alias
706 4057 806 4112 tamen
816 4049 998 4133 pipnorrbm.

540 4152 580 4233 (a)
604 4155 662 4232 Ap.
678 4155 801 4218 cmcanl
815 4154 876 4220 lite.
892 4159 969 4219 Luto
982 4173 1054 4220 uero
1067 4157 1149 4237 quod
1161 4160 1194 4220 lu
1206 4157 1272 4220 cod.
1286 4165 1364 4219 4624
1377 4155 1656 4236 sunanegam
1669 4151 1911 4234 praecedentibus

499 4260 714 4321 accommodat.
1697 4275 1699 4280 ·

538 4362 588 4445 (J)
605 4366 654 4426 Sic
666 4368 697 4426 in
711 4367 875 4448 plerisque,
889 4371 943 4431 sed
955 4371 1035 4450 apud
1048 4371 1203 4434 Afflictum
1216 4377 1246 4433 et
1259 4370 1439 4432 6226146662
1453 4367 1636 4431 tricesimam

538 4469 581 4553 (p)
603 4473 684 4534 llaec
696 4489 715 4534 a
728 4475 826 4536 verbis
839 4482 868 4536 et
880 4477 980 4536 statim
994 4480 1115 4538 omniuo
1130 4477 1238 4540 desunt
1249 4479 1283 4538 in
1295 4477 1364 4538 cod.
1378 4484 1456 4538 4525
1470 4481 1501 4536 ct
1513 4477 1545 4536 ln
1559 4491 1674 4554 graeco.

539 4575 581 4658 (lt)
603 4581 647 4640 lta
670 4595 707 4640 ex
730 4597 836 4662 graeco
856 4579 888 4642 ob
907 4581 1060 4658 ἐπίλοιπονς
1077 4601 1126 4663 ap.
1142 4585 1264 4648 Garmai
1277 4580 1419 4666 reliquom
1431 4579 1637 4666 [tricataoeml
1651 4585 1752 4644 nosue
1764 4580 1909 4642 66654662

496 4687 594 4746 miuus
608 4693 694 4748 recta.
