4308 5910
769 577 898 640 about
922 573 1110 640 SICILIAE.
1605 575 1646 638 99

235 720 401 818 predictis
416 741 463 792 ex
480 717 628 815 presenti
642 716 799 810 iussione
813 725 928 789 nostre
948 737 1018 788 nou
1038 714 1237 805 declaratis,
1258 713 1293 784 iu
1308 711 1453 803 jndIciis
1468 722 1529 785 aut
1545 723 1644 786 extre

232 846 365 938 judicia
381 842 452 918 tide
474 843 510 914 iu
529 851 702 938 posterum
721 838 942 917 assumenda.

242 1169 349 1226 »bonis
369 1167 489 1244 predicte
513 1165 676 1224 declararem
700 1172 728 1221 et
750 1178 921 1236 renovarem;
934 1171 965 1222 ut
984 1165 1106 1240 apposito
1127 1165 1155 1221 in
1174 1164 1354 1222 declaratione
1374 1164 1461 1238 ipsius
1479 1165 1649 1223 instrumenti

241 1289 255 1318 s
270 1266 376 1324 nomine
395 1264 565 1340 imperatorie
577 1262 742 1322 celsitudinis
760 1264 899 1338 majestate
911 1263 1065 1338 regnantis,
1080 1265 1169 1338 ipsum
1187 1263 1393 1322 incrementum
1414 1261 1497 1320 robur
1519 1270 1548 1322 et
1569 1262 1650 1322 Iidem

241 1385 255 1418 ι
273 1369 434 1436 assumeret,
447 1363 521 1420 omni
534 1363 569 1420 de
582 1377 615 1420 eo
626 1361 655 1420 iu
668 1367 806 1436 posternam
820 1362 847 1418 iu
855 1361 964 1436 judiciis
976 1360 1020 1420 veI
1034 1367 1108 1420 extre
1118 1361 1219 1435 judicia
1230 1361 1364 1420 dubietate
1376 1359 1492 1420 sublata.
1502 1361 1585 1436 Cujus
1599 1377 1649 1436 ego

242 1483 255 1514 e
270 1478 363 1536 preces
378 1462 523 1520 admittens
535 1459 741 1518 instrumentum
758 1461 864 1536 ipsum,
883 1461 943 1518 siue
964 1462 1071 1520 nomine
1084 1467 1112 1516 et
1123 1466 1243 1533 ternpore
1256 1459 1368 1534 predicti
1380 1459 1467 1519 bostis
1477 1468 1507 1518 et
1519 1460 1651 1520 invasoris

243 1583 256 1610 0
273 1562 362 1634 regui,
374 1560 505 1636 appositis
516 1559 544 1616 iu
555 1557 735 1618 declaratione
748 1559 833 1633 ipsius
848 1557 918 1616 Ieiici
936 1560 1043 1617 nomine
1054 1557 1201 1634 supradicti
1212 1557 1311 1616 domiui
1331 1559 1415 1615 nostri
1434 1565 1461 1616 et
1477 1559 1536 1617 aliie
1550 1559 1650 1618 solem-

245 1680 256 1708 »
272 1659 400 1716 nitatibus
411 1657 482 1716 sicut
492 1656 617 1732 superine
630 1655 789 1725 continetur,
804 1653 936 1714 declarari
950 1663 979 1714 et
998 1656 1133 1714 renovari.
1146 1655 1205 1726 Qoe
1217 1656 1307 1713 omnia
1319 1671 1369 1730 ege
1382 1657 1517 1715 biabbeus
1528 1657 1652 1734 pubium

245 1777 257 1807 r
274 1757 376 1816 Salerni
388 1755 518 1828 0000200,
533 1754 579 1829 quui
590 1753 718 1830 predictis
729 1759 837 1828 rogatus
851 1753 967 1826 intertui,
982 1756 1009 1812 in
1023 1755 1156 1830 publicam
1167 1753 1329 1828 scripturam
1342 1755 1431 1826 redegi
1453 1762 1482 1812 et
1503 1757 1578 1828 siguo
1590 1772 1651 1816 rueo

246 1875 259 1906 b
274 1855 383 1912 munivi.
400 1855 510 1912 »Luem
525 1854 612 1927 cipri
624 1851 696 1926 (Arc.
712 1854 758 1920 09,
774 1863 806 1909 n⁰
816 1855 869 1909 299
879 1859 908 1909 00
919 1859 950 1908 n⁰
962 1855 1024 1923 909,
1037 1859 1066 1909 et
1080 1853 1142 1909 Arc.
1158 1854 1202 1924 87,
1216 1861 1249 1908 n⁰
1261 1853 1316 1926 90.)

278 1953 317 2009 IIx
335 1951 386 2010 alio
408 1951 530 2026 ejusdem
546 1949 609 2008 unni
621 1966 627 2004 z
640 1969 653 2003 r
668 1949 738 2008 Ante
752 1965 795 2006 me
815 1951 914 2008 Lucam
932 1949 1050 2022 judicem
1067 1957 1096 2006 et
1114 1955 1197 2008 testes
1215 1949 1249 2007 ad
1267 1949 1320 2008 boc
1334 1950 1484 2024 specialiter
1494 1959 1653 2010 convocatos

247 2054 345 2110 »000ὶο
363 2055 395 2110 9.
409 2049 525 2110 Iacobus
541 2051 669 2110 &vensis
690 2051 839 2110 mouucbus
860 2057 888 2108 et
904 2051 978 2126 prior
992 2050 1083 2108 Sancti
1097 2049 1208 2108 Idattbie
1222 2049 1257 2108 de
1273 2051 1406 2108 Tusciano
1419 2057 1447 2108 et
1459 2053 1574 2110 ostendit
1586 2053 1652 2109 mibi

247 2173 261 2204 s
278 2152 571 2208 uuuminstrumcutum
578 2150 768 2224 quod,cmutir
776 2150 887 2207 morino
895 2156 921 2206 ot
929 2156 1046 2225 tompore
1056 2150 1141 2208 boetia
1149 2155 1176 2208 et
1184 2151 1320 2208 imurort'r
1329 2152 1481 2222 reprcunt
1489 2149 1651 2208 conuocatis

248 2270 260 2300 n
278 2248 351 2320 talis,
365 2255 418 2306 etc.
434 2250 503 2306 Cum
517 2253 606 2306 autem
621 2248 710 2322 ipsum
731 2249 935 2306 instrumentum
954 2254 1091 2306 ostensum
1110 2254 1137 2306 et
1157 2247 1256 2306 tectum
1271 2247 1337 2320 Iuit,
1352 2248 1410 2324 ipse
1422 2249 1494 2324 prior
1506 2265 1550 2306 me
1561 2251 1651 2324 respui-

248 2369 262 2398 »
276 2346 333 2404 sicit
346 2353 374 2404 et
386 2347 548 2421 deprecatus
559 2352 600 2404 est
614 2346 701 2420 quod,
715 2345 779 2420 quia
792 2345 820 2402 iu
834 2345 894 2421 ipso
907 2347 1082 2403 instrumento
1095 2346 1282 2404 continebatur
1298 2361 1396 2405 nomen
1410 2353 1438 2404 et
1450 2353 1556 2424 tempus
1568 2349 1654 2406 bostis

249 2445 421 2518 »supradicti
434 2443 534 2504 domini
558 2443 641 2500 nosci
661 2442 789 2500 Friderici
811 2443 975 2502 sereniseImi
998 2444 1165 2518 imperatoris
1183 2451 1212 2502 et
1230 2445 1361 2502 invasoris
1380 2445 1454 2518 regni
1472 2447 1547 2518 ejus,
1565 2448 1654 2520 ipsum

250 2563 263 2594 »
280 2545 484 2601 iustrumentum
496 2542 644 2600 secundum
656 2541 770 2600 sormam
789 2541 933 2616 imperieIIs
944 2544 1140 2602 constitutionis
1151 2543 1256 2603 noviter
1266 2544 1339 2602 edite
1352 2550 1379 2600 et
1392 2543 1478 2603 uuus
1491 2546 1657 2620 pmmngate

251 2662 263 2692 ι
279 2641 467 2698 declarandum
481 2645 509 2697 et
521 2638 704 2698 renovandum
716 2639 900 2711 admitterem,
914 2658 928 2693 r
941 2647 1006 2708 etc,
1018 2645 1051 2696 ut
1063 2657 1157 2714 supro.
1174 2640 1245 2714 (Arc.
1259 2642 1303 2712 09,
1319 2649 1350 2696 0ο
1360 2640 1435 2714 292.)

283 2738 322 2794 Ex
333 2738 386 2797 alio
401 2739 523 2812 ejusdem
541 2737 620 2808 anni,
635 2752 729 2796 meuse
745 2737 868 2812 augusti:
880 2738 974 2796 «inte
988 2753 1032 2796 me
1044 2738 1180 2796 IIatbeum
1188 2739 1307 2812 judicem
1320 2740 1394 2796 uenit
1405 2739 1566 2798 Romoaidus
1576 2741 1658 2814 Judex

252 2859 265 2888 ι
279 2839 324 2911 qtri
337 2837 436 2896 dicitur
446 2837 556 2895 Guarna
569 2843 597 2894 et
610 2837 727 2896 ostendit
735 2837 869 2910 quoddam
881 2839 1087 2894 instrumentum
1099 2837 1186 2912 quod,
1197 2841 1307 2896 remotis
1314 2855 1367 2914 por
1378 2855 1420 2896 mc
1431 2841 1539 2896 nomine
1550 2847 1578 2898 et
1592 2846 1659 2898 000-

252 2956 265 2990 »
278 2951 341 3011 porc
355 2935 443 2996 bostis
455 2935 562 2994 domiui
579 2937 668 2993 noeti
679 2938 854 3010 supereturit
867 2942 894 2994 ct
906 2938 1041 2994 irtuosorir
1052 2937 1133 3009 repsi
1145 2934 1278 3010 ejsudem,
1294 2937 1382 2996 tubter
1392 2938 1561 3006 continebat,
1576 2957 1590 2992 s
1605 2944 1658 2996 etc.

252 3033 321 3106 (Arc.
338 3036 382 3104 92,
397 3039 430 3090 n·
441 3032 496 3106 90.)

285 3131 323 3187 iix
332 3129 385 3188 ulio
397 3129 519 3204 ejusdem
533 3130 595 3187 anni
608 3147 615 3185 :
629 3129 719 3187 «Ante
731 3145 775 3187 me
787 3129 946 3187 Landmium
957 3130 1100 3204 judicem»
1110 3137 1143 3189 00
1154 3147 1239 3206 cupre
1252 3134 1283 3188 io
1293 3133 1394 3206 primo.
1408 3134 1479 3205 [Arc.
1492 3137 1536 3203 99,
1547 3135 1659 3208 00299).

285 3227 324 3284 Ex
337 3228 390 3286 aiio
401 3228 521 3302 ejusdem
534 3228 613 3298 anuI,
627 3233 658 3284 00
670 3228 699 3284 in
709 3228 888 3302 praecedeuti.
905 3228 977 3302 (Arc.
994 3231 1038 3298 92,
1047 3239 1080 3284 n⁰
1091 3229 1147 3301 99.)

285 3325 324 3384 lix
337 3325 391 3384 alio
404 3327 525 3400 ejusdem
540 3327 617 3396 unuI,
633 3331 664 3382 00
674 3327 702 3384 in
714 3326 946 3400 praecedentibus.
961 3325 1032 3398 (Arc.
1047 3329 1091 3397 00,
1105 3335 1137 3382 0ο
1151 3327 1224 3401 990.)

286 3425 315 3480 In
338 3423 447 3482 archivo
467 3425 622 3483 monasterii
641 3423 850 3498 IIoutierrginis
861 3423 940 3498 (000.
953 3425 1055 3496 XLIX,
1068 3425 1105 3480 ni·
1117 3425 1152 3482 27
1164 3431 1191 3481 et
1202 3425 1248 3496 29)
1263 3430 1354 3482 extem
1366 3441 1473 3500 quoquc
1486 3427 1539 3486 duo
1556 3429 1663 3486 iustru-

253 3529 356 3594 menta,
370 3539 464 3582 meuse
484 3523 590 3597 augrrsti
604 3523 893 3594 succinctorium,
907 3524 1016 3582 redacta
1033 3525 1067 3582 de
1089 3523 1217 3582 mundato
1236 3524 1366 3583 lobannis
1375 3526 1473 3600 Iudicis
1492 3527 1619 3587 desertae
1634 3533 1664 3586 et

255 3621 346 3693 Laud,
359 3621 481 3679 eamdem
494 3621 551 3680 iere
561 3621 702 3680 formulam
713 3621 888 3697 exprimentia
897 3665 906 3692 ‚
916 3642 930 3677 e
942 3639 991 3698 per
1003 3637 1141 3682 sacrarum
1157 3622 1377 3682 constitutionum
1392 3623 1492 3682 domini
1509 3627 1591 3684 nostri
1610 3627 1663 3684 im·

258 3737 269 3770 ι
284 3717 415 3792 perator-'s
427 3715 543 3776 edictum
550 3760 655 3790 .....
669 3717 775 3778 subluto
786 3721 894 3776 nominc
908 3727 934 3778 et
944 3727 1060 3796 umpors
1074 3722 1211 3777 invasoris
1220 3721 1308 3794 reperi.
1321 3741 1335 3774 s
1349 3721 1457 3796 Legitur
1464 3721 1580 3798 denique
1591 3725 1663 3800 apud

256 3815 374 3874 9000000
391 3816 478 3888 (Stor.
491 3819 544 3874 cic.
563 3833 577 3874 e
595 3816 678 3892 potii.
696 3816 738 3874 dei
755 3833 847 3890 repro,
868 3823 889 3874 0.
903 3817 942 3891 II,
959 3837 987 3894 p.
1004 3820 1064 3890 209)
1086 3819 1135 3878 aba
1157 3819 1317 3878 venditionis
1337 3820 1447 3892 charta,
1461 3823 1480 3880 'I
1488 3823 1558 3896 junii
1577 3825 1663 3898 0200,

256 3915 354 3973 dccciii
370 3917 506 3986 coniecta,
520 3917 597 3991 cujus
608 3917 643 3974 ad
655 3917 756 3974 calcem
771 3936 779 3974 ε
794 3938 808 3970 r
821 3918 889 3988 Quia
910 3919 990 3992 igitur
1005 3919 1093 3977 edicto
1106 3919 1251 3994 imperialis
1262 3918 1386 3978 culminis
1399 3936 1447 3994 per
1460 3936 1543 3980 novas
1556 3924 1664 3982 consti-

259 4033 272 4064 u
285 4015 401 4074 tationes
411 4017 530 4074 manauit
542 4021 573 4074 00
585 4017 761 4074 instrumenta
772 4022 892 4091 tempore
903 4017 1022 4076 bostium
1035 4025 1064 4078 et
1074 4019 1226 4078 invasorum
1243 4017 1317 4091 regui
1330 4017 1449 4076 coniectu
1464 4035 1514 4094 per
1530 4021 1664 4094 pubiicum

258 4133 271 4160 ι
285 4112 444 4188 scripturam
458 4113 510 4172 sub
520 4129 569 4172 suo
580 4113 650 4172 felici
666 4115 775 4172 nomiae
786 4113 903 4172 debearu
915 4116 1050 4188 ionorarI,
1066 4116 1127 4175 ideo
1139 4116 1353 4190 suprascriptum
1363 4117 1585 4188 instrumentum,
1600 4126 1664 4184 etc..

259 4229 272 4261 ι
286 4225 339 4268 nou
352 4211 379 4268 iu
393 4211 481 4288 aliqua
491 4217 567 4286 parte
577 4213 619 4270 sui
632 4211 771 4302 vitiatum,
783 4216 882 4270 emotis
896 4220 1012 4290 tempore
1025 4221 1053 4272 et
1063 4216 1172 4272 nomine
1184 4217 1336 4286 iocorum,
1349 4231 1399 4290 per
1411 4231 1519 4274 manum
1531 4217 1665 4292 publicam

260 4327 273 4361 ι
287 4307 399 4368 fideliter
410 4309 568 4384 rescriptum
580 4317 623 4386 ost
634 4317 663 4368 et
675 4315 849 4383 renovatum,
862 4329 932 4370 auno
944 4313 1076 4371 dominice
1088 4313 1277 4373 incarnationis
1288 4315 1470 4388 IIOEXXXIL
1482 4331 1575 4375 meuse
1584 4317 1665 4386 maio,

262 4427 273 4456 0
289 4406 429 4466 indIctioue
441 4408 549 4482 quinta,
563 4410 668 4484 imperii
679 4427 745 4470 vero
758 4411 858 4470 domini
871 4412 953 4469 nostri
967 4411 1108 4484 Friderici,
1121 4418 1173 4470 etc.
1189 4433 1202 4464 e
