4298 5906
1043 581 1398 647 constitutiones

942 885 1145 960 urruuus
1169 887 1302 960 xcrn.
1325 889 1389 962 so
1411 853 1500 984 (io).

926 1061 973 1134 De
994 1062 1221 1156 spoliatoribus
1243 1076 1275 1138 et
1293 1065 1538 1140 monton,

1057 1265 1150 1314 iDEH
1182 1265 1379 1316 AUGUSTUS.

568 1419 603 1493 Si
632 1420 711 1515 quis
735 1419 886 1515 aliquem
915 1420 1081 1510 [occisum
1107 1423 1178 1512 vel]
1205 1421 1339 1496 obitum
1362 1422 1448 1496 torte
1469 1422 1648 1520 repererit,
1673 1424 1730 1496 vel
1753 1421 1800 1498 ad
1821 1445 1926 1518 quem

518 1544 709 1640 specialiter
738 1566 776 1618 se
803 1546 888 1618 torte
911 1546 1112 1638 contulerit,
1136 1547 1284 1642 spoliare
1306 1547 1488 1620 tentaverit
1512 1551 1589 1637 [aut
1609 1546 1745 1622 nudum
1773 1557 1834 1620 aut
1856 1547 1927 1620 tere

515 1670 647 1744 nudum
668 1670 872 1765 reliquaritl,
889 1669 1104 1744 mutilatione
1126 1691 1250 1744 manus
1272 1671 1386 1766 ipsum
1407 1671 1570 1744 volumus
1585 1693 1661 1746 esse
1684 1671 1923 1767 plectendum

516 1816 605 1892 pena
623 1816 694 1890 que
718 1794 755 1866 in
772 1795 955 1868 violatores
978 1795 1213 1890 sepulcrorum
1231 1803 1276 1868 'st
1300 1794 1351 1868 eis
1368 1794 1505 1868 violatis
1523 1793 1696 1868 cadavera
1719 1794 1922 1892 spoliantes,

515 1919 692 1992 veteribus
703 1919 839 2014 legibus
854 1927 907 1992 est
923 1927 1067 2007 statuta,
1083 1919 1120 1991 in
1134 1939 1198 1992 suo
1214 1918 1338 1993 robore
1355 1927 1588 2014 permanente.

953 2256 1155 2330 TITULUS
1184 2257 1312 2332 XCIV.
1340 2263 1370 2330 Ο
1395 2254 1432 2352 (7
1458 2257 1484 2354 ).

979 2433 1026 2504 Dc
1044 2433 1202 2505 vitatione
1215 2433 1409 2530 jactantie(
1430 2435 1456 2530 ).

1041 2612 1153 2699 [runs
1180 2615 1395 2701 iocosius]

558 2787 613 2862 Ad
630 2785 770 2861 laudem
788 2801 823 2860 et
836 2787 979 2882 gloriam
994 2787 1057 2860 Dei
1074 2789 1181 2862 nostri
1200 2789 1267 2861 sub
1284 2809 1347 2884 spe
1364 2787 1475 2862 divini
1494 2787 1621 2862 favoris
1642 2809 1732 2884 opus
1748 2789 1925 2884 inceptum

511 2921 545 2985 et
559 2911 714 3004 ejusdem
733 2911 841 3006 gratia
865 2921 1095 3006 prosequente
1112 2913 1319 3008 completum
1338 2911 1545 2984 universitas
1565 2923 1680 2986 nostra
1699 2909 1747 3010 (b)
1763 2913 1920 3008 recipiat,

510 3057 579 3131 que
597 3036 788 3127 augustalis
805 3035 953 3110 nominis
969 3036 1067 3108 tituto
1088 3037 1318 3132 presignetur.
1339 3037 1378 3108 ln
1399 3037 1624 3110 reverentiam
1645 3037 1839 3110 serenitatis
1859 3059 1925 3108 au-

510 3171 611 3250 guste
630 3171 666 3234 et
683 3161 845 3234 honorem
867 3161 960 3255 regie
977 3158 1172 3253 dignitatis,
1191 3162 1335 3258 accipite
1351 3171 1537 3258 gratanter,
1558 3162 1734 3257 opoputi,
1754 3163 1924 3236 coustitu-

510 3283 620 3358 tiones
642 3284 738 3375 istas,
760 3293 830 3358 mm
848 3284 884 3356 in
897 3285 1040 3378 judiciis
1064 3308 1170 3380 quam
1192 3297 1291 3360 extra
1305 3285 1438 3380 judicia
1459 3287 1613 3383 potituri.
1635 3287 1744 3378 [Quas
1767 3309 1828 3384 per
1847 3310 1924 3362 ma·

508 3410 652 3502 gistrum
674 3409 810 3482 Petrum
834 3408 879 3482 de
906 3410 1023 3483 Vincis
1049 3397 1272 3506 Capuanum,
1301 3433 1425 3507 magne
1451 3413 1547 3484 curie
1566 3422 1682 3485 nostre
1707 3410 1862 3504 judicem
1887 3422 1925 3484 et

508 3533 646 3609 fidelem
675 3545 850 3624 nostrum,
873 3533 1117 3609 mandavimus
1139 3536 1314 3631 compilari
1332 3535 1418 3633 (Ι)].
1444 3537 1515 3608 Neo
1541 3535 1785 3632 subsequentis
1812 3537 1924 3609 monti

508 3659 688 3754 posteritas
706 3658 915 3754 presentium
936 3660 1217 3732 constitutionum
1242 3661 1368 3732 librum
1388 3660 1591 3756 compilasse
1608 3682 1673 3734 uos
1689 3661 1864 3734 existimet
1882 3671 1923 3732 ot

549 3835 591 3916 (a)
610 3837 722 3912 inepte.
733 3819 842 3914 Aptius
854 3843 955 3900 tamen
968 3839 999 3898 tn
1016 3853 1120 3916 graeco
1135 3854 1144 3897 a
1163 3838 1200 3900 Ut
1208 3833 1312 3918 popuii
1324 3843 1449 3899 utuntur
1460 3837 1708 3901 natitantem
1720 3835 1879 3920 tojam
1892 3844 1923 3901 et

506 3941 723 4026 conjectata.

549 4047 588 4127 (b)
607 4050 655 4112 Sic
667 4053 699 4112 tn
713 4049 860 4114 omnibns.
876 4051 987 4112 Forsan
999 4056 1100 4112 teman
1119 4051 1223 4112 metius
1235 4057 1340 4114 vorm.

543 4345 580 4418 (Ι)
599 4345 698 4404 Locum
719 4343 799 4402 istum
819 4346 865 4420 qui
885 4345 913 4402 in
931 4345 1023 4404 codice
1037 4347 1106 4403 4625
1126 4351 1154 4402 et
1173 4346 1200 4402 in
1219 4361 1316 4420 graeco
1335 4345 1425 4416 deest,
1439 4345 1627 4419 interpolatum
1645 4359 1797 4404 censemus.
1809 4343 1919 4402 Minime

507 4443 607 4501 etenim
620 4443 765 4502 verisimile
779 4449 822 4502 est
841 4443 1030 4517 imperatorem
1044 4461 1142 4502 nomen
1157 4444 1226 4501 Petri
1246 4443 1281 4501 de
1299 4443 1382 4500 Vinea
1396 4449 1460 4500 tuno
1474 4444 1603 4516 temporis
1622 4443 1678 4502 tere
1698 4442 1822 4516 incogniti
1842 4449 1918 4499 tanta

505 4557 605 4616 pompe
618 4541 866 4613 constitutionibus,
881 4557 976 4616 quasa
993 4557 1024 4598 sc
1037 4542 1096 4616 ipso
1109 4541 1265 4615 compilatas
1284 4541 1357 4612 dicit,
1370 4541 1525 4599 insenuisse.
1535 4539 1650 4599 lacobus
1669 4547 1757 4598 autem
1775 4541 1918 4614 capuanus

504 4639 721 4714 archiepiscopus
740 4641 901 4715 praecipuus
920 4641 1016 4698 harum
1038 4639 1258 4698 constitutionum
1274 4639 1387 4697 dictator
1408 4637 1493 4697 inisse
1514 4639 1621 4698 videtur
1641 4637 1692 4711 (ci.
1709 4637 1826 4714 Epistol.
1850 4639 1914 4695 Gre-

504 4754 563 4811 por.
578 4737 633 4807 IX,
650 4745 671 4794 t.
684 4739 735 4810 ΙΙΙ,
747 4755 774 4810 p.
790 4735 863 4810 29⁰),
878 4753 928 4796 nec
941 4738 998 4812 ipse
1016 4737 1070 4794 utto
1083 4738 1201 4796 modain
1215 4737 1317 4795 eisdem
1333 4743 1506 4797 memoratur.
