4320 5918
518 554 581 618 tet
1019 557 1230 622 tutotuml
1255 557 1430 622 sucuuut
1744 565 1823 644 [Am.
1841 568 1925 634 llas

519 692 621 765 nobis
633 693 784 768 Ecclesia
801 691 927 768 viderit
944 715 1021 770 esse
1041 694 1210 772 efficaces.
1235 692 1293 772 tu
1308 695 1409 788 cnjm
1432 695 1481 769 rei
1504 698 1702 772 memoriam
1718 709 1754 774 et
1769 703 1927 796 stabilem

517 814 724 908 firmitatem,
739 839 879 914 presens
895 821 1060 918 scriptum
1077 820 1150 897 deri
1167 829 1203 896 et
1218 819 1409 916 sigillorum
1422 831 1617 896 nostorum
1634 824 1779 900 iacimus
1794 851 1928 927 appen-

520 961 617 1016 sione
635 965 776 1018 muniri.

737 1249 1716 1264 ...n—mmmm

370 1521 447 1620 ὥς
467 1607 473 1621 ,
573 1517 757 1604 Heuricus
775 1517 823 1602 de
840 1517 981 1626 Merra,
1001 1542 1164 1630 magnae
1181 1513 1389 1628 imperialis
1407 1518 1534 1602 curiae
1552 1518 1734 1630 magister
1748 1518 1929 1631 justicia-

521 1655 621 1759 rius,
641 1653 772 1766 vigore
792 1653 964 1736 mandati
981 1651 1189 1764 imperialis
1220 1651 1331 1764 cujus
1361 1662 1470 1738 tenor
1500 1655 1696 1762 inseritur,
1712 1654 1930 1764 justiciariis

519 1789 679 1873 mandat
704 1798 748 1872 ut
774 1787 1038 1898 inquisitiones
1066 1813 1136 1898 per
1161 1787 1329 1872 diversas
1346 1787 1455 1899 regni
1473 1789 1648 1900 regiones
1666 1788 1748 1872 fieri
1766 1789 1927 1896 faciant,

520 1935 557 2007 et
591 1947 689 2034 quos
724 1921 858 2006 noxios
893 1921 1105 2005 invenerint
1131 1947 1155 2004 a
1185 1919 1279 2005 locis
1310 1921 1473 2032 propriis
1499 1947 1589 2006 oum
1616 1921 1772 2005 familiis
1799 1949 1929 2006 eorum

520 2054 744 2164 transferre,
762 2055 929 2140 diuidere
946 2064 984 2140 et
1000 2063 1150 2140 mutare
1167 2065 1385 2166 procurent.

598 2271 722 2345 (incdit.
736 2287 775 2332 ax
792 2269 891 2332 codice
911 2267 1134 2345 Panormltnno‚
1157 2273 1190 2332 ln
1203 2267 1340 2334 biblloth.
1355 2269 1464 2351 egregit
1476 2271 1534 2332 rtrl
1551 2269 1632 2334 Petri
1644 2269 1778 2344 Settiml,
1794 2271 1929 2349 principis

640 2377 777 2452 Fltaltam
788 2377 841 2440 iol.
859 2387 915 2441 1³2
929 2395 1027 2458 verso,
1043 2377 1219 2457 taurento.)

569 2565 750 2640 Nobilibus
766 2564 850 2638 viris
861 2563 1074 2658 justiciariis,
1094 2573 1179 2656 eto,
1189 2563 1357 2639 Henneus
1373 2561 1421 2638 de
1437 2563 1563 2655 llorra,
1578 2572 1645 2636 etc.
1664 2561 1783 2658 Nuper
1799 2561 1845 2636 eh
1862 2562 1926 2634 im-

521 2690 640 2788 periali
663 2689 866 2764 excellentia
894 2689 1024 2762 literas
1048 2687 1242 2783 recepimus
1270 2687 1338 2762 sub
1358 2687 1424 2760 hac
1448 2687 1583 2762 torma:

569 2811 845 2902 Friderieus,ltei
855 2815 966 2912 gatia
975 2815 1207 2888 Romanorum
1219 2813 1404 2908 imperator
1412 2831 1547 2908 semper
1553 2812 1927 2907 augustus,lernsalem

522 2952 557 3014 et
570 2939 684 3014 Sicilie
699 2961 778 3028 rex,
794 2938 940 3013 ilenrico
959 2937 1005 3014 de
1018 2939 1143 3030 ucria,
1157 2947 1225 3011 etc.
1246 2938 1378 3010 Statum
1394 2936 1492 3033 regni
1507 2935 1615 3012 nostri
1632 2933 1814 3031 pacificum
1832 2934 1928 3030 vigili

522 3085 657 3160 semper
678 3063 865 3138 intentione
886 3065 1051 3156 zelantes,
1074 3085 1135 3160 per
1158 3083 1263 3159 quem
1280 3061 1470 3136 honoribus
1487 3061 1613 3134 ansuis
1634 3081 1677 3134 ao
1690 3059 1880 3136 commodis
1893 3057 1931 3131 dt

522 3210 591 3261 noe
607 3188 722 3262 minus
735 3187 869 3262 additio
880 3209 985 3284 quam
1000 3188 1117 3262 minus
1132 3197 1356 3282 augmentum
1374 3187 1495 3265 salutis
1511 3185 1683 3270 fidelium,
1692 3195 1930 3282 prosperantes

521 3313 556 3385 in
571 3312 829 3410 praevidemus
843 3312 1067 3409 adhucquod
1081 3311 1256 3389 laborista
1272 3312 1554 3408 uobispernsum
1567 3318 1668 3386 vetus
1682 3319 1781 3384 estet
1792 3319 1930 3407 propter

520 3439 667 3535 populos
679 3459 891 3532 novus‚cnm
901 3438 1145 3514 letavirlutum
1156 3437 1314 3532 germina
1325 3438 1491 3510 vitiorum
1506 3457 1576 3510 non
1590 3445 1728 3510 careant
1741 3435 1930 3508 inclusione

521 3562 691 3656 mordaci,
713 3583 783 3659 que
797 3571 928 3658 quanto
947 3563 1125 3638 remissius
1144 3583 1191 3636 ex
1208 3563 1346 3636 raritate
1361 3561 1527 3658 perlonga
1546 3560 1731 3656 negligitur
1748 3561 1929 3654 neglecta-

522 3709 591 3784 que
604 3688 762 3785 pullulat‚
781 3697 913 3784 quanto
930 3687 1094 3762 libentius
1108 3689 1247 3764 aculeos
1264 3687 1469 3783 improvisos
1488 3683 1600 3760 tendit
1616 3693 1656 3758 nt
1669 3683 1774 3760 ledat.
1793 3683 1850 3760 Ad
1864 3683 1928 3758 hoc

522 3813 626 3908 igitur
640 3812 872 3910 perspieacius
890 3811 939 3910 (a)
963 3811 1169 3888 intuendum
1191 3821 1307 3888 nostre
1322 3811 1447 3886 mentis
1460 3810 1572 3884 aciem
1593 3809 1693 3884 docte
1714 3828 1809 3882 more
1830 3829 1928 3904 sega·

456 3993 457 3996 t
521 3938 632 4010 mistis
648 3935 696 4012 ad
713 3937 851 4040 signnm
866 3936 1037 4030 acuimus,
1055 3945 1091 4010 et
1105 3946 1144 4010 ut
1160 3945 1231 4011 tam
1244 3935 1372 4014 avidus
1384 3945 1419 4010 et
1434 3933 1585 4010 salubris
1597 3935 1645 4030 (t)
1661 3941 1777 4008 nosue
1793 3931 1930 4006 sereni-

522 4063 600 4136 tatis
615 4064 709 4138 uelus
727 4083 790 4159 per
809 4070 1013 4138 executores
1028 4061 1192 4136 sollicitos
1207 4061 1383 4158 proprium
1398 4069 1629 4155 consequatur
1642 4057 1816 4149 edentum,
1838 4067 1872 4130 ts
1884 4055 1929 4130 ad

521 4186 587 4262 hoo
616 4187 840 4284 providemus
864 4185 1082 4282 eligendum
1107 4184 1263 4262 fidelitati
1289 4197 1349 4262 tue
1373 4185 1577 4260 mandantes
1600 4192 1772 4278 maenus
1797 4182 1835 4254 in
1860 4182 1930 4254 sin·

522 4311 612 4406 gulis
626 4311 910 4405 justiciarietibus
930 4310 1028 4406 regni
1055 4312 1162 4387 nostri
1184 4311 1416 4408 persingulas
1438 4309 1596 4384 civitates
1617 4316 1654 4382 et
1675 4307 1753 4382 loca
1778 4305 1929 4402 quelibet

523 4435 778 4531 inquisitionem
799 4433 874 4509 deri
892 4436 997 4512 iacias
1020 4434 1241 4530 diligentem,
1266 4447 1302 4514 et
1323 4445 1393 4512 tam
1418 4437 1494 4512 illos
1517 4433 1579 4531 qui
1598 4431 1731 4508 inventi
1753 4442 1836 4508 sunt
1855 4447 1929 4506 esse

563 4607 608 4694 (a)
628 4611 664 4674 n
678 4609 986 4692 detemptores.

563 4717 607 4801 (a)
625 4720 660 4783 n
674 4719 774 4782 nuos
788 4725 848 4782 as
860 4715 943 4781 acta
955 4714 1147 4782 Mearm.
