4298 5906
766 560 896 623 altem
921 558 1112 623 SICILIAE.

630 801 773 878 LlBIili
801 803 856 894 11,
886 801 1087 878 TITULUS
1114 803 1159 876 Ll
1183 799 1197 898 (
1221 801 1249 900 ).

457 958 505 1030 ne
521 979 611 1052 pana
633 955 768 1030 illamam
787 957 851 1052 qai
872 966 1084 1050 cmmpont
1102 965 1133 1029 et
1151 963 1420 1050 corrumpantur.

281 1107 446 1204 Litigator
459 1117 577 1182 autem
595 1107 655 1202 qni
672 1106 827 1200 judicem
845 1107 997 1202 aliquem
1014 1105 1131 1179 dando
1147 1105 1337 1200 corruperit
1352 1104 1410 1177 vel
1427 1125 1645 1198 corrumpere

230 1231 463 1327 pmmittendo
477 1231 637 1322 voluerit,
657 1231 761 1304 etiam
779 1231 810 1304 si
826 1231 954 1305 bonurn
969 1250 1109 1304 causam
1123 1229 1261 1320 babeat,
1278 1229 1314 1302 in
1331 1229 1407 1324 ipsa
1422 1229 1634 1302 succumbat.

234 1357 308 1428 lloc
323 1355 418 1430 idem
431 1356 467 1428 in
483 1356 615 1430 οἰεάθιιι
633 1355 823 1452 capitaneis
836 1363 872 1428 et
886 1354 1057 1450 magistris
1074 1354 1179 1428 etiam
1190 1352 1413 1450 justitiariis(
1437 1353 1465 1451 ),
1482 1354 1512 1426 si
1526 1363 1644 1427 contra

235 1481 425 1576 predictam
440 1480 703 1577 prohibitionem
727 1491 879 1554 nostram
894 1481 1085 1578 receperint
1102 1478 1253 1576 aliquid,
1272 1479 1434 1553 volumus
1451 1477 1640 1552 observari.

102 1689 108 1702 ‚
234 1605 278 1678 lit
296 1615 336 1678 nt
352 1605 387 1678 in
406 1605 534 1679 talibus
548 1605 702 1701 quelibet
722 1605 887 1681 omnibus
906 1603 1133 1702 delinquendi
1150 1605 1295 1678 materia
1312 1603 1547 1694 subtrabatur,
1567 1603 1644 1676 edi-

235 1730 348 1804 oImus
364 1741 404 1802 ut
423 1730 577 1804 officialis
601 1731 659 1802 cui
687 1731 722 1803 iu
742 1729 970 1826 comnptelam
990 1731 1046 1804 sui
1071 1731 1330 1826 promissionem
1354 1727 1429 1802 ficri
1450 1725 1643 1821 contigerit,

235 1853 464 1948 promittentis
485 1873 610 1928 nomen
632 1865 669 1926 et
691 1854 851 1950 promissi
873 1853 977 1928 etiam
996 1853 1221 1948 quantitatem
1245 1863 1280 1926 et
1303 1851 1446 1926 modum
1470 1849 1570 1924 nobis
1589 1849 1644 1922 vel

235 1977 337 2050 aliam
351 1999 415 2072 per
428 1999 533 2073 quem
545 1976 592 2052 ad
603 1999 667 2052 nos
681 1979 802 2052 notitia
826 1979 907 2052 iacti
921 1978 1112 2074 perveniat,
1128 1977 1266 2052 studeat
1290 1975 1457 2050 nunciare
1470 1973 1531 2071 (b).

550 2237 691 2312 arnna
721 2239 773 2330 11,
804 2237 1006 2312 ursanus
1035 2238 1081 2328 ι,
1108 2237 1228 2310 naus
1256 2235 1324 2309 111.

769 2385 877 2487 [Nova
894 2385 1112 2488 matrerm]

284 2536 482 2633 corruptele
505 2538 635 2612 crimen
666 2541 814 2634 presenti
839 2542 1018 2616 sanctione
1044 2539 1218 2636 publicum
1239 2539 1401 2612 omnibus
1419 2559 1496 2612 essa
1524 2535 1642 2612 decer·

236 2661 369 2750 nimus,
393 2672 432 2734 ut
455 2661 645 2738 accusandi
670 2665 726 2738 vel
751 2663 933 2738 deierandi
955 2664 1126 2760 quoslibet
1148 2661 1193 2736 de
1217 2661 1402 2737 donatione
1424 2661 1480 2736 vel
1500 2661 1645 2758 promis·

236 2785 333 2859 sione
355 2797 531 2884 corruptos
549 2787 761 2884 quibuslibet
780 2789 889 2863 libera
907 2789 1043 2864 licentia
1064 2787 1291 2876 concedatur3
1313 2785 1478 2882 promissa
1498 2785 1645 2882 pecunia

237 2907 281 2982 de
299 2911 517 3007 corruptione
538 2913 690 3008 legitima
707 2913 908 3010 probatione
930 2913 1098 2988 convictis
1116 2913 1153 2984 in
1170 2913 1341 3008 premium
1365 2910 1468 2986 detur
1486 2909 1643 2983 deleren-

236 3035 331 3108 tibus
347 3037 403 3108 vel
416 3038 660 3111 accusantibus
680 3041 890 3135 corruptelas
909 3065 917 3109 :
935 3037 1097 3112 videlicet
1111 3045 1150 3110 ut
1165 3037 1196 3110 si
1211 3045 1342 3110 certum
1358 3035 1446 3132 quid
1464 3035 1644 3111 officialem

236 3159 386 3255 aliquem
405 3160 442 3231 in
460 3163 688 3258 corruptelam
705 3163 761 3236 sui
777 3163 945 3260 recepisse
962 3163 1019 3236 vel
1037 3161 1226 3259 pollicitum
1244 3159 1424 3236 admisisse
1441 3160 1641 3252 constiterit,

236 3283 452 3358 denuncians
482 3286 538 3359 vel
565 3307 756 3378 accusans,
781 3287 999 3360 accusatione
1022 3287 1080 3360 vel
1102 3285 1367 3360 denunciatione
1384 3285 1543 3382 probata,
1563 3295 1645 3356 tan-

235 3407 391 3482 tumdem
418 3409 464 3483 ab
487 3409 626 3484 officiali
651 3409 797 3508 reoipIat
816 3421 985 3505 quantum
1012 3409 1078 3482 sibi
1103 3409 1307 3506 promissum
1333 3409 1438 3482 luisse
1456 3409 1645 3483 constiterit

234 3532 291 3604 vel
307 3533 453 3628 abipso
473 3544 660 3631 receptum.
681 3535 841 3608 Ceterum
859 3535 890 3608 si
907 3535 1076 3608 incertum
1098 3533 1143 3606 sit
1165 3533 1253 3629 quid
1268 3533 1335 3607 sibi
1354 3533 1559 3630 promissum
1578 3554 1645 3607 ex-

235 3655 341 3728 titerit
363 3657 421 3730 vel
443 3667 638 3754 receptum,
662 3679 787 3754 penam
816 3657 1068 3755 pollicitationis
1090 3657 1219 3732 incerte
1244 3679 1307 3754 pro
1333 3657 1497 3753 qualitate
1522 3678 1646 3754 persu-

235 3797 358 3850 namm
373 3785 408 3850 et
425 3799 530 3853 cause
546 3781 689 3854 arbitrio
711 3781 940 3878 permittimus
954 3779 1156 3874 judicantis.
1184 3783 1312 3854 Verum
1330 3781 1360 3854 si
1380 3781 1644 3878 promisserunt

275 3951 317 4034 (a)
337 3957 398 4034 Ap.
415 3955 580 4018 Cmmnum
598 3963 629 4020 et
648 3961 679 4019 ln
696 3961 867 4037 impressis:
882 3961 916 4020 ia
939 3957 1043 4020 addara
1066 3959 1204 4042 mopirtro
1219 3959 1385 4040 justitiario
1406 3965 1435 4021 at
1450 3959 1645 4042 justitiario,-

234 4060 332 4137 lnapte
343 4067 444 4123 lamen
460 4068 491 4122 et
502 4061 541 4123 sd
553 4061 643 4124 lidum
663 4067 880 4127 constitutlouls
896 4065 1347 4146 Capituaaoram'corrlgendum.

275 4163 317 4246 (b)
339 4167 440 4229 Recta.
457 4169 493 4229 ln
506 4173 714 4232 constitutione
727 4178 826 4234 temen
839 4173 1028 4252 praelaudata
1042 4173 1218 4254 precipitato
1236 4171 1391 4249 anellaria·
1404 4172 1527 4235 Imm
1535 4189 1644 4253 lm·

234 4279 279 4334 rat
290 4275 437 4338 samam

270 4511 304 4586 (l)
321 4511 370 4569 liic
381 4511 474 4572 titulus
488 4513 554 4572 nihil
566 4514 637 4574 alud
651 4523 694 4574 est
708 4517 760 4574 nisi
773 4515 834 4574 linis
846 4517 1044 4578 comtitutionis
1057 4518 1281 4594 Cupitunaomm,
1296 4533 1366 4593 quae
1379 4517 1419 4575 sic
1430 4515 1563 4590 dbcerpta
1579 4515 1644 4573 alias

236 4610 373 4683 repetitur.
387 4611 463 4669 Unde
477 4611 573 4670 iterum
587 4620 668 4688 atque
681 4615 778 4672 iterum
798 4614 961 4674 monendum
984 4632 1065 4690 quam
1086 4615 1139 4676 lavi
1159 4617 1260 4690 judicio
1278 4615 1358 4690 primi
1371 4629 1547 4674 muranenses
1565 4613 1640 4672 codi-

235 4723 281 4764 ces
296 4723 361 4766 suos
374 4708 564 4784 disposuerint.

335 4807 390 4871 IV.
1447 4820 1485 4872 aa
