<?xml version="1.0" encoding="UTF-8"?>
<!DOCTYPE html PUBLIC "-//W3C//DTD XHTML 1.0 Transitional//EN"
    "http://www.w3.org/TR/xhtml1/DTD/xhtml1-transitional.dtd">
<html xmlns="http://www.w3.org/1999/xhtml" xml:lang="en" lang="en">
 <head>
  <title>
</title>
<meta http-equiv="Content-Type" content="text/html;charset=utf-8" />
  <meta name='ocr-system' content='tesseract 3.04.00' />
  <meta name='ocr-capabilities' content='ocr_page ocr_carea ocr_par ocr_line ocrx_word'/>
</head>
<body>
  <div class='ocr_page' id='page_1' title='image "./historiadiploma07fredgoog_0052.png"; bbox 0 0 4372 5918; ppageno 0'>
   <div class='ocr_carea' id='block_1_1' title="bbox 522 583 1405 652">
    <p class='ocr_par' dir='ltr' id='par_1_1' title="bbox 522 583 1405 652">
     <span class='ocr_line' id='line_1_1' title="bbox 522 583 1405 652; baseline -0.007 0"><span class='ocrx_word' id='word_1_1' title='bbox 522 589 563 652; x_wconf 78' lang='grc'><strong>36</strong></span> <span class='ocrx_word' id='word_1_2' title='bbox 1050 583 1405 650; x_wconf 78' lang='lat' dir='ltr'><strong>CONS&#39;llTlll&#39;lOlllllS</strong></span> 
     </span>
    </p>
   </div>
   <div class='ocr_carea' id='block_1_2' title="bbox 522 719 1935 947">
    <p class='ocr_par' dir='ltr' id='par_1_2' title="bbox 522 719 1935 947">
     <span class='ocr_line' id='line_1_2' title="bbox 522 719 1935 823; baseline 0 -25"><span class='ocrx_word' id='word_1_3' title='bbox 522 724 618 814; x_wconf 85' lang='lat' dir='ltr'><strong>serit,</strong></span> <span class='ocrx_word' id='word_1_4' title='bbox 639 723 675 794; x_wconf 92' lang='lat' dir='ltr'><strong>in</strong></span> <span class='ocrx_word' id='word_1_5' title='bbox 695 744 844 818; x_wconf 89' lang='lat' dir='ltr'><strong>persona</strong></span> <span class='ocrx_word' id='word_1_6' title='bbox 861 725 1002 821; x_wconf 89' lang='lat' dir='ltr'><strong>propria</strong></span> <span class='ocrx_word' id='word_1_7' title='bbox 1019 734 1055 799; x_wconf 88' lang='lat' dir='ltr'><strong>et</strong></span> <span class='ocrx_word' id='word_1_8' title='bbox 1071 723 1122 823; x_wconf 87' lang='lat' dir='ltr'><strong>(e)</strong></span> <span class='ocrx_word' id='word_1_9' title='bbox 1145 724 1250 796; x_wconf 86' lang='lat' dir='ltr'><strong>rebus</strong></span> <span class='ocrx_word' id='word_1_10' title='bbox 1266 721 1344 795; x_wconf 86' lang='lat' dir='ltr'><strong>suis</strong></span> <span class='ocrx_word' id='word_1_11' title='bbox 1361 719 1587 794; x_wconf 88' lang='lat' dir='ltr'><strong>constituetur</strong></span> <span class='ocrx_word' id='word_1_12' title='bbox 1609 720 1796 815; x_wconf 83' lang='lat' dir='ltr'><strong>obnoxius,</strong></span> <span class='ocrx_word' id='word_1_13' title='bbox 1814 733 1850 798; x_wconf 87' lang='lat' dir='ltr'><strong>et</strong></span> <span class='ocrx_word' id='word_1_14' title='bbox 1868 723 1935 798; x_wconf 93' lang='lat' dir='ltr'><strong>hec</strong></span> 
     </span>
     <span class='ocr_line' id='line_1_3' title="bbox 523 845 1004 947; baseline 0.004 -25"><span class='ocrx_word' id='word_1_15' title='bbox 523 857 665 944; x_wconf 90' lang='lat' dir='ltr'><strong>aspectu</strong></span> <span class='ocrx_word' id='word_1_16' title='bbox 681 845 730 944; x_wconf 82' lang='lat' dir='ltr'><strong>(h)</strong></span> <span class='ocrx_word' id='word_1_17' title='bbox 747 849 843 943; x_wconf 79' lang='lat' dir='ltr'><strong>regie</strong></span> <span class='ocrx_word' id='word_1_18' title='bbox 855 850 1004 947; x_wconf 82' lang='lat' dir='ltr'><strong>pietatis.</strong></span> 
     </span>
    </p>
   </div>
   <div class='ocr_carea' id='block_1_3' title="bbox 857 1127 1603 1374">
    <p class='ocr_par' dir='ltr' id='par_1_3' title="bbox 857 1127 1603 1374">
     <span class='ocr_line' id='line_1_4' title="bbox 964 1127 1497 1226; baseline -0.004 -24"><span class='ocrx_word' id='word_1_19' title='bbox 964 1129 1167 1204; x_wconf 87' lang='lat' dir='ltr'>TITULUS</span> <span class='ocrx_word' id='word_1_20' title='bbox 1192 1128 1287 1201; x_wconf 87' lang='lat' dir='ltr'>LXI.</span> <span class='ocrx_word' id='word_1_21' title='bbox 1314 1131 1384 1202; x_wconf 88' lang='grc' dir='ltr'><strong>ΛΘ</strong></span> <span class='ocrx_word' id='word_1_22' title='bbox 1408 1127 1497 1226; x_wconf 77' lang='grc'>(39).</span> 
     </span>
     <span class='ocr_line' id='line_1_5' title="bbox 857 1276 1603 1374; baseline -0.004 -21"><span class='ocrx_word' id='word_1_23' title='bbox 857 1331 1524 1353; x_wconf 90' lang='grc'><strong>.....................</strong></span> <span class='ocrx_word' id='word_1_24' title='bbox 1544 1276 1603 1374; x_wconf 85' lang='lat' dir='ltr'><strong>(c).</strong></span> 
     </span>
    </p>
   </div>
   <div class='ocr_carea' id='block_1_4' title="bbox 1012 1435 1440 1552">
    <p class='ocr_par' dir='ltr' id='par_1_4' title="bbox 1012 1435 1440 1552">
     <span class='ocr_line' id='line_1_6' title="bbox 1012 1435 1440 1552; baseline -0.005 -22"><span class='ocrx_word' id='word_1_25' title='bbox 1012 1435 1095 1530; x_wconf 20' lang='lat' dir='ltr'><strong>nux*</strong></span> <span class='ocrx_word' id='word_1_26' title='bbox 1114 1479 1351 1530; x_wconf 77' lang='lat' dir='ltr'><strong>sursunnuus</strong></span> <span class='ocrx_word' id='word_1_27' title='bbox 1373 1454 1440 1552; x_wconf 88' lang='lat' dir='ltr'><strong>(l).</strong></span> 
     </span>
    </p>
   </div>
   <div class='ocr_carea' id='block_1_5' title="bbox 515 1627 1932 3354">
    <p class='ocr_par' dir='ltr' id='par_1_5' title="bbox 515 1627 1932 3354">
     <span class='ocr_line' id='line_1_7' title="bbox 568 1627 1932 1730; baseline 0.004 -26"><span class='ocrx_word' id='word_1_28' title='bbox 568 1632 710 1706; x_wconf 82' lang='lat' dir='ltr'><strong>llohane</strong></span> <span class='ocrx_word' id='word_1_29' title='bbox 727 1633 773 1708; x_wconf 86' lang='lat' dir='ltr'><strong>ds</strong></span> <span class='ocrx_word' id='word_1_30' title='bbox 790 1634 929 1708; x_wconf 90' lang='lat' dir='ltr'><strong>secretis</strong></span> <span class='ocrx_word' id='word_1_31' title='bbox 948 1643 982 1708; x_wconf 90' lang='lat' dir='ltr'><strong>et</strong></span> <span class='ocrx_word' id='word_1_32' title='bbox 1003 1644 1205 1730; x_wconf 91' lang='lat' dir='ltr'><strong>questorum</strong></span> <span class='ocrx_word' id='word_1_33' title='bbox 1230 1635 1383 1728; x_wconf 80' lang='lat' dir='ltr'><strong>magistri</strong></span> <span class='ocrx_word' id='word_1_34' title='bbox 1407 1627 1593 1708; x_wconf 90' lang='lat' dir='ltr'><strong>discretum</strong></span> <span class='ocrx_word' id='word_1_35' title='bbox 1618 1634 1769 1709; x_wconf 90' lang='lat' dir='ltr'><strong>officium</strong></span> <span class='ocrx_word' id='word_1_36' title='bbox 1792 1635 1838 1709; x_wconf 88' lang='lat' dir='ltr'><strong>ab</strong></span> <span class='ocrx_word' id='word_1_37' title='bbox 1856 1635 1932 1709; x_wconf 89' lang='lat' dir='ltr'><strong>aliis</strong></span> 
     </span>
     <span class='ocr_line' id='line_1_8' title="bbox 515 1755 1932 1857; baseline 0.001 -25"><span class='ocrx_word' id='word_1_38' title='bbox 515 1769 734 1854; x_wconf 80' lang='lat' dir='ltr'><strong>separantes,</strong></span> <span class='ocrx_word' id='word_1_39' title='bbox 762 1781 866 1854; x_wconf 91' lang='lat' dir='ltr'><strong>super</strong></span> <span class='ocrx_word' id='word_1_40' title='bbox 884 1760 1013 1854; x_wconf 87' lang='lat' dir='ltr'><strong>quibus</strong></span> <span class='ocrx_word' id='word_1_41' title='bbox 1030 1769 1065 1832; x_wconf 91' lang='lat' dir='ltr'><strong>at</strong></span> <span class='ocrx_word' id='word_1_42' title='bbox 1081 1758 1127 1831; x_wconf 90' lang='lat' dir='ltr'><strong>de</strong></span> <span class='ocrx_word' id='word_1_43' title='bbox 1144 1759 1274 1855; x_wconf 92' lang='lat' dir='ltr'><strong>quibus</strong></span> <span class='ocrx_word' id='word_1_44' title='bbox 1293 1755 1427 1857; x_wconf 90' lang='lat' dir='ltr'><strong>[perse</strong></span> <span class='ocrx_word' id='word_1_45' title='bbox 1445 1761 1501 1833; x_wconf 92' lang='lat' dir='ltr'><strong>vel</strong></span> <span class='ocrx_word' id='word_1_46' title='bbox 1524 1782 1586 1856; x_wconf 87' lang='lat' dir='ltr'><strong>per</strong></span> <span class='ocrx_word' id='word_1_47' title='bbox 1601 1761 1685 1834; x_wconf 90' lang='lat' dir='ltr'><strong>alios</strong></span> <span class='ocrx_word' id='word_1_48' title='bbox 1710 1760 1839 1854; x_wconf 91' lang='lat' dir='ltr'><strong>quibus</strong></span> <span class='ocrx_word' id='word_1_49' title='bbox 1865 1761 1932 1834; x_wconf 92' lang='lat' dir='ltr'><strong>hoc</strong></span> 
     </span>
     <span class='ocr_line' id='line_1_9' title="bbox 518 1879 1931 1982; baseline 0.001 -26"><span class='ocrx_word' id='word_1_50' title='bbox 518 1882 712 1978; x_wconf 79' lang='lat' dir='ltr'><strong>specialiter</strong></span> <span class='ocrx_word' id='word_1_51' title='bbox 740 1879 931 1982; x_wconf 90' lang='lat' dir='ltr'><strong>destinant]</strong></span> <span class='ocrx_word' id='word_1_52' title='bbox 958 1903 997 1956; x_wconf 89' lang='lat' dir='ltr'><strong>se</strong></span> <span class='ocrx_word' id='word_1_53' title='bbox 1024 1883 1248 1957; x_wconf 80' lang='lat' dir='ltr'><strong>intromittere</strong></span> <span class='ocrx_word' id='word_1_54' title='bbox 1278 1883 1450 1974; x_wconf 88' lang='lat' dir='ltr'><strong>debeant,</strong></span> <span class='ocrx_word' id='word_1_55' title='bbox 1470 1885 1650 1981; x_wconf 88' lang='lat' dir='ltr'><strong>presentis</strong></span> <span class='ocrx_word' id='word_1_56' title='bbox 1678 1885 1931 1959; x_wconf 86' lang='lat' dir='ltr'><strong>constitutionis</strong></span> 
     </span>
     <span class='ocr_line' id='line_1_10' title="bbox 518 2004 1931 2105; baseline 0.001 -25"><span class='ocrx_word' id='word_1_57' title='bbox 518 2017 633 2082; x_wconf 90' lang='lat' dir='ltr'><strong>nostre</strong></span> <span class='ocrx_word' id='word_1_58' title='bbox 649 2017 770 2084; x_wconf 89' lang='lat' dir='ltr'><strong>tenere</strong></span> <span class='ocrx_word' id='word_1_59' title='bbox 787 2006 955 2081; x_wconf 83' lang='lat' dir='ltr'><strong>duximus</strong></span> <span class='ocrx_word' id='word_1_60' title='bbox 973 2007 1227 2082; x_wconf 88' lang='lat' dir='ltr'><strong>advertendum</strong></span> <span class='ocrx_word' id='word_1_61' title='bbox 1245 2004 1296 2105; x_wconf 86' lang='lat' dir='ltr'><strong>(d)</strong></span> <span class='ocrx_word' id='word_1_62' title='bbox 1312 2035 1321 2079; x_wconf 76' lang='grc' dir='ltr'><strong>ε</strong></span> <span class='ocrx_word' id='word_1_63' title='bbox 1339 2008 1374 2080; x_wconf 91' lang='lat' dir='ltr'><strong>in</strong></span> <span class='ocrx_word' id='word_1_64' title='bbox 1394 2009 1513 2105; x_wconf 93' lang='lat' dir='ltr'><strong>primis</strong></span> <span class='ocrx_word' id='word_1_65' title='bbox 1528 2007 1690 2082; x_wconf 88' lang='lat' dir='ltr'><strong>videlicet</strong></span> <span class='ocrx_word' id='word_1_66' title='bbox 1703 2008 1748 2082; x_wconf 92' lang='lat' dir='ltr'><strong>de</strong></span> <span class='ocrx_word' id='word_1_67' title='bbox 1762 2009 1931 2084; x_wconf 77' lang='lat' dir='ltr'><strong>thesauris</strong></span> 
     </span>
     <span class='ocr_line' id='line_1_11' title="bbox 516 2134 1931 2232; baseline 0 -24"><span class='ocrx_word' id='word_1_68' title='bbox 516 2134 667 2208; x_wconf 87' lang='lat' dir='ltr'><strong>inventis</strong></span> <span class='ocrx_word' id='word_1_69' title='bbox 694 2134 792 2207; x_wconf 87' lang='lat' dir='ltr'><strong>etde</strong></span> <span class='ocrx_word' id='word_1_70' title='bbox 817 2135 965 2230; x_wconf 88' lang='lat' dir='ltr'><strong>pecunia</strong></span> <span class='ocrx_word' id='word_1_71' title='bbox 986 2134 1154 2207; x_wconf 89' lang='lat' dir='ltr'><strong>ahsoonsa</strong></span> <span class='ocrx_word' id='word_1_72' title='bbox 1178 2134 1224 2205; x_wconf 95' lang='lat' dir='ltr'><strong>ab</strong></span> <span class='ocrx_word' id='word_1_73' title='bbox 1241 2134 1374 2228; x_wconf 91' lang='lat' dir='ltr'><strong>alique,</strong></span> <span class='ocrx_word' id='word_1_74' title='bbox 1394 2155 1542 2230; x_wconf 92' lang='lat' dir='ltr'><strong>quorum</strong></span> <span class='ocrx_word' id='word_1_75' title='bbox 1569 2134 1701 2208; x_wconf 92' lang='lat' dir='ltr'><strong>domini</strong></span> <span class='ocrx_word' id='word_1_76' title='bbox 1724 2155 1787 2230; x_wconf 90' lang='lat' dir='ltr'><strong>per</strong></span> <span class='ocrx_word' id='word_1_77' title='bbox 1805 2136 1931 2232; x_wconf 91' lang='lat' dir='ltr'><strong>proba·</strong></span> 
     </span>
     <span class='ocr_line' id='line_1_12' title="bbox 517 2256 1930 2354; baseline 0.001 -24"><span class='ocrx_word' id='word_1_78' title='bbox 517 2258 628 2332; x_wconf 90' lang='lat' dir='ltr'><strong>tiones</strong></span> <span class='ocrx_word' id='word_1_79' title='bbox 657 2256 829 2332; x_wconf 85' lang='lat' dir='ltr'><strong>dilucidas</strong></span> <span class='ocrx_word' id='word_1_80' title='bbox 851 2259 993 2354; x_wconf 89' lang='lat' dir='ltr'><strong>reperiri</strong></span> <span class='ocrx_word' id='word_1_81' title='bbox 1013 2281 1082 2332; x_wconf 95' lang='lat' dir='ltr'><strong>non</strong></span> <span class='ocrx_word' id='word_1_82' title='bbox 1109 2268 1265 2354; x_wconf 88' lang='lat' dir='ltr'><strong>possunt.</strong></span> <span class='ocrx_word' id='word_1_83' title='bbox 1298 2259 1382 2354; x_wconf 86' lang='lat' dir='ltr'><strong>ltem</strong></span> <span class='ocrx_word' id='word_1_84' title='bbox 1415 2259 1460 2334; x_wconf 90' lang='lat' dir='ltr'><strong>de</strong></span> <span class='ocrx_word' id='word_1_85' title='bbox 1487 2259 1541 2332; x_wconf 88' lang='lat' dir='ltr'><strong>his</strong></span> <span class='ocrx_word' id='word_1_86' title='bbox 1570 2260 1713 2354; x_wconf 84' lang='lat' dir='ltr'><strong>quode</strong></span> <span class='ocrx_word' id='word_1_87' title='bbox 1741 2261 1930 2354; x_wconf 80' lang='lat' dir='ltr'><strong>naufragiis</strong></span> 
     </span>
     <span class='ocr_line' id='line_1_13' title="bbox 518 2381 1931 2482; baseline 0.001 -26"><span class='ocrx_word' id='word_1_88' title='bbox 518 2382 612 2456; x_wconf 87' lang='lat' dir='ltr'><strong>curie</strong></span> <span class='ocrx_word' id='word_1_89' title='bbox 628 2391 744 2456; x_wconf 93' lang='lat' dir='ltr'><strong>nostre</strong></span> <span class='ocrx_word' id='word_1_90' title='bbox 757 2382 940 2474; x_wconf 89' lang='lat' dir='ltr'><strong>debentur,</strong></span> <span class='ocrx_word' id='word_1_91' title='bbox 962 2381 1063 2482; x_wconf 90' lang='lat' dir='ltr'><strong>[cnm</strong></span> <span class='ocrx_word' id='word_1_92' title='bbox 1086 2405 1132 2456; x_wconf 84' lang='lat' dir='ltr'><strong>ex</strong></span> <span class='ocrx_word' id='word_1_93' title='bbox 1152 2383 1334 2478; x_wconf 79' lang='lat' dir='ltr'><strong>naufragio</strong></span> <span class='ocrx_word' id='word_1_94' title='bbox 1352 2404 1499 2478; x_wconf 91' lang='lat' dir='ltr'><strong>quorum</strong></span> <span class='ocrx_word' id='word_1_95' title='bbox 1515 2407 1571 2457; x_wconf 91' lang='lat' dir='ltr'><strong>res</strong></span> <span class='ocrx_word' id='word_1_96' title='bbox 1588 2393 1670 2456; x_wconf 87' lang='lat' dir='ltr'><strong>sunt</strong></span> <span class='ocrx_word' id='word_1_97' title='bbox 1687 2383 1794 2482; x_wconf 90' lang='lat' dir='ltr'><strong>aliqui</strong></span> <span class='ocrx_word' id='word_1_98' title='bbox 1808 2387 1863 2458; x_wconf 86' lang='lat' dir='ltr'><strong>rel</strong></span> <span class='ocrx_word' id='word_1_99' title='bbox 1883 2406 1931 2458; x_wconf 87' lang='lat' dir='ltr'><strong>ex</strong></span> 
     </span>
     <span class='ocr_line' id='line_1_14' title="bbox 517 2505 1925 2606; baseline 0.001 -26"><span class='ocrx_word' id='word_1_100' title='bbox 517 2507 568 2580; x_wconf 91' lang='lat' dir='ltr'><strong>eis</strong></span> <span class='ocrx_word' id='word_1_101' title='bbox 593 2527 808 2581; x_wconf 84' lang='lat' dir='ltr'><strong>successores</strong></span> <span class='ocrx_word' id='word_1_102' title='bbox 837 2508 979 2602; x_wconf 82' lang='lat' dir='ltr'><strong>legitimi</strong></span> <span class='ocrx_word' id='word_1_103' title='bbox 1007 2529 1077 2581; x_wconf 94' lang='lat' dir='ltr'><strong>uon</strong></span> <span class='ocrx_word' id='word_1_104' title='bbox 1104 2520 1308 2604; x_wconf 87' lang='lat' dir='ltr'><strong>supersunt,</strong></span> <span class='ocrx_word' id='word_1_105' title='bbox 1337 2509 1562 2582; x_wconf 90' lang='lat' dir='ltr'><strong>intromittere</strong></span> <span class='ocrx_word' id='word_1_106' title='bbox 1587 2531 1625 2582; x_wconf 90' lang='lat' dir='ltr'><strong>se</strong></span> <span class='ocrx_word' id='word_1_107' title='bbox 1649 2508 1825 2582; x_wconf 91' lang='lat' dir='ltr'><strong>debebunt</strong></span> <span class='ocrx_word' id='word_1_108' title='bbox 1843 2505 1925 2606; x_wconf 81' lang='lat' dir='ltr'><strong>(e)].</strong></span> 
     </span>
     <span class='ocr_line' id='line_1_15' title="bbox 518 2611 1928 2733; baseline 0.002 -29"><span class='ocrx_word' id='word_1_109' title='bbox 518 2633 674 2705; x_wconf 90' lang='lat' dir='ltr'><strong>Preterea</strong></span> <span class='ocrx_word' id='word_1_110' title='bbox 692 2632 721 2704; x_wconf 88' lang='lat' dir='ltr'><strong>si</strong></span> <span class='ocrx_word' id='word_1_111' title='bbox 745 2632 872 2726; x_wconf 88' lang='lat' dir='ltr'><strong>aliquis</strong></span> <span class='ocrx_word' id='word_1_112' title='bbox 897 2633 1099 2705; x_wconf 89' lang='lat' dir='ltr'><strong>clericerum</strong></span> <span class='ocrx_word' id='word_1_113' title='bbox 1123 2634 1184 2728; x_wconf 94' lang='lat' dir='ltr'><strong>qui</strong></span> <span class='ocrx_word' id='word_1_114' title='bbox 1205 2611 1411 2708; x_wconf 85' lang='lat' dir='ltr'><strong>hereditaria</strong></span> <span class='ocrx_word' id='word_1_115' title='bbox 1437 2633 1624 2728; x_wconf 87' lang='lat' dir='ltr'><strong>possederit</strong></span> <span class='ocrx_word' id='word_1_116' title='bbox 1648 2631 1722 2732; x_wconf 87' lang='lat' dir='ltr'><strong>[vel</strong></span> <span class='ocrx_word' id='word_1_117' title='bbox 1744 2633 1928 2733; x_wconf 87' lang='lat' dir='ltr'><strong>laicorum]</strong></span> 
     </span>
     <span class='ocr_line' id='line_1_16' title="bbox 518 2755 1929 2845; baseline 0.002 -16"><span class='ocrx_word' id='word_1_118' title='bbox 518 2755 564 2829; x_wconf 88' lang='lat' dir='ltr'><strong>de</strong></span> <span class='ocrx_word' id='word_1_119' title='bbox 588 2765 676 2830; x_wconf 89' lang='lat' dir='ltr'><strong>terra</strong></span> <span class='ocrx_word' id='word_1_120' title='bbox 700 2755 853 2830; x_wconf 89' lang='lat' dir='ltr'><strong>demanii</strong></span> <span class='ocrx_word' id='word_1_121' title='bbox 874 2757 980 2828; x_wconf 88' lang='lat' dir='ltr'><strong>nostri</strong></span> <span class='ocrx_word' id='word_1_122' title='bbox 996 2757 1072 2830; x_wconf 93' lang='lat' dir='ltr'><strong>sine</strong></span> <span class='ocrx_word' id='word_1_123' title='bbox 1089 2756 1217 2831; x_wconf 89' lang='lat' dir='ltr'><strong>herede</strong></span> <span class='ocrx_word' id='word_1_124' title='bbox 1231 2756 1432 2845; x_wconf 86' lang='lat' dir='ltr'><strong>decesserit,</strong></span> <span class='ocrx_word' id='word_1_125' title='bbox 1453 2779 1517 2831; x_wconf 90' lang='lat' dir='ltr'><strong>nec</strong></span> <span class='ocrx_word' id='word_1_126' title='bbox 1537 2757 1646 2830; x_wconf 88' lang='lat' dir='ltr'><strong>filium</strong></span> <span class='ocrx_word' id='word_1_127' title='bbox 1669 2759 1726 2832; x_wconf 86' lang='lat' dir='ltr'><strong>vel</strong></span> <span class='ocrx_word' id='word_1_128' title='bbox 1747 2757 1853 2831; x_wconf 86' lang='lat' dir='ltr'><strong>filiam</strong></span> <span class='ocrx_word' id='word_1_129' title='bbox 1876 2759 1929 2832; x_wconf 93' lang='lat' dir='ltr'><strong>le-</strong></span> 
     </span>
     <span class='ocr_line' id='line_1_17' title="bbox 517 2880 1929 2976; baseline 0.003 -24"><span class='ocrx_word' id='word_1_130' title='bbox 517 2881 672 2974; x_wconf 77' lang='lat' dir='ltr'><strong>gitimam</strong></span> <span class='ocrx_word' id='word_1_131' title='bbox 696 2892 758 2954; x_wconf 90' lang='lat' dir='ltr'><strong>aut</strong></span> <span class='ocrx_word' id='word_1_132' title='bbox 782 2881 935 2976; x_wconf 91' lang='lat' dir='ltr'><strong>aliquem</strong></span> <span class='ocrx_word' id='word_1_133' title='bbox 964 2881 1226 2955; x_wconf 85' lang='lat' dir='ltr'><strong>ascendentium</strong></span> <span class='ocrx_word' id='word_1_134' title='bbox 1256 2883 1312 2955; x_wconf 87' lang='lat' dir='ltr'><strong>vel</strong></span> <span class='ocrx_word' id='word_1_135' title='bbox 1342 2880 1625 2956; x_wconf 88' lang='lat' dir='ltr'><strong>descendentium</strong></span> <span class='ocrx_word' id='word_1_136' title='bbox 1656 2893 1717 2956; x_wconf 84' lang='lat' dir='ltr'><strong>aut</strong></span> <span class='ocrx_word' id='word_1_137' title='bbox 1745 2905 1792 2956; x_wconf 85' lang='lat' dir='ltr'><strong>ex</strong></span> <span class='ocrx_word' id='word_1_138' title='bbox 1823 2883 1929 2956; x_wconf 82' lang='lat' dir='ltr'><strong>latere</strong></span> 
     </span>
     <span class='ocr_line' id='line_1_18' title="bbox 517 3005 1928 3106; baseline 0.001 -28"><span class='ocrx_word' id='word_1_139' title='bbox 517 3005 730 3078; x_wconf 85' lang='lat' dir='ltr'><strong>venientium</strong></span> <span class='ocrx_word' id='word_1_140' title='bbox 749 3006 810 3100; x_wconf 92' lang='lat' dir='ltr'><strong>qni</strong></span> <span class='ocrx_word' id='word_1_141' title='bbox 833 3005 878 3079; x_wconf 92' lang='lat' dir='ltr'><strong>ad</strong></span> <span class='ocrx_word' id='word_1_142' title='bbox 898 3006 1149 3078; x_wconf 87' lang='lat' dir='ltr'><strong>successionem</strong></span> <span class='ocrx_word' id='word_1_143' title='bbox 1172 3005 1282 3102; x_wconf 88' lang='lat' dir='ltr'><strong>ipsius</strong></span> <span class='ocrx_word' id='word_1_144' title='bbox 1299 3006 1345 3080; x_wconf 90' lang='lat' dir='ltr'><strong>ab</strong></span> <span class='ocrx_word' id='word_1_145' title='bbox 1363 3007 1523 3080; x_wconf 90' lang='lat' dir='ltr'><strong>intestato</strong></span> <span class='ocrx_word' id='word_1_146' title='bbox 1538 3007 1645 3102; x_wconf 90' lang='lat' dir='ltr'><strong>possit</strong></span> <span class='ocrx_word' id='word_1_147' title='bbox 1665 3005 1839 3106; x_wconf 89' lang='lat' dir='ltr'><strong>[dejure]</strong></span> <span class='ocrx_word' id='word_1_148' title='bbox 1862 3029 1928 3080; x_wconf 89' lang='lat' dir='ltr'><strong>ve·</strong></span> 
     </span>
     <span class='ocr_line' id='line_1_19' title="bbox 518 3129 1929 3226; baseline 0.001 -23"><span class='ocrx_word' id='word_1_149' title='bbox 518 3131 609 3221; x_wconf 87' lang='lat' dir='ltr'><strong>nire,</strong></span> <span class='ocrx_word' id='word_1_150' title='bbox 634 3129 827 3226; x_wconf 90' lang='lat' dir='ltr'><strong>reliquerit,</strong></span> <span class='ocrx_word' id='word_1_151' title='bbox 852 3152 915 3204; x_wconf 88' lang='lat' dir='ltr'><strong>nec</strong></span> <span class='ocrx_word' id='word_1_152' title='bbox 938 3140 1179 3203; x_wconf 87' lang='lat' dir='ltr'><strong>testamentum</strong></span> <span class='ocrx_word' id='word_1_153' title='bbox 1202 3131 1335 3222; x_wconf 82' lang='lat' dir='ltr'><strong>lecerit,</strong></span> <span class='ocrx_word' id='word_1_154' title='bbox 1359 3153 1438 3204; x_wconf 94' lang='lat' dir='ltr'><strong>cum</strong></span> <span class='ocrx_word' id='word_1_155' title='bbox 1465 3133 1543 3224; x_wconf 90' lang='lat' dir='ltr'><strong>ejus</strong></span> <span class='ocrx_word' id='word_1_156' title='bbox 1565 3131 1737 3205; x_wconf 84' lang='lat' dir='ltr'><strong>hereditas</strong></span> <span class='ocrx_word' id='word_1_157' title='bbox 1761 3132 1869 3206; x_wconf 93' lang='lat' dir='ltr'><strong>libera</strong></span> <span class='ocrx_word' id='word_1_158' title='bbox 1893 3142 1929 3206; x_wconf 92' lang='lat' dir='ltr'><strong>et</strong></span> 
     </span>
     <span class='ocr_line' id='line_1_20' title="bbox 517 3253 1927 3354; baseline 0.002 -29"><span class='ocrx_word' id='word_1_159' title='bbox 517 3253 649 3349; x_wconf 86' lang='lat' dir='ltr'><strong>absque</strong></span> <span class='ocrx_word' id='word_1_160' title='bbox 673 3255 814 3328; x_wconf 87' lang='lat' dir='ltr'><strong>servitio</strong></span> <span class='ocrx_word' id='word_1_161' title='bbox 838 3256 932 3329; x_wconf 88' lang='lat' dir='ltr'><strong>curie</strong></span> <span class='ocrx_word' id='word_1_162' title='bbox 960 3255 1081 3348; x_wconf 84' lang='lat' dir='ltr'><strong>luerit,</strong></span> <span class='ocrx_word' id='word_1_163' title='bbox 1107 3277 1187 3328; x_wconf 92' lang='lat' dir='ltr'><strong>cum</strong></span> <span class='ocrx_word' id='word_1_164' title='bbox 1211 3257 1306 3330; x_wconf 92' lang='lat' dir='ltr'><strong>omni</strong></span> <span class='ocrx_word' id='word_1_165' title='bbox 1327 3257 1417 3348; x_wconf 89' lang='lat' dir='ltr'><strong>juris</strong></span> <span class='ocrx_word' id='word_1_166' title='bbox 1440 3256 1653 3330; x_wconf 85' lang='lat' dir='ltr'><strong>solemnitate</strong></span> <span class='ocrx_word' id='word_1_167' title='bbox 1679 3257 1817 3354; x_wconf 83' lang='lat' dir='ltr'><strong>publice</strong></span> <span class='ocrx_word' id='word_1_168' title='bbox 1836 3257 1927 3330; x_wconf 91' lang='lat' dir='ltr'><strong>snb-</strong></span> 
     </span>
    </p>
   </div>
   <div class='ocr_carea' id='block_1_6' title="bbox 515 3428 1927 4268">
    <p class='ocr_par' dir='ltr' id='par_1_6' title="bbox 561 3428 1565 3512">
     <span class='ocr_line' id='line_1_21' title="bbox 561 3428 1565 3512; baseline 0.004 -21"><span class='ocrx_word' id='word_1_169' title='bbox 561 3428 602 3508; x_wconf 87' lang='lat' dir='ltr'><strong>(a)</strong></span> <span class='ocrx_word' id='word_1_170' title='bbox 624 3430 681 3510; x_wconf 78' lang='lat' dir='ltr'><strong>Ap.</strong></span> <span class='ocrx_word' id='word_1_171' title='bbox 700 3430 822 3492; x_wconf 78' lang='lat' dir='ltr'><strong>caream</strong></span> <span class='ocrx_word' id='word_1_172' title='bbox 832 3428 890 3503; x_wconf 68' lang='lat' dir='ltr'><strong>ech</strong></span> <span class='ocrx_word' id='word_1_173' title='bbox 902 3433 934 3492; x_wconf 94' lang='lat' dir='ltr'><strong>ln</strong></span> <span class='ocrx_word' id='word_1_174' title='bbox 949 3431 1049 3493; x_wconf 88' lang='lat' dir='ltr'><strong>eodlca</strong></span> <span class='ocrx_word' id='word_1_175' title='bbox 1059 3438 1105 3512; x_wconf 89' lang='lat' dir='ltr'><strong>et,</strong></span> <span class='ocrx_word' id='word_1_176' title='bbox 1119 3431 1199 3510; x_wconf 91' lang='lat' dir='ltr'><strong>quod</strong></span> <span class='ocrx_word' id='word_1_177' title='bbox 1209 3431 1285 3492; x_wconf 89' lang='lat' dir='ltr'><strong>hene</strong></span> <span class='ocrx_word' id='word_1_178' title='bbox 1296 3449 1402 3512; x_wconf 80' lang='lat' dir='ltr'><strong>graeco</strong></span> <span class='ocrx_word' id='word_1_179' title='bbox 1416 3435 1565 3496; x_wconf 86' lang='lat' dir='ltr'><strong>conveult.</strong></span> 
     </span>
    </p>

    <p class='ocr_par' dir='ltr' id='par_1_7' title="bbox 539 3521 1586 3621">
     <span class='ocr_line' id='line_1_22' title="bbox 539 3521 1586 3621; baseline 0.003 -24"><span class='ocrx_word' id='word_1_180' title='bbox 539 3521 545 3532; x_wconf 77' lang='grc'><strong>’</strong></span> <span class='ocrx_word' id='word_1_181' title='bbox 560 3535 601 3617; x_wconf 85' lang='lat' dir='ltr'><strong>(l)</strong></span> <span class='ocrx_word' id='word_1_182' title='bbox 623 3537 660 3599; x_wconf 93' lang='lat' dir='ltr'><strong>ln</strong></span> <span class='ocrx_word' id='word_1_183' title='bbox 671 3538 772 3600; x_wconf 87' lang='lat' dir='ltr'><strong>codice</strong></span> <span class='ocrx_word' id='word_1_184' title='bbox 783 3544 938 3618; x_wconf 71' lang='lat' dir='ltr'><strong>prospectu</strong></span> <span class='ocrx_word' id='word_1_185' title='bbox 943 3557 960 3616; x_wconf 90' lang='lat'><em>;</em></span> <span class='ocrx_word' id='word_1_186' title='bbox 973 3555 1076 3617; x_wconf 81' lang='lat' dir='ltr'><strong>graece</strong></span> <span class='ocrx_word' id='word_1_187' title='bbox 1088 3535 1130 3598; x_wconf 86' lang='lat' dir='ltr'><strong>nd</strong></span> <span class='ocrx_word' id='word_1_188' title='bbox 1141 3535 1339 3600; x_wconf 76' lang='lat' dir='ltr'><strong>discretionem</strong></span> <span class='ocrx_word' id='word_1_189' title='bbox 1351 3540 1447 3621; x_wconf 76' lang='lat' dir='ltr'><strong>reples</strong></span> <span class='ocrx_word' id='word_1_190' title='bbox 1454 3540 1586 3620; x_wconf 78' lang='lat' dir='ltr'><strong>pietatis.</strong></span> 
     </span>
    </p>

    <p class='ocr_par' dir='ltr' id='par_1_8' title="bbox 560 3644 1588 3730">
     <span class='ocr_line' id='line_1_23' title="bbox 560 3644 1588 3730; baseline 0.002 -24"><span class='ocrx_word' id='word_1_191' title='bbox 560 3644 596 3725; x_wconf 85' lang='lat' dir='ltr'><strong>(e)</strong></span> <span class='ocrx_word' id='word_1_192' title='bbox 620 3645 731 3708; x_wconf 85' lang='lat' dir='ltr'><strong>Graece</strong></span> <span class='ocrx_word' id='word_1_193' title='bbox 744 3646 860 3708; x_wconf 84' lang='lat' dir='ltr'><strong>ruhrlce</strong></span> <span class='ocrx_word' id='word_1_194' title='bbox 873 3647 978 3708; x_wconf 81' lang='lat' dir='ltr'><strong>adest:</strong></span> <span class='ocrx_word' id='word_1_195' title='bbox 995 3648 1038 3708; x_wconf 82' lang='lat' dir='ltr'><strong>De</strong></span> <span class='ocrx_word' id='word_1_196' title='bbox 1049 3644 1152 3727; x_wconf 68' lang='lat' dir='ltr'><strong>officiis</strong></span> <span class='ocrx_word' id='word_1_197' title='bbox 1164 3653 1337 3708; x_wconf 68' lang='lat' dir='ltr'><strong>ruretenent</strong></span> <span class='ocrx_word' id='word_1_198' title='bbox 1352 3655 1381 3709; x_wconf 79' lang='lat' dir='ltr'><strong>et</strong></span> <span class='ocrx_word' id='word_1_199' title='bbox 1392 3655 1588 3730; x_wconf 68' lang='lat' dir='ltr'><strong>pomerum</strong></span> 
     </span>
    </p>

    <p class='ocr_par' dir='ltr' id='par_1_9' title="bbox 516 3751 1927 4050">
     <span class='ocr_line' id='line_1_24' title="bbox 537 3751 1927 3837; baseline 0.001 -23"><span class='ocrx_word' id='word_1_200' title='bbox 537 3751 599 3833; x_wconf 74' lang='lat' dir='ltr'><strong>td)</strong></span> <span class='ocrx_word' id='word_1_201' title='bbox 620 3754 730 3816; x_wconf 82' lang='lat' dir='ltr'><strong>Graece</strong></span> <span class='ocrx_word' id='word_1_202' title='bbox 746 3755 867 3816; x_wconf 86' lang='lat' dir='ltr'><strong>brerlua</strong></span> <span class='ocrx_word' id='word_1_203' title='bbox 881 3773 890 3816; x_wconf 75' lang='grc' dir='ltr'><strong><em>ε</em></strong></span> <span class='ocrx_word' id='word_1_204' title='bbox 900 3755 1063 3834; x_wconf 61' lang='lat' dir='ltr'><strong>mamati</strong></span> <span class='ocrx_word' id='word_1_205' title='bbox 1082 3755 1196 3816; x_wconf 74' lang='lat' dir='ltr'><strong>recretis</strong></span> <span class='ocrx_word' id='word_1_206' title='bbox 1218 3752 1399 3816; x_wconf 68' lang='lat' dir='ltr'><strong>deleam</strong></span> <span class='ocrx_word' id='word_1_207' title='bbox 1422 3761 1451 3816; x_wconf 82' lang='lat' dir='ltr'><strong>et</strong></span> <span class='ocrx_word' id='word_1_208' title='bbox 1467 3762 1651 3836; x_wconf 70' lang='lat' dir='ltr'><strong>qneetorwn</strong></span> <span class='ocrx_word' id='word_1_209' title='bbox 1663 3755 1927 3837; x_wconf 78' lang='lat' dir='ltr'><strong>maqirtrr&#39;rrparu·</strong></span> 
     </span>
     <span class='ocr_line' id='line_1_25' title="bbox 516 3857 1925 3944; baseline 0.004 -24"><span class='ocrx_word' id='word_1_210' title='bbox 516 3867 579 3922; x_wconf 83' lang='lat' dir='ltr'><strong>tem</strong></span> <span class='ocrx_word' id='word_1_211' title='bbox 592 3858 719 3940; x_wconf 69' lang='lat' dir='ltr'><strong>officim</strong></span> <span class='ocrx_word' id='word_1_212' title='bbox 730 3858 768 3922; x_wconf 80' lang='lat' dir='ltr'><strong>ab</strong></span> <span class='ocrx_word' id='word_1_213' title='bbox 780 3857 847 3922; x_wconf 78' lang='lat' dir='ltr'><strong>eliis</strong></span> <span class='ocrx_word' id='word_1_214' title='bbox 859 3859 1004 3937; x_wconf 69' lang='lat' dir='ltr'><strong>memte,</strong></span> <span class='ocrx_word' id='word_1_215' title='bbox 1019 3879 1093 3944; x_wconf 77' lang='lat' dir='ltr'><strong>qnae</strong></span> <span class='ocrx_word' id='word_1_216' title='bbox 1105 3869 1134 3924; x_wconf 85' lang='lat' dir='ltr'><strong>et</strong></span> <span class='ocrx_word' id='word_1_217' title='bbox 1146 3879 1269 3944; x_wconf 72' lang='lat' dir='ltr'><strong>querum</strong></span> <span class='ocrx_word' id='word_1_218' title='bbox 1281 3862 1342 3923; x_wconf 80' lang='lat' dir='ltr'><strong>rint</strong></span> <span class='ocrx_word' id='word_1_219' title='bbox 1352 3859 1600 3942; x_wconf 61' lang='lat' dir='ltr'><strong>admoueretur,</strong></span> <span class='ocrx_word' id='word_1_220' title='bbox 1615 3859 1777 3943; x_wconf 65' lang='lat' dir='ltr'><strong>enuere</strong></span> <span class='ocrx_word' id='word_1_221' title='bbox 1789 3865 1925 3926; x_wconf 74' lang='lat' dir='ltr'><strong>emere</strong></span> 
     </span>
     <span class='ocr_line' id='line_1_26' title="bbox 519 3965 930 4050; baseline 0.01 -21"><span class='ocrx_word' id='word_1_222' title='bbox 519 3969 594 4029; x_wconf 80' lang='lat' dir='ltr'><strong>tione</strong></span> <span class='ocrx_word' id='word_1_223' title='bbox 602 3969 754 4048; x_wconf 72' lang='lat' dir='ltr'><strong>praerecti</strong></span> <span class='ocrx_word' id='word_1_224' title='bbox 767 3965 930 4050; x_wconf 63' lang='lat' dir='ltr'><strong>definirem</strong></span> 
     </span>
    </p>

    <p class='ocr_par' dir='ltr' id='par_1_10' title="bbox 515 4073 1927 4268">
     <span class='ocr_line' id='line_1_27' title="bbox 556 4073 1927 4160; baseline 0 -24"><span class='ocrx_word' id='word_1_225' title='bbox 556 4074 593 4155; x_wconf 82' lang='lat' dir='ltr'><strong>(e)</strong></span> <span class='ocrx_word' id='word_1_226' title='bbox 620 4076 656 4137; x_wconf 93' lang='lat' dir='ltr'><strong>ln</strong></span> <span class='ocrx_word' id='word_1_227' title='bbox 670 4077 736 4138; x_wconf 87' lang='lat' dir='ltr'><strong>nod.</strong></span> <span class='ocrx_word' id='word_1_228' title='bbox 750 4085 828 4138; x_wconf 71' lang='lat' dir='ltr'><strong>tono</strong></span> <span class='ocrx_word' id='word_1_229' title='bbox 845 4077 940 4140; x_wconf 83' lang='lat' dir='ltr'><strong>:Item</strong></span> <span class='ocrx_word' id='word_1_230' title='bbox 966 4075 1000 4137; x_wconf 81' lang='lat' dir='ltr'><strong>de</strong></span> <span class='ocrx_word' id='word_1_231' title='bbox 1023 4075 1091 4139; x_wconf 75' lang='lat' dir='ltr'><strong>eltis</strong></span> <span class='ocrx_word' id='word_1_232' title='bbox 1111 4077 1163 4160; x_wconf 77' lang='lat' dir='ltr'><strong>qni</strong></span> <span class='ocrx_word' id='word_1_233' title='bbox 1177 4077 1255 4160; x_wconf 78' lang='lat' dir='ltr'><strong>(que)</strong></span> <span class='ocrx_word' id='word_1_234' title='bbox 1268 4095 1306 4139; x_wconf 80' lang='lat' dir='ltr'><strong>erc</strong></span> <span class='ocrx_word' id='word_1_235' title='bbox 1318 4073 1483 4159; x_wconf 78' lang='lat' dir='ltr'><strong>neesreqr&#39;ir</strong></span> <span class='ocrx_word' id='word_1_236' title='bbox 1501 4077 1580 4138; x_wconf 74' lang='lat' dir='ltr'><strong>cerie</strong></span> <span class='ocrx_word' id='word_1_237' title='bbox 1602 4083 1699 4138; x_wconf 71' lang='lat' dir='ltr'><strong>norm</strong></span> <span class='ocrx_word' id='word_1_238' title='bbox 1722 4073 1861 4138; x_wconf 62' lang='lat' dir='ltr'><strong>debente</strong></span> <span class='ocrx_word' id='word_1_239' title='bbox 1878 4077 1927 4136; x_wconf 79' lang='lat' dir='ltr'><strong>ie·</strong></span> 
     </span>
     <span class='ocr_line' id='line_1_28' title="bbox 515 4182 1927 4268; baseline 0.001 -24"><span class='ocrx_word' id='word_1_240' title='bbox 515 4183 675 4245; x_wconf 79' lang='lat' dir='ltr'><strong>tremittere</strong></span> <span class='ocrx_word' id='word_1_241' title='bbox 687 4201 716 4245; x_wconf 86' lang='lat' dir='ltr'><strong>rc</strong></span> <span class='ocrx_word' id='word_1_242' title='bbox 729 4182 880 4247; x_wconf 61' lang='lat' dir='ltr'><strong>demet.</strong></span> <span class='ocrx_word' id='word_1_243' title='bbox 895 4187 1006 4249; x_wconf 83' lang='lat' dir='ltr'><strong>Graece</strong></span> <span class='ocrx_word' id='word_1_244' title='bbox 1016 4191 1135 4248; x_wconf 83' lang='lat' dir='ltr'><strong>tantum</strong></span> <span class='ocrx_word' id='word_1_245' title='bbox 1148 4204 1157 4246; x_wconf 80' lang='lat' dir='ltr'><strong>r</strong></span> <span class='ocrx_word' id='word_1_246' title='bbox 1168 4188 1241 4248; x_wconf 83' lang='lat' dir='ltr'><strong>Item</strong></span> <span class='ocrx_word' id='word_1_247' title='bbox 1253 4185 1289 4248; x_wconf 81' lang='lat' dir='ltr'><strong>de</strong></span> <span class='ocrx_word' id='word_1_248' title='bbox 1300 4184 1385 4248; x_wconf 73' lang='lat' dir='ltr'><strong>retes</strong></span> <span class='ocrx_word' id='word_1_249' title='bbox 1396 4203 1470 4268; x_wconf 78' lang='lat' dir='ltr'><strong>quae</strong></span> <span class='ocrx_word' id='word_1_250' title='bbox 1483 4203 1521 4248; x_wconf 77' lang='lat' dir='ltr'><strong>en</strong></span> <span class='ocrx_word' id='word_1_251' title='bbox 1532 4183 1690 4266; x_wconf 73' lang='lat' dir='ltr'><strong>mfiupio</strong></span> <span class='ocrx_word' id='word_1_252' title='bbox 1702 4185 1800 4246; x_wconf 73' lang='lat' dir='ltr'><strong>neue</strong></span> <span class='ocrx_word' id='word_1_253' title='bbox 1812 4191 1927 4246; x_wconf 79' lang='lat' dir='ltr'><strong>nertmr</strong></span> 
     </span>
    </p>
   </div>
   <div class='ocr_carea' id='block_1_7' title="bbox 516 4291 721 4372">
    <p class='ocr_par' dir='ltr' id='par_1_11' title="bbox 516 4291 721 4372">
     <span class='ocr_line' id='line_1_29' title="bbox 516 4291 721 4372; baseline 0.005 -21"><span class='ocrx_word' id='word_1_254' title='bbox 516 4291 721 4372; x_wconf 75' lang='lat' dir='ltr'><strong>acquireretur.</strong></span> 
     </span>
    </p>
   </div>
   <div class='ocr_carea' id='block_1_8' title="bbox 514 4537 1924 4794">
    <p class='ocr_par' dir='ltr' id='par_1_12' title="bbox 514 4537 1924 4794">
     <span class='ocr_line' id='line_1_30' title="bbox 552 4537 1924 4620; baseline 0 -23"><span class='ocrx_word' id='word_1_255' title='bbox 552 4540 588 4616; x_wconf 85' lang='lat' dir='ltr'><strong>(t)</strong></span> <span class='ocrx_word' id='word_1_256' title='bbox 606 4543 642 4600; x_wconf 88' lang='lat' dir='ltr'><strong>ln·</strong></span> <span class='ocrx_word' id='word_1_257' title='bbox 654 4537 813 4616; x_wconf 88' lang='lat' dir='ltr'><strong>quibusdam</strong></span> <span class='ocrx_word' id='word_1_258' title='bbox 827 4541 988 4600; x_wconf 88' lang='lat' dir='ltr'><strong>editionibus</strong></span> <span class='ocrx_word' id='word_1_259' title='bbox 1001 4549 1030 4600; x_wconf 91' lang='lat' dir='ltr'><strong>et</strong></span> <span class='ocrx_word' id='word_1_260' title='bbox 1042 4543 1124 4600; x_wconf 89' lang='lat' dir='ltr'><strong>etiam</strong></span> <span class='ocrx_word' id='word_1_261' title='bbox 1144 4559 1189 4618; x_wconf 91' lang='lat' dir='ltr'><strong>ap.</strong></span> <span class='ocrx_word' id='word_1_262' title='bbox 1208 4541 1318 4601; x_wconf 80' lang='lat' dir='ltr'><strong>Cumani</strong></span> <span class='ocrx_word' id='word_1_263' title='bbox 1332 4543 1466 4620; x_wconf 75' lang='lat' dir='ltr'><strong>Fridcrieo</strong></span> <span class='ocrx_word' id='word_1_264' title='bbox 1484 4543 1636 4620; x_wconf 86' lang='lat' dir='ltr'><strong>imperatori</strong></span> <span class='ocrx_word' id='word_1_265' title='bbox 1647 4544 1742 4603; x_wconf 76' lang='lat' dir='ltr'><strong>titulum</strong></span> <span class='ocrx_word' id='word_1_266' title='bbox 1754 4543 1924 4602; x_wconf 77' lang='lat' dir='ltr'><strong>adscribitur,</strong></span> 
     </span>
     <span class='ocr_line' id='line_1_31' title="bbox 514 4638 1924 4717; baseline -0.001 -21"><span class='ocrx_word' id='word_1_267' title='bbox 514 4638 638 4697; x_wconf 79' lang='lat' dir='ltr'><strong>Codicum</strong></span> <span class='ocrx_word' id='word_1_268' title='bbox 657 4655 723 4699; x_wconf 81' lang='lat' dir='ltr'><strong>sero</strong></span> <span class='ocrx_word' id='word_1_269' title='bbox 737 4645 859 4699; x_wconf 88' lang='lat' dir='ltr'><strong>nestrum</strong></span> <span class='ocrx_word' id='word_1_270' title='bbox 878 4640 978 4713; x_wconf 73' lang='lat' dir='ltr'><strong>serub,</strong></span> <span class='ocrx_word' id='word_1_271' title='bbox 992 4641 1063 4700; x_wconf 89' lang='lat' dir='ltr'><strong>hanc</strong></span> <span class='ocrx_word' id='word_1_272' title='bbox 1082 4647 1111 4700; x_wconf 85' lang='lat' dir='ltr'><strong>st</strong></span> <span class='ocrx_word' id='word_1_273' title='bbox 1131 4647 1275 4717; x_wconf 87' lang='lat' dir='ltr'><strong>sequentes</strong></span> <span class='ocrx_word' id='word_1_274' title='bbox 1295 4642 1368 4716; x_wconf 82' lang='lat' dir='ltr'><strong>leges</strong></span> <span class='ocrx_word' id='word_1_275' title='bbox 1390 4641 1480 4716; x_wconf 87' lang='lat' dir='ltr'><strong>potins</strong></span> <span class='ocrx_word' id='word_1_276' title='bbox 1497 4659 1514 4701; x_wconf 88' lang='lat' dir='ltr'><strong>a</strong></span> <span class='ocrx_word' id='word_1_277' title='bbox 1531 4641 1674 4701; x_wconf 82' lang='lat' dir='ltr'><strong>Guillelmo</strong></span> <span class='ocrx_word' id='word_1_278' title='bbox 1686 4655 1826 4701; x_wconf 85' lang='lat' dir='ltr'><strong>emanasse</strong></span> <span class='ocrx_word' id='word_1_279' title='bbox 1849 4639 1924 4697; x_wconf 86' lang='lat' dir='ltr'><strong>arbi-</strong></span> 
     </span>
     <span class='ocr_line' id='line_1_32' title="bbox 515 4743 626 4794; baseline 0.018 -2"><span class='ocrx_word' id='word_1_280' title='bbox 515 4743 626 4794; x_wconf 86' lang='lat' dir='ltr'><strong>tramur.</strong></span> 
     </span>
    </p>
   </div>
   <div class='ocr_carea' id='block_1_9' title="bbox 0 0 2190 5909">
    <p class='ocr_par' dir='ltr' id='par_1_13' title="bbox 0 0 2190 5909">
     <span class='ocr_line' id='line_1_33' title="bbox 0 0 2190 5909; baseline 0 0"><span class='ocrx_word' id='word_1_281' title='bbox 0 0 2190 5909; x_wconf 95' lang='lat' dir='ltr'><strong> </strong></span> 
     </span>
    </p>
   </div>
  </div>
 </body>
</html>
