4372 5918
475 589 516 651 62
1004 583 1356 648 CONSTITU'I'ioNES

473 726 558 799 utile
592 741 698 817 qnam
728 717 959 792 necessarium
987 729 1206 815 reputantes,
1233 720 1359 794 nostris
1386 721 1687 796 constitutionibus
1716 721 1884 798 duximus

474 845 716 936 inserendum
738 864 826 938 quos
840 841 906 915 snb
922 841 983 915 tali
999 845 1131 918 cautela
1145 845 1306 918 volumus
1320 843 1472 918 ordinari
1489 853 1530 918 ut
1542 845 1681 919 nonnisi
1694 847 1883 921 examinati

474 993 536 1068 per
550 969 686 1065 judices
702 968 799 1042 curie
818 975 933 1040 nostre
955 974 991 1040 et
1008 989 1070 1064 per
1084 977 1235 1042 nostram
1251 969 1490 1044 celsitudinem
1510 969 1688 1066 approbati
1710 970 1747 1041 in
1761 970 1883 1044 eedem

474 1096 570 1170 curia
588 1103 705 1168 nostra
724 1090 875 1166 audeant
892 1091 1078 1187 postulare.
1100 1092 1221 1166 Coram
1233 1093 1428 1186 justitiariis
1451 1093 1607 1168 similiter
1620 1093 1803 1190 regionum
1824 1116 1883 1191 por

471 1219 608 1314 judices
624 1219 686 1315 qui
701 1219 752 1292 eis
772 1237 834 1312 pro
851 1225 1004 1312 tempore
1021 1215 1247 1306 assidebunt,
1266 1216 1479 1309 examinari,
1499 1226 1534 1292 et
1547 1237 1609 1314 per
1624 1216 1765 1293 eosdem
1781 1218 1882 1312 justi·

472 1345 591 1418 tiarios
606 1349 725 1439 postea
740 1339 923 1438 approbari
940 1339 1131 1413 debebunt.

854 1629 1055 1702 TITULUS
1084 1629 1289 1704 LXXXIV.
1318 1630 1381 1703 ΞΘ
1406 1628 1495 1726 (69).

812 1809 859 1877 De
874 1807 1071 1901 prestatione
1091 1809 1289 1880 sacramenti
1304 1810 1345 1882 od
1360 1808 1546 1880 odcocutis.

1022 2007 1114 2056 rnnrr
1138 2007 1336 2058 suuusrus.

525 2158 720 2234 Advocatos
745 2159 868 2232 tamin
895 2159 991 2232 ouria
1014 2168 1130 2232 nostra
1148 2182 1255 2255 quam
1274 2162 1376 2235 etiam
1402 2182 1517 2235 coram
1540 2158 1795 2256 provinciarum
1809 2157 1883 2249 jus·

478 2285 613 2358 titiariis
626 2293 661 2357 et
673 2283 800 2376 bajulis
813 2281 1013 2356 statuendos
1027 2304 1161 2357 necnon
1182 2293 1218 2356 et
1238 2306 1300 2381 per
1320 2293 1434 2380 partes
1455 2284 1610 2379 singulas
1631 2281 1729 2377 regni
1754 2279 1880 2370 nostri,

478 2419 558 2482 ante
574 2417 750 2504 receptum
771 2407 921 2480 officium
941 2409 1040 2482 tactis
1057 2408 1283 2482 sacrosanctis
1299 2408 1489 2504 evangeliis
1513 2407 1702 2504 corporalia
1723 2404 1885 2479 volumus

477 2541 690 2608 sacramenta
714 2541 867 2628 prestare
883 2557 891 2604 :
907 2532 1004 2628 quod
1024 2542 1139 2628 partes
1160 2554 1309 2628 quarum
1330 2532 1558 2628 patrocinium
1578 2529 1791 2628 susceperint
1804 2549 1883 2602 cum

477 2659 572 2731 omni
602 2655 672 2730 fide
694 2664 729 2728 et
753 2657 895 2730 veritate
910 2655 959 2754 (a)
977 2656 1053 2730 sine
1071 2657 1349 2752 tergiversatione
1367 2657 1484 2752 aliqua
1508 2655 1678 2749 adjuvare
1693 2653 1882 2744 curabunt,

479 2782 574 2878 ipsas
589 2781 635 2855 de
653 2781 742 2854 iacto
758 2800 828 2854 non
842 2781 1032 2874 instruent,
1049 2789 1168 2855 contra
1184 2803 1304 2856 veram
1321 2781 1563 2854 conscientiam
1582 2779 1776 2853 nullatenus
1799 2777 1886 2852 aile-

478 2908 623 3003 gnbunt
641 2914 676 2979 et
693 2904 789 3000 qnod
807 2925 929 2978 causas
946 2926 1015 2978 non
1033 2905 1199 3002 recipient
1215 2905 1425 3002 desperatas,
1445 2915 1480 2979 et
1496 2905 1628 3001 siquas
1644 2905 1730 2978 forte
1747 2921 1887 2998 recepe-

478 3031 548 3102 rint
565 3029 671 3124 pertis
689 3029 832 3102 sortasse
850 3028 1040 3102 mendaciis
1056 3030 1240 3122 coloratas,
1266 3050 1337 3124 que
1348 3030 1441 3122 juste
1455 3028 1523 3102 sibi
1536 3029 1573 3100 in
1589 3027 1756 3124 principio
1778 3025 1886 3101 vide·

478 3155 616 3244 bantur,
636 3160 671 3224 et
687 3152 725 3222 in
743 3173 905 3248 processu
919 3151 1045 3244 judicii
1063 3155 1119 3226 vel
1143 3153 1188 3226 de
1207 3155 1297 3226 iacto
1321 3153 1378 3226 vel
1398 3153 1443 3227 de
1463 3154 1543 3245 jure
1560 3159 1779 3247 compareant
1802 3148 1886 3244 ipsis

480 3278 625 3370 injuste,
645 3277 799 3372 ipsarum
825 3277 1052 3372 patrocinium
1070 3277 1295 3351 incontinenti
1317 3275 1507 3366 dimittent3
1528 3283 1640 3372 sprete
1658 3275 1765 3372 parti,
1784 3282 1887 3370 prout

480 3401 600 3496 priscis
617 3401 752 3495 legibus
776 3409 829 3473 est
847 3408 1034 3494 statutum,
1054 3400 1190 3474 licentia
1208 3399 1415 3475 convolandi
1438 3399 1486 3474 ad
1501 3399 1642 3473 almrius
1659 3397 1887 3494 patrocinium

481 3526 699 3621 deneganda.
720 3525 890 3598 Iurabnnt
908 3525 1012 3598 etiam
1035 3523 1131 3620 qnod
1156 3532 1381 3620 angmentum
1397 3523 1513 3598 salarii
1536 3523 1572 3596 in
1587 3541 1750 3620 processu
1763 3519 1888 3615 judicii

479 3671 549 3724 non
564 3650 741 3744 requirent
757 3669 822 3722 nec
840 3649 885 3723 de
900 3657 996 3744 parte
1011 3648 1081 3722 litis
1099 3648 1217 3722 ineant
1230 3648 1421 3744 pactionem
1437 3648 1533 3744 qnod
1550 3655 1800 3722 sacramentum
1818 3665 1888 3718 non

481 3782 614 3847 tantum
631 3773 737 3847 semel
754 3771 941 3868 prestitisse
963 3773 1122 3861 sufficiat,
1139 3772 1202 3846 sed
1219 3794 1334 3847 coram
1358 3773 1522 3868 magistro
1538 3771 1722 3865 justitiario
1741 3779 1776 3843 et
1785 3769 1888 3864 justi·

481 3897 588 3970 tiariis
605 3898 785 3992 regionum
802 3917 894 3970 anno
914 3895 1069 3991 quolibet
1089 3897 1317 3971 renovabunt.
1340 3898 1377 3972 Si
1404 3896 1484 3992 quis
1499 3904 1616 3970 eutem
1641 3894 1889 3968 advocatorum

482 4030 601 4094 contre
625 4020 815 4116 predictam
845 4021 988 4094 formam
1013 4029 1048 4094 et
1073 4031 1325 4096 sacramentum
1354 4020 1473 4094 venire
1496 4018 1678 4094 tentaverit
1710 4019 1746 4090 in
1772 4017 1888 4113 aliqua

482 4167 586 4219 causa
608 4124 719 4240 parva
733 4145 790 4218 vel
806 4167 951 4240 magna,
974 4144 1019 4219 ab
1038 4145 1151 4219 officio
1166 4167 1246 4219 cum
1264 4153 1430 4241 perpetue
1447 4144 1589 4218 iniamie
1613 4151 1694 4217 ncta
1717 4150 1886 4234 remotus,

482 4278 551 4342 tres
570 4269 675 4342 libras
699 4269 775 4342 auri
800 4269 977 4364 purissimi
1001 4267 1086 4344 fisco
1104 4269 1199 4344 curie
1224 4281 1339 4342 nostre
1357 4277 1551 4366 componat.
1576 4265 1732 4362 Denique
1749 4264 1890 4338 clericos

483 4395 519 4465 in
536 4393 753 4466 secularibus
771 4393 884 4465 causis
899 4402 933 4466 et
945 4392 1087 4486 judiciis
1102 4393 1264 4466 omnibus
1280 4401 1432 4489 prestare
1450 4391 1639 4489 patrocinia
1653 4389 1888 4485 prohibemus,

484 4525 702 4614 preterquam
719 4517 755 4588 in
778 4516 892 4589 causis
907 4519 980 4590 suis
1001 4518 1165 4614 propriis,
1187 4517 1520 4612 consanguineorum
1535 4517 1593 4590 vel
1616 4513 1790 4605 affinium;
1808 4513 1888 4586 item

528 4705 570 4788 (a)
591 4707 700 4770 Graeco
713 4705 758 4767 xci
773 4705 923 4786 δυνάμεως,
939 4703 1132 4789 olfactum,
1144 4705 1255 4768 scillcet
1266 4722 1320 4785 pro
1332 4706 1455 4770 viribus.
