4298 5906
523 565 583 626 tlt
967 553 1104 617 Notou
1129 554 1485 621 constitutiones

607 697 700 776 (Edit.
714 696 747 756 ln
759 691 843 754 Patri
855 688 890 752 dc
911 690 974 752 Vita
991 691 1542 774 Epirt.,llb.111,cap.LXV1,cum
1561 693 1619 756 bac
1639 694 1757 759 rubrica
1771 713 1780 756 r
1794 697 1938 780 Μαρίων

644 799 851 860 mortariorum
866 797 899 857 ia
912 792 1037 876 aputu,
1050 794 1088 858 dc
1100 797 1229 878 prowm
1240 799 1455 882 referentium.
1469 798 1544 862 cort.
1557 816 1625 862 cum
1638 801 1703 866 cod.
1721 803 1862 866 Blbllotb.
1876 806 1936 868 Pa-

646 902 810 986 rb.,sondt
821 903 1031 984 Nom-Dante,
1046 913 1081 965 n⁰
1095 903 1179 985 tot.)

573 1065 789 1150 Fridericus,
811 1073 877 1138 etc.
898 1065 948 1138 lle
966 1071 1025 1138 tua
1044 1061 1229 1158 fidelitate,
1249 1065 1436 1165 prudentie
1452 1074 1489 1140 et
1511 1063 1628 1139 studio
1650 1061 1881 1155 confidentes,
1902 1076 1938 1141 te

525 1191 737 1291 provisorem
755 1187 997 1263 massariarum
1014 1187 1109 1262 curie
1124 1197 1241 1266 nostre
1256 1171 1345 1266 infra
1360 1187 1564 1286 scriptorum
1576 1189 1729 1263 locorum
1741 1189 1889 1264 scilicet.
1902 1242 1935 1262 ..

527 1325 581 1392 et.
598 1369 607 1388 .
622 1369 632 1388 .
649 1313 817 1388 duximus
830 1309 1072 1402 statuendum
1088 1313 1149 1386 tibi
1166 1314 1384 1410 presentibus
1400 1313 1651 1387 committentes
1667 1310 1763 1408 quod
1775 1311 1939 1408 exemplo

526 1438 698 1537 quaterni,
718 1436 814 1532 quod
830 1436 931 1512 estin
949 1457 1088 1512 camera
1102 1423 1218 1514 nestra
1234 1437 1280 1514 de
1297 1437 1473 1514 massariis
1490 1437 1576 1534 ipsis
1588 1459 1652 1534 pro
1665 1437 1806 1512 sevitio
1821 1445 1939 1511 nostro

527 1573 665 1661 recepto
683 1559 753 1660 (a),
771 1584 793 1635 a
810 1572 963 1657 tempore
983 1582 1054 1657 quo
1072 1562 1162 1638 lacta
1180 1573 1262 1637 suut
1283 1561 1476 1638 inventaria
1493 1561 1528 1634 in
1549 1561 1680 1638 eisdem
1695 1583 1718 1637 a
1734 1571 1939 1658 procurato-

527 1690 626 1763 n'bus
644 1686 693 1784 (b)
710 1687 805 1760 curie
819 1695 935 1760 nostra
953 1687 989 1758 in
1004 1683 1132 1782 Apulia
1151 1687 1368 1782 presentibus
1380 1695 1415 1760 et
1432 1686 1577 1777 tuturis,
1593 1694 1629 1759 et
1644 1686 1805 1781 exemplo
1818 1705 1938 1759 eorum

528 1833 599 1909 que
617 1818 822 1906 receperunt
836 1818 871 1884 et
887 1809 1053 1904 recipient
1069 1808 1114 1882 de
1131 1810 1280 1903 eisdem,
1300 1810 1473 1898 dederant
1488 1819 1524 1884 et
1539 1808 1674 1884 dabant
1691 1810 1812 1901 etiam,
1836 1809 1940 1882 aunis

530 1937 689 2032 singulis,
701 1955 819 2010 mense
828 1934 976 2009 octobris
986 1935 1178 2029 annuatim,
1193 1934 1305 2011 donec
1319 1935 1486 2033 placuerit
1497 1933 1599 2008 nobis
1612 1934 1737 2012 durare
1745 1943 1939 2030 presentem

530 2059 805 2135 commissionem
831 2057 962 2132 exinde
978 2059 1042 2130 tibi
1065 2061 1201 2150 lacem,
1222 2061 1460 2135 instrumentis
1477 2059 1640 2134 conlectis
1657 2057 1703 2133 de
1719 2059 1940 2155 processibus

530 2184 751 2277 eorumdem,
770 2192 806 2256 et
830 2183 1030 2258 inventariis
1045 2185 1144 2258 factis
1158 2185 1348 2258 solenniter
1367 2185 1413 2260 de
1430 2184 1576 2280 singulis
1590 2183 1696 2258 rebus
1709 2183 1746 2255 in
1764 2183 1940 2257 massariis

531 2311 615 2408 ipsis
628 2331 670 2384 eo
685 2320 836 2404 tempore
853 2308 980 2382 habitis
995 2318 1031 2383 et
1044 2309 1206 2401 inventis,
1219 2318 1253 2384 et
1271 2307 1473 2383 inventarils
1490 2317 1526 2383 et
1538 2308 1716 2403 quaternis
1728 2306 1877 2382 redactis
1894 2307 1940 2380 ad

530 2441 681 2510 nostram
706 2435 837 2508 curiam
860 2433 1094 2522 destinandis,
1123 2434 1261 2510 videbis
1286 2445 1321 2508 et
1344 2431 1580 2508 considerabis
1601 2431 1638 2505 in
1664 2432 1794 2529 quibus
1819 2453 1941 2506 earum

531 2559 627 2633 curia
651 2567 765 2632 nostra
786 2568 1011 2653 augmentum
1037 2580 1100 2632 sea
1124 2559 1389 2634 diminutionem
1415 2558 1600 2654 receperit,
1625 2565 1665 2630 ut
1688 2557 1733 2632 de
1755 2566 1943 2650 augmento

530 2681 626 2780 quod
643 2681 839 2757 celsitudini
865 2691 980 2756 nostre
1005 2683 1108 2756 scribi
1135 2685 1315 2776 volumus,
1344 2681 1530 2774 cujuslibet
1552 2679 1732 2776 diligentia
1761 2699 1943 2752 commen-

531 2811 645 2885 detur.
664 2808 707 2880 ltt
727 2807 757 2880 si
775 2806 1039 2881 diminutionem
1062 2807 1236 2880 inveneris
1260 2808 1296 2879 in
1320 2805 1471 2897 eisdem,
1490 2803 1673 2899 indagabis
1695 2823 1804 2898 qnam
1825 2803 1943 2875 conti-

532 2934 643 3030 gerit,
665 2943 705 3006 nt
732 2932 794 3005 ubi
814 2933 900 3005 forte
922 2940 1019 3027 peste
1042 2929 1249 3006 adveniente
1273 2929 1452 3021 acciderit,
1471 2949 1635 3026 procures
1655 2927 1703 3001 ad
1725 2926 1763 3000 id
1787 2925 1943 3000 debitum

532 3067 568 3133 et
589 3055 751 3154 possibile
776 3055 968 3130 remedium
994 3054 1166 3129 adbiberi.
1197 3054 1299 3140 Quod
1324 3055 1355 3127 si
1378 3053 1642 3128 diminutionem
1667 3050 1816 3127 candem
1839 3051 1945 3147 culpa

534 3203 596 3256 seu
615 3181 821 3276 negligentia
841 3179 1016 3272 massarii,
1037 3180 1103 3276 qui-
1116 3189 1248 3276 preest,
1265 3179 1444 3276 reperieris
1469 3177 1674 3272 contigisse,
1698 3175 1839 3250 studeas
1862 3195 1944 3248 eum

534 3305 616 3380 inde
635 3305 842 3378 convincere
860 3325 976 3378 coram
998 3305 1074 3378 aliis
1098 3303 1271 3377 massariis
1289 3303 1497 3394 convicinis,
1513 3301 1635 3394 jndice
1657 3301 1744 3394 loci,
1771 3299 1832 3373 ubi
1851 3321 1944 3373 mas·

534 3431 625 3506 sama
660 3429 781 3520 suerit,
809 3429 840 3502 si
866 3427 1030 3520 babetur,
1056 3430 1112 3502 vel
1140 3427 1263 3523 judice
1289 3427 1398 3502 vicini
1425 3427 1527 3500 castri
1556 3447 1619 3500 seu
1647 3425 1714 3500 loci
1742 3425 1779 3498 in
1806 3424 1944 3499 delectu

534 3553 706 3653 predicto,
732 3533 901 3627 et'ooram
925 3553 1002 3626 aliis
1024 3553 1124 3626 bonis
1148 3551 1365 3644 bominibus,
1391 3559 1549 3648 presente
1575 3549 1752 3624 alterode
1772 3549 1946 3642 magistris

534 3675 812 3776 pmcuratoribus
835 3676 931 3749 curie
956 3685 1071 3749 nostre
1100 3677 1137 3750 in
1164 3675 1346 3773 provincia
1371 3675 1567 3749 constituto.
1595 3674 1633 3747 Si
1658 3673 1816 3769 ejusdem
1842 3675 1946 3772 culpe

534 3803 681 3900 qualitas
700 3800 860 3874 convinci
883 3799 1056 3874 massariis
1073 3797 1119 3898 (r)
1142 3821 1212 3874 nou
1235 3799 1360 3898 poterit
1379 3800 1415 3872 in
1434 3797 1616 3896 predictis,
1638 3797 1762 3874 videas
1781 3799 1887 3872 etiam
1910 3809 1946 3872 et

534 3925 715 4021 diligenter
740 3923 894 4020 inquiras
919 3923 965 3998 de
988 3924 1152 4020 qualitate
1175 3933 1210 3998 et
1234 3925 1427 4020 quantitate
1448 3923 1672 4016 famulorum,
1695 3945 1784 4020 quoe
1813 3923 1943 4018 singuli

535 4051 778 4125 messeniorum
800 4049 964 4139 retinent,
990 4070 1034 4122 ne
1052 4047 1297 4132 insufficientes
1317 4049 1484 4142 habeant,
1511 4049 1568 4123 vel
1590 4047 1764 4143 superllua
1786 4049 1946 4121 multitu·

536 4173 620 4250 dine
638 4173 876 4248 delectentur:
895 4173 997 4266 item,
1019 4173 1049 4247 si
1069 4182 1151 4246 sunt
1168 4173 1259 4248 bone
1277 4174 1388 4266 fame,
1410 4171 1530 4248 fideles
1553 4182 1588 4248 et
1605 4171 1741 4248 solliciti
1763 4171 1855 4246 circa
1871 4194 1944 4246 ser·

580 4367 622 4450 (a)
642 4351 679 4430 ln
704 4349 846 4446 impresso
865 4369 1008 4446 repetitur
1027 4349 1139 4448 recepto
1162 4365 1210 4430 hlc
1229 4348 1265 4429 et
1278 4373 1348 4430 ente
1360 4384 1465 4431 vocem
1478 4363 1617 4450 campio.
1632 4365 1690 4430 Sed
1703 4367 1798 4447 prima
1812 4367 1877 4429 viee
1890 4366 1945 4428 de·

538 4479 674 4666 'elddlsiu
686 4585 826 4662 impresso
836 4587 866 4642 et
878 4583 911 4642 ln
924 4581 1024 4643 codice
1031 4557 1293 4662 proutrotionibcc
1309 4581 1400 4644 male.

581 4689 619 4774 (c)
644 4691 693 4755 Slc
706 4693 739 4752 ln
751 4689 817 4753 cod.
834 4698 904 4752 tot.
917 4689 953 4752 ln
965 4691 1106 4769 impresso
1119 4690 1270 4766 amma,
1281 4691 1381 4752 mnus
1395 4695 1483 4754 reete.
