4372 5918
790 599 916 661 IlEGNl
943 599 1131 662 SICILIAE.
1616 597 1656 658 29

249 739 458 813 stitutionem
482 737 608 812 nostris
631 735 791 812 fidelibus
818 735 1103 832 promulgamus:
1125 743 1163 806 ut
1187 735 1217 808 si
1246 733 1482 808 commistores
1507 733 1655 807 inveniri

250 885 316 934 non
331 863 480 958 possint,
496 871 569 951 ant,
588 861 676 936 sicut
691 861 863 934 multoties
885 858 1023 946 accidit,
1040 880 1101 954 per
1115 858 1267 932 locorum
1283 859 1414 932 incolas
1426 858 1650 946 occultantur,

249 987 404 1062 homines
434 989 586 1062 locorum
612 987 784 1084 ipsorum,
800 985 836 1056 in
858 983 986 1078 quibus
1009 982 1176 1056 maleficia
1194 983 1462 1073 committuntur,
1483 982 1529 1055 ed
1555 981 1654 1055 dam·

249 1133 370 1185 norum
393 1111 642 1185 restitutionem
663 1109 795 1204 integre
818 1117 1040 1180 coerceantur
1057 1105 1128 1205 (u);
1145 1129 1215 1202 qua
1232 1107 1445 1180 restitutione
1466 1117 1536 1180 tam
1558 1107 1652 1196 illos,

248 1235 375 1329 quibus
393 1257 458 1332 pro
473 1235 597 1310 nostris
611 1235 759 1308 servitiis
773 1233 855 1306 tolia
869 1231 1069 1321 acciderint,
1085 1253 1191 1327 qnam
1207 1232 1369 1328 reliquos,
1386 1233 1513 1326 quibus
1531 1233 1598 1306 hoc
1610 1255 1656 1307 ex

249 1359 426 1434 inimicitie
457 1382 521 1434 seu
544 1359 661 1455 aliquo
690 1357 772 1432 odio
798 1356 968 1450 evenerit,
993 1367 1028 1429 et
1056 1356 1124 1428 Irui
1152 1357 1313 1430 volumus
1335 1367 1370 1429 et
1398 1355 1564 1452 gaudem.
1584 1359 1654 1432 Nec

249 1484 361 1556 miuus
391 1484 521 1558 ludeos
547 1493 582 1558 et
614 1483 719 1556 etiam
739 1483 949 1571 Saracenos,
969 1501 1056 1576 quos
1080 1480 1274 1554 christianis
1292 1479 1339 1578 (d)
1361 1489 1452 1554 secte
1472 1480 1656 1557 diversitas

250 1607 360 1682 reddit
384 1609 526 1682 inlectos
541 1607 707 1702 omanne
724 1607 792 1680 alio
807 1605 939 1680 auxilio
953 1603 1150 1694 destitutos,
1168 1605 1385 1700 protectionis
1400 1615 1514 1678 nostre
1533 1605 1579 1705 (c)
1593 1629 1654 1703 po-

252 1733 350 1804 tentia
371 1733 443 1827 pati
467 1753 537 1806 non
559 1751 743 1828 possumus
767 1729 978 1804 defraudari.
998 1728 1144 1803 Predicti
1160 1740 1276 1803 autem
1292 1729 1496 1804 clandestini
1521 1745 1555 1805 et
1571 1755 1653 1806 noc·

252 1856 339 1928 turni
357 1857 605 1945 malefactores,
624 1857 653 1928 si
668 1855 793 1952 inipso
814 1854 964 1928 iocinore
979 1853 1184 1950 deprehensi
1199 1855 1257 1927 vel
1280 1855 1378 1928 aliter
1397 1855 1548 1951 legidme
1570 1880 1653 1931 con·

253 1979 328 2051 victi
350 1979 491 2070 inerint,
507 1981 619 2074 capite
634 1978 821 2075 puniantur
838 1975 904 2074 (l).

626 2319 844 2392 'I'I'I'ULUS
873 2318 1058 2392 XXVIII.
1088 2319 1150 2390 AB
1170 2315 1265 2414 (32).

372 2497 423 2569 Ile
438 2495 617 2570 homicidiis
632 2505 665 2567 cl
682 2495 809 2567 morl
824 2495 1052 2582 clandestinis,
1072 2519 1211 2590 pncmm
1226 2507 1376 2570 oucwree
1391 2499 1532 2570 inueniri

800 2643 865 2693 aon
874 2631 1013 2715 possum
1026 2619 1088 2718 (d).

774 2823 870 2871 ron
900 2822 1117 2874 scultenna.

296 2975 326 3048 Si
355 2975 484 3050 demna
514 2975 729 3051 clandestino
758 2979 983 3074 patientibus,
1012 3000 1161 3076 quorum
1191 2987 1323 3053 actores
1347 2999 1409 3076 per
1432 2979 1652 3078 probati0nes

290 3178 325 3259 (a)
348 3180 384 3241 lu
414 3181 552 3244 omnibus
573 3189 604 3244 et
624 3200 674 3262 ap.
700 3182 823 3245 Curcum
846 3191 1012 3248 amantur.
1041 3185 1221 3265 complains
1238 3201 1277 3246 ex
1296 3183 1421 3247 Pecclrln
1437 3176 1468 3247 et
1488 3201 1526 3248 ex
1547 3202 1651 3266 graeco

255 3284 514 3368 πιρισφιγγίσθωσαν.

289 3391 325 3472 (l)
347 3395 408 3472 Ap.
423 3396 548 3458 Certent
561 3393 743 3458 cerulum.
756 3396 936 3477 Corrlglmus
945 3414 984 3458 ex
996 3397 1061 3459 cod.
1079 3407 1157 3460 torn
1170 3405 1250 3460 etex
1263 3413 1379 3478 graeco.

289 3498 322 3580 (c)
346 3501 476 3563 Additur
490 3503 521 3563 ln
536 3517 641 3581 graeco
654 3510 683 3566 et
694 3500 811 3566 mettis

288 3604 328 3687 (d)
349 3609 461 3671 Graece
473 3609 568 3670 multo
578 3609 698 3672 brevius
713 3631 722 3672 r
736 3611 780 3672 no
792 3608 942 3672 homicidio
953 3607 1141 3673 clandestioo.
1155 3611 1191 3674 In
1205 3611 1271 3675 cod.
1287 3619 1365 3674 ⁴6²4
1376 3611 1405 3674 A
1418 3629 1426 3672 ε
1439 3611 1482 3672 lle
1493 3609 1651 3674 lumleidiis

252 3709 317 3774 clem
329 3715 483 3776 mortedi
497 3722 525 3777 et
537 3714 664 3798 qualiter
675 3717 890 3799 invaderetur.

281 3949 313 4024 (t)
332 3951 453 4026 Exempli
469 3969 550 4012 causa
564 3955 720 4012 mandatum
731 3955 900 4030 imperatoris
913 3953 1043 4024 addimus,
1053 3954 1126 4027 quod
1137 3955 1207 4013 inter
1219 3953 1346 4029 epistolas
1357 3955 1428 4013 Petri
1441 3956 1476 4014 de
1486 3956 1577 4016 lliueis
1588 3975 1650 4017 cunr

249 4045 295 4104 hoc
314 4048 390 4108 titulo
404 4067 412 4106 :
428 4051 567 4120 «Eidem,
582 4059 614 4109 ut
634 4053 685 4127 fiet
704 4055 849 4128 inquisitio
871 4053 903 4110 de
923 4051 1102 4112 clandestiois
1121 4052 1249 4122 domme,
1265 4051 1356 4112 illudit
1375 4052 1488 4112 cnidum
1510 4055 1610 4116 viduus
1623 4078 1648 4128 s,

249 4142 366 4203 inseritur
384 4147 447 4221 (lib.
462 4149 655 4224 v,c.1.x1v).
670 4150 851 4221 Quaedamiu
871 4151 922 4208 hoc
941 4151 1067 4208 mandato
1089 4167 1122 4210 ex
1143 4151 1234 4210 codice
1248 4150 1452 4212 Goellerbitanc
1464 4156 1647 4214 correxImns:

250 4241 414 4312 «Querulum
424 4247 455 4303 ll.
470 4247 551 4305 vidue
563 4247 683 4307 mollenis
701 4249 736 4306 de
758 4249 868 4324 nappe,
888 4249 974 4306 fidelis
994 4255 1097 4319 nostre,
1116 4250 1282 4324 recepimus,
1295 4252 1476 4310 continentem
1496 4254 1567 4327 qnod
1588 4254 1650 4328 qni·

252 4340 334 4398 »dan
344 4343 544 4416 malelactores,
556 4345 592 4403 ad
605 4345 702 4404 damna
714 4345 879 4404 clandestina
893 4347 1024 4422 Intrepide
1039 4348 1165 4418 animati,
1178 4365 1209 4406 cn
1225 4349 1336 4407 absente
1350 4355 1379 4407 et
1394 4365 1444 4424 pro
1462 4352 1520 4410 suis
1531 4353 1649 4426 negooiIs

251 4438 299 4494 »in
311 4441 385 4499 cuna
399 4449 490 4501 nostra
503 4449 684 4502 commorante
694 4486 701 4514 ,
714 4444 846 4518 quandam
858 4461 935 4502 suum
947 4445 1073 4516 vineam,
1092 4463 1154 4504 cnm
1165 4447 1307 4506 arboribus
1320 4449 1348 4506 in
1364 4447 1466 4507 declivo
1476 4450 1569 4521 sitam,
1580 4467 1649 4509 ausu

251 4540 412 4598 “eruendo
429 4541 590 4599 inciderunt
613 4542 741 4600 Nolentcs
758 4543 839 4616 Igitur
856 4549 887 4599 ut
903 4549 1015 4618 propter
1034 4544 1219 4618 impunitatem
1238 4561 1396 4604 excessuum
1417 4553 1520 4606 crescet
1536 4547 1650 4607 audacia

252 4649 264 4682 ι
278 4633 455 4710 deliuquendi,
469 4638 590 4698 fidelitati
605 4646 649 4698 tue
663 4640 832 4716 precipiendo
846 4642 1004 4700 mandamns
1017 4659 1025 4698 ε
1039 4648 1172 4716 qualemn
1196 4651 1291 4702 contra
1315 4643 1497 4702 malefactores
1522 4645 1629 4704 eosdem
1645 4688 1653 4719 ,

252 4747 264 4779 r
278 4731 308 4788 ad
319 4750 387 4808 ques
397 4735 571 4796 inveniendos
582 4753 690 4796 omnem
704 4754 785 4812 quam
798 4739 897 4813 poteris
911 4745 938 4796 te
952 4739 1074 4798 volumus
1088 4741 1216 4801 adhibere
1229 4741 1437 4814 solicitudinem,
1451 4742 1647 4818 mquisitionem
