4288 5912
527 549 590 614 tea
1029 545 1242 610 uetustate!
1265 545 1441 609 suctum
1754 547 1836 628 [lim.
1854 547 1940 612 tata

531 694 611 784 post
626 683 759 757 labores
778 681 982 780 multiplices
1006 692 1153 778 utraque
1175 704 1255 779 pars
1278 681 1314 754 in
1337 679 1529 756 cardinales
1544 678 1685 756 eosdem
1702 681 1856 758 Ecclesia
1871 685 1943 758 lio-

532 831 633 884 mane
650 808 790 882 nomine
811 807 1034 905 solempniter
1052 805 1295 904 compromisit.
1314 845 1361 860 -
1378 805 1500 880 Forma
1519 825 1604 880 vero
1625 807 1863 902 compromissi
1880 808 1944 882 bec

532 945 585 1010 est
602 961 611 1006 ε
630 933 820 1008 innomine
834 933 984 1008 Domini.
1006 935 1130 1008 Amen.
1152 930 1322 1032 [Sequitur
1337 931 1378 1004 da
1394 931 1489 1003 verbo
1504 929 1551 1002 ad
1564 932 1720 1020 verbam,
1740 934 1826 1006 aino
1840 955 1944 1027 ntprn

532 1081 567 1156 p.
585 1057 675 1151 3l8,
701 1081 803 1153 sopita
820 1060 867 1131 ad
889 1057 925 1132 in
941 1081 1004 1132 sua
1023 1079 1159 1153 semper
1176 1065 1339 1130 maneant
1356 1053 1529 1128 firmitate.
1547 1055 1621 1148 ligo
1638 1057 1801 1151 magmter
1815 1057 1942 1132 Rolan-

530 1183 635 1260 dinns
650 1181 695 1256 de
710 1181 828 1257 Padoa
843 1182 1029 1278 imperialis
1042 1181 1228 1276 majestatis
1244 1179 1416 1271 notarius,
1437 1175 1521 1277 etc]
1539 1179 1821 1254 Procuratoribus
1838 1180 1944 1276 igitur

531 1308 682 1406 partium
704 1317 843 1403 propter
865 1306 984 1380 hocin
1012 1317 1128 1382 nostra
1151 1305 1324 1403 presentia
1342 1303 1552 1395 constitutis,
1572 1324 1620 1378 ex
1637 1313 1733 1400 parta
1750 1313 1811 1379 tna
1827 1303 1944 1379 extitit

530 1431 746 1530 propositum
763 1451 877 1504 coram
895 1429 995 1504 nobis
1012 1429 1106 1526 qnod
1127 1439 1162 1503 te
1180 1429 1326 1504 societas
1346 1427 1570 1519 lombardie,
1593 1427 1744 1502 biarchis
1759 1450 1801 1502 ac
1817 1429 1943 1503 lioma·

531 1556 622 1630 niols
647 1555 850 1652 gravissime
870 1553 1085 1645 offendisset,
1111 1575 1173 1651 pro
1191 1573 1233 1628 eo
1249 1553 1413 1627 videlicet
1437 1551 1535 1649 qnod
1560 1552 1691 1626 coriam
1719 1562 1813 1628 tuam
1835 1575 1943 1650 qnam

529 1679 695 1754 Ravenna
721 1677 897 1752 indixeras
923 1699 988 1776 pro
1013 1679 1116 1752 Teme
1139 1679 1264 1752 Sancte
1282 1699 1468 1770 succursu,
1497 1676 1723 1772 dispositione
1749 1677 1883 1774 imperii
1908 1689 1944 1752 et

532 1803 743 1901 quibusdam
760 1803 962 1877 necessariis
981 1812 1016 1876 et
1036 1803 1188 1876 honestis
1205 1803 1282 1877 aliis
1295 1801 1495 1900 impedivit,
1513 1821 1583 1876 non
1599 1802 1829 1899 permittendo
1844 1802 1891 1878 ad
1908 1815 1943 1878 te

532 1928 643 2002 lilium
658 1937 757 2000 tunm
770 1937 804 2001 et
818 1927 989 2024 principes
1001 1926 1204 2002 Alemannis
1220 1948 1283 2024 per
1295 1927 1371 2000 vias
1388 1949 1451 2000 sen
1464 1935 1588 2000 stratas
1599 1927 1792 2023 imperiales
1807 1928 1940 2002 venire.

532 2053 816 2128 procuratoribus
839 2051 1012 2125 societatis
1036 2052 1193 2146 ejusdem
1214 2074 1236 2126 e
1260 2051 1431 2126 contrario
1454 2051 1724 2149 proponentibus
1744 2051 1944 2128 societatem

532 2178 643 2276 ipsam
670 2177 783 2250 nullas
805 2176 867 2249 tibi
887 2177 1035 2250 offensas
1057 2177 1242 2270 nullasque
1260 2175 1403 2270 injurias
1429 2175 1604 2268 intulisse,
1628 2174 1691 2250 sed
1713 2176 1744 2249 si
1761 2199 1832 2271 qna
1851 2179 1945 2252 lece-

534 2312 632 2391 rnnt,
653 2301 818 2376 dicebant
831 2322 873 2374 aa
888 2301 933 2374 ob
948 2301 1119 2398 propriam
1133 2301 1368 2376 defensionem
1380 2301 1513 2375 fecisse.
1529 2301 1600 2374 Nos
1615 2301 1733 2396 itaque
1744 2301 1813 2374 hiis
1824 2309 1859 2373 et
1868 2300 1946 2373 aliis

534 2449 603 2521 que
620 2427 759 2500 inerunt
774 2426 856 2498 binc
878 2423 961 2498 inde
980 2425 1156 2522 proposita
1172 2425 1310 2523 plenius
1322 2425 1515 2516 intellectis,
1530 2425 1782 2499 communicato
1800 2425 1945 2498 onunm

537 2563 728 2626 nostrorum
748 2551 907 2638 oonsilio,
934 2549 980 2624 de
993 2551 1210 2648 providentia
1228 2551 1278 2624 sic
1291 2549 1459 2623 duximus
1477 2549 1710 2624 ordinandum
1730 2559 1769 2622 nt
1781 2549 1947 2622 videlicet

536 2691 573 2752 tu
593 2689 652 2750 tuo
670 2687 704 2750 et
723 2675 785 2748 lilii
802 2677 852 2748 tui
871 2698 913 2750 ac
929 2676 1065 2772 imperii
1085 2675 1223 2750 nomine
1237 2675 1305 2748 biis
1322 2675 1384 2771 qni
1401 2685 1483 2747 sunt
1497 2673 1543 2748 de
1559 2674 1721 2749 societate
1738 2673 1894 2771 predicta
1912 2682 1948 2749 st

536 2799 776 2874 universaliter
791 2801 937 2894 singolis
955 2809 990 2874 et
1007 2799 1227 2893 singulariter
1243 2799 1414 2872 universis
1430 2799 1609 2874 civitatum
1625 2808 1661 2872 et
1674 2799 1841 2894 locorum,
1856 2820 1946 2893 quo-

536 2947 613 2999 rnm
628 2925 767 3000 nomina
786 2925 821 2997 in
839 2925 1084 3021 compromisso
1103 2925 1296 3022 specialiter
1313 2936 1392 2998 sunt
1410 2946 1575 3022 expressa
1590 2935 1626 2998 et
1640 2925 1702 3020 qni
1721 2936 1836 3016 postea
1857 2925 1949 3000 inira

537 3059 672 3145 tempus
685 3050 813 3124 ibidem
826 3049 1003 3146 provisum
1017 3070 1055 3122 se
1066 3071 1127 3146 per
1139 3050 1251 3124 simile
1263 3053 1546 3145 compromissum
1565 3059 1681 3124 nosbo
1694 3049 1837 3124 arbitrio
1851 3071 1948 3124 oom-

539 3173 724 3262 misernnt,
743 3172 898 3246 remittas
912 3193 1049 3246 omnem
1064 3193 1259 3264 rancorem,
1273 3173 1559 3266 malivolentiam,
1576 3173 1719 3266 injuriae
1730 3183 1765 3246 et
1779 3172 1946 3266 ollensas3

539 3297 655 3370 omnia
675 3317 815 3392 qnoque
838 3296 969 3388 banna,
990 3298 1267 3388 constitutiones,
1290 3297 1476 3372 sententias
1493 3307 1529 3370 et
1548 3296 1786 3372 ordinamenta
1798 3318 1869 3392 qne
1885 3319 1948 3372 oc·

541 3422 680 3494 casione
691 3421 796 3514 hujus
812 3421 984 3496 discordie
1002 3422 1110 3496 iecisti
1126 3423 1183 3496 vel
1198 3423 1390 3520 imposuisti
1406 3443 1468 3519 per
1481 3433 1516 3496 te
1533 3423 1588 3496 vel
1602 3423 1793 3518 paralium,
1814 3423 1949 3498 aliusve

538 3568 601 3644 pro
626 3557 660 3620 te
676 3546 829 3620 societati
847 3547 902 3620 vel
922 3547 1026 3620 alicui
1045 3547 1091 3620 de
1104 3547 1265 3622 societate
1278 3547 1459 3642 jamdicta,
1479 3547 1692 3640 civitatibus,
1717 3548 1801 3622 locis
1822 3557 1858 3622 ct
1870 3569 1949 3645 per·

539 3671 636 3745 sonis
653 3669 698 3744 de
714 3669 788 3766 ipsa
807 3670 969 3744 societate
986 3683 1021 3744 et
1034 3693 1253 3766 quecumque
1269 3694 1316 3746 ex
1330 3673 1381 3746 eis
1394 3673 1450 3748 vcl
1465 3673 1512 3746 ob
1525 3695 1568 3748 ea
1583 3681 1701 3748 secuta
1716 3681 1798 3746 sunt
1809 3673 1950 3769 penitus

540 3817 694 3888 revoces,
715 3795 896 3870 universos
913 3805 947 3868 et
964 3796 1117 3892 singulos
1133 3797 1194 3892 qui
1208 3798 1389 3872 occasione
1406 3798 1553 3892 alicujus
1567 3796 1798 3894 predictorum
1813 3798 1876 3872 lesi
1893 3797 1949 3869 vi·

540 3919 678 4010 dentur,
698 3919 881 3992 restituens
898 3919 934 3992 in
948 3919 1118 4014 integrum
1135 3920 1171 3993 in
1187 3921 1350 3994 omnibus
1372 3931 1407 3996 et
1431 3943 1493 4018 per
1510 3921 1625 3994 omnia
1643 3941 1708 3995 suo
1727 3921 1831 3994 statui
1844 3931 1950 4016 atque

542 4046 647 4134 lame,
675 4043 879 4118 remittendo
905 4044 1150 4117 nichilominus
1172 4043 1348 4118 infamiam
1372 4067 1511 4119 omnem
1531 4057 1566 4120 et
1588 4067 1713 4142 penam
1741 4065 1811 4140 qne
1832 4053 1950 4120 secute

541 4177 622 4240 sunt
634 4188 681 4242 ex
694 4167 811 4262 aliquo
830 4168 1093 4264 premissorum
1113 4168 1160 4242 ita
1173 4167 1270 4264 quod
1286 4189 1327 4242 ea
1344 4191 1414 4264 que
1429 4169 1544 4244 medio
1557 4179 1711 4267 tempore
1724 4191 1786 4267 per
1799 4191 1860 4244 eos
1874 4178 1951 4244 acta

542 4301 640 4378 sunt,
662 4311 731 4364 non
746 4291 963 4364 obstantibus
977 4313 1016 4366 su
1022 4291 1204 4389 predictis,
1215 4383 1218 4408 ¹
1229 4293 1336 4366 robur
1352 4294 1530 4370 obtineant
1546 4293 1642 4390 qnod
1657 4295 1743 4368 alias
1758 4293 1951 4368 debuerant

542 4414 709 4488 obtinere.
730 4413 785 4486 Ad
800 4413 865 4488 bec
884 4415 1062 4508 civitates,
1079 4416 1154 4490 loca
1166 4425 1202 4490 et
1215 4437 1379 4513 personas
1397 4417 1442 4492 de
1465 4417 1542 4514 ipsa
1561 4417 1725 4492 meson
1742 4417 1778 4490 in
1793 4437 1951 4513 compro·

543 4537 648 4610 misso
665 4545 845 4610 contentas
861 4537 898 4609 in
920 4538 1171 4636 planitudinem
1188 4540 1297 4635 gratie
1319 4549 1378 4616 tue
1398 4542 1601 4638 recipisset
1621 4541 1674 4614 eis
1695 4541 1803 4616 iacias
1818 4539 1952 4614 firmam

543 4683 685 4758 paoem,
711 4661 905 4759 specialiter
931 4663 1038 4736 nobili
1063 4665 1202 4740 viro...
1230 4665 1419 4739 marchioni
1446 4665 1706 4760 Montisierrati,
1736 4664 1950 4758 Mediolano,
