4298 5906
530 580 592 642 220
981 577 1119 640 NOUAE
1143 573 1499 638 cottsrtrttrrotltts

534 725 650 790 nostra
676 713 911 788 munificentia
939 715 1058 792 datum
1085 714 1204 806 luerit,
1228 722 1290 786 eut
1312 719 1432 808 portus
1457 710 1583 806 aliquis
1606 712 1666 808 qui
1693 723 1831 808 apertus
1852 726 1942 808 erat,
1994 808 1999 822 ι

532 863 612 912 cum
631 841 806 914 concessio
824 841 915 913 lacta
937 841 1019 930 luit,
1040 839 1086 914 de
1107 839 1273 914 mandato
1290 845 1409 912 nostro
1426 837 1484 910 vel
1501 837 1619 932 aliquo
1639 838 1844 920 turbationis
1861 861 1944 914 casu

530 967 592 1060 qui
611 965 831 1062 premeditari
850 986 919 1038 non
940 965 1107 1061 potnerit,
1130 965 1240 1036 luctus
1258 973 1311 1036 est
1333 963 1490 1052 clausus,
1515 983 1579 1057 pro
1601 970 1674 1034 ruta
1696 964 1944 1062 temporisque

530 1101 646 1165 nostra
666 1091 842 1164 concessio
864 1091 920 1164 vel
939 1100 1057 1188 portus
1078 1090 1210 1164 clansio
1233 1091 1322 1162 lacta
1347 1087 1463 1178 luerit,
1479 1099 1727 1186 excomputum
1749 1093 1862 1168 lacere
1882 1092 1945 1167 de·

530 1216 656 1308 beatis;
677 1216 901 1311 proventibus
918 1215 1122 1290 donatarum
1138 1236 1253 1288 rerum
1272 1224 1307 1287 et
1327 1223 1490 1310 portuum
1509 1213 1702 1288 clausorum
1720 1217 1782 1312 qni
1799 1217 1846 1292 ad
1864 1239 1940 1310 eoo,

528 1341 558 1412 si
579 1363 635 1414 res
656 1341 782 1414 donate
805 1349 840 1412 et
859 1349 979 1436 portus
1002 1340 1110 1413 clausi
1128 1338 1179 1436 (a)
1197 1361 1265 1413 non
1284 1348 1417 1430 essent,
1444 1359 1507 1434 pro
1528 1349 1602 1412 rata
1625 1341 1789 1437 temporis
1816 1363 1942 1438 prove·

527 1466 670 1550 nissam,
692 1463 837 1538 fideliter
852 1466 1028 1538 extimatis
1047 1462 1095 1563 [et
1112 1465 1175 1554 ita]
1195 1463 1390 1558 dilligenter
1405 1465 1556 1560 pensatis
1570 1465 1665 1560 quod
1685 1465 1722 1537 in
1738 1465 1940 1560 hujusmodi

526 1589 756 1663 extimaoione
770 1600 885 1664 nostra
899 1590 996 1663 curia
1014 1611 1082 1662 non
1096 1585 1287 1662 fraudetur.

574 1714 625 1786 De
642 1713 806 1809 apodixis
822 1735 892 1810 que
908 1715 1134 1788 inveniuntur
1150 1713 1187 1784 in
1202 1713 1379 1807 quaternis
1392 1721 1547 1786 veterum
1564 1713 1737 1786 rationum
1753 1715 1883 1812 posite,
1904 1716 1941 1789 in

526 1857 696 1932 suspenso
712 1838 764 1910 sic
780 1859 845 1911 vos
868 1847 984 1912 tenere
1006 1839 1169 1910 volumus
1189 1847 1228 1909 nt
1244 1836 1274 1909 si
1297 1836 1334 1908 in
1352 1835 1403 1910 eis
1422 1837 1517 1928 justa
1540 1857 1648 1910 causa
1669 1838 1877 1934 suspicionis
1895 1839 1940 1936 (b)

525 1971 578 2034 est
593 1962 719 2056 posita,
737 1982 797 2034 eas
816 1984 879 2057 pro
897 1962 1132 2036 inefficacibus
1153 1961 1323 2036 habentis.
1344 1961 1379 2032 Si
1398 1981 1481 2034 vero
1499 1961 1594 2034 nulla
1609 1983 1713 2034 causa
1738 1971 1878 2036 notatur
1904 1965 1940 2036 in

526 2085 590 2176 eis,
610 2095 644 2157 at
663 2105 726 2159 vos
741 2087 881 2181 potestis
894 2097 956 2159 aut
971 2108 1033 2182 per
1050 2107 1110 2159 eos
1128 2085 1190 2181 qui
1206 2085 1355 2158 rationes
1371 2083 1572 2178 hujusmodi
1593 2096 1797 2181 receperunt
1812 2097 1876 2158 ant
1892 2107 1940 2160 ex

525 2221 641 2282 vestro
655 2209 794 2305 ingenio
812 2231 951 2284 causam
969 2211 1005 2282 in
1025 2211 1076 2284 eis
1092 2207 1383 2307 comprehendere
1400 2229 1510 2303 quare
1527 2208 1677 2282 debeam
1696 2231 1766 2284 non
1784 2208 1936 2302 admitti,

525 2356 594 2408 non
610 2334 809 2409 admittatis.
827 2335 862 2409 Si
880 2357 964 2410 vero
984 2337 1174 2412 autminus
1188 2337 1317 2429 justam
1335 2345 1396 2408 aut
1412 2335 1528 2414 minus
1540 2333 1778 2409 rationabilem
1795 2357 1937 2410 causam

522 2469 676 2532 notatam
692 2459 729 2531 in
747 2459 798 2533 eis
815 2469 876 2532 aut
891 2482 954 2534 vos
972 2460 1108 2553 dejure
1127 2481 1187 2534 eas
1205 2481 1274 2534 non
1291 2459 1447 2534 videritis
1465 2457 1744 2554 suspendendas,
1761 2459 1855 2556 ipsas
1871 2482 1936 2535 vos

520 2583 682 2656 volumus
699 2595 912 2681 computare,
932 2595 967 2660 et
983 2586 1014 2658 si
1029 2607 1134 2682 super
1150 2584 1218 2657 biis
1232 2585 1319 2658 forte
1333 2584 1481 2658 dubium
1496 2583 1598 2658 vobis
1610 2583 1802 2676 emerserit,
1819 2597 1937 2660 nostre

518 2707 722 2782 excellentie
736 2711 903 2784 referatis.

566 2833 616 2906 De
634 2834 798 2929 expensis
815 2845 931 2908 autem
950 2856 1020 2930 qne
1038 2857 1100 2932 per
1119 2835 1282 2909 officiales
1297 2844 1432 2908 nostros
1447 2853 1668 2930 quocumque
1693 2843 1846 2931 tempore
1868 2857 1935 2931 pro

513 2941 637 3030 nostris
653 2957 804 3034 servitiis
827 2961 917 3034 lacte
937 2961 1081 3053 luerint,
1102 2959 1148 3033 de
1171 2959 1301 3055 quibus
1323 2959 1491 3034 iaciendis
1512 2961 1570 3033 vel
1587 2958 1752 3034 mandata
1769 2981 1839 3034 non
1867 2959 1934 3035 ba·

510 3079 649 3154 buerint
665 3083 723 3156 vel
741 3081 913 3180 apodixas
933 3083 1049 3156 minus
1068 3085 1264 3180 solempnes
1282 3084 1520 3173 ostenderunt,
1541 3084 1703 3157 volumus
1723 3083 1868 3179 quodsi
1889 3085 1932 3156 li·

512 3203 621 3300 quide
634 3206 737 3280 vobis
754 3209 943 3282 constiterit
955 3229 1126 3304 expensas
1144 3209 1268 3282 nostrie
1286 3209 1437 3282 servitiis
1453 3209 1644 3282 necessarie
1659 3219 1695 3282 et
1711 3209 1838 3282 utiliter
1853 3229 1932 3283 esse

512 3331 637 3423 lactas,
659 3331 741 3407 licet
760 3333 848 3407 torte
866 3335 955 3408 lacte
976 3335 1103 3408 luerint
1121 3336 1196 3408 sine
1212 3334 1375 3408 mandato
1393 3335 1450 3408 vel
1467 3333 1619 3431 apodixe
1636 3357 1707 3430 que
1722 3334 1853 3408 exinde
1874 3355 1934 3408 os-

512 3451 704 3529 tenduntnr
724 3457 858 3553 aliquid
876 3459 993 3533 minus
1009 3460 1162 3533 habeant
1180 3459 1226 3534 de
1238 3459 1477 3556 solempnitate
1493 3481 1564 3554 qne
1578 3459 1615 3532 in
1629 3459 1793 3556 apodixis
1812 3461 1931 3554 requi·

512 3577 599 3652 ritur
611 3578 657 3676 (o)
673 3581 854 3671 iaciendis,
874 3583 1025 3657 debeant
1039 3583 1091 3656 eis
1104 3582 1347 3656 nichilominus
1360 3584 1564 3680 computari.

560 3703 610 3775 lle
630 3703 792 3799 apodixis
811 3727 899 3800 quas
914 3707 1075 3782 officiales
1099 3729 1169 3781 non
1188 3708 1381 3803 assignatas
1399 3729 1514 3784 coram
1540 3709 1616 3782 aliis
1632 3707 1857 3782 rationalibus
1870 3707 1930 3807 (d)

513 3846 629 3899 coram
653 3828 782 3924 quibus
802 3832 951 3906 rationes
977 3841 1165 3928 posuerunt
1185 3833 1374 3926 hactenus,
1404 3833 1533 3907 babere
1556 3854 1595 3906 se
1620 3833 1757 3926 dicant,
1774 3832 1881 3930 recipi
1906 3855 1928 3908 a

511 3951 612 4024 vobis
633 3974 698 4049 pro
719 3953 839 4029 videre
855 3977 919 4030 voe
941 3957 1119 4047 volumus,
1141 3966 1176 4031 et
1196 3957 1227 4031 si
1250 3980 1311 4055 per
1325 3959 1509 4032 rationales
1533 3959 1662 4054 primos
1685 3955 1732 4054 (e)
1755 3979 1927 4032 summam

512 4073 642 4149 residui
663 4077 862 4155 inveneritis
879 4103 955 4157 esse
981 4083 1125 4168 luctam,
1150 4103 1230 4156 cum
1251 4105 1312 4179 per
1332 4083 1399 4156 hoc
1422 4083 1584 4156 videatur
1603 4083 1640 4156 in
1662 4084 1794 4156 ratione
1817 4083 1927 4158 luisse

550 4288 594 4372 (a)
616 4293 653 4354 In
666 4294 730 4356 eod
741 4293 847 4360 ahma.

522 4473 526 4480 Ι
548 4397 591 4480 (d)
612 4401 668 4462 illc
682 4403 715 4462 ln
727 4408 844 4468 textum
858 4405 969 4470 codlcls
980 4409 1096 4488 lrrepslt
1109 4409 1273 4491 glossema,
1285 4411 1396 4473 solllcet
1408 4407 1484 4472 aeas
1496 4413 1701 4492 ucpcueonu.

548 4503 586 4587 (a)
613 4508 651 4568 In
662 4509 731 4571 cod.
744 4513 946 4593 requiruntur.

548 4613 593 4696 (d)
614 4617 651 4676 In
664 4619 727 4680 cod
743 4618 979 4698 racionabilibus,
994 4625 1082 4688 mele.

547 4721 586 4804 (a)
613 4725 648 4787 ln
661 4727 726 4790 cod.
737 4729 848 4810 μήπω.
