4320 5918
286 589 385 648 lauret.
404 587 447 665 s]
734 583 931 644 tttstotttd
955 583 1247 648 memnones.
1634 588 1692 651 tot

285 718 490 831 provisioni
513 729 558 802 'et
590 717 852 827 compositioni
883 717 1071 802 Ecclesiae
1102 719 1271 828 praecise
1301 720 1559 829 commisisse3
1593 722 1696 805 unde

282 854 378 964 petit
407 863 451 936 ut
482 851 554 936 sibi
581 877 626 934 ex
653 860 761 960 perte
778 850 1080 935 Lombardorum
1098 859 1269 961 petentes
1289 853 1448 958 litteras,
1469 855 1696 964 transcripto

284 987 498 1071 litterarum
532 985 787 1095 imperialium
813 987 1054 1095 consimiles,
1074 985 1175 1069 Infra
1207 988 1321 1071 unius
1357 989 1499 1072 mensis
1531 977 1696 1106 spatium

286 1121 558 1204 transmittant.

365 1322 462 1404 (antu
477 1323 618 1398 Ildum,
633 1321 716 1384 Kato
731 1319 846 1394 micale.
862 1323 903 1400 II,
921 1323 1040 1386 docum.
1062 1339 1094 1402 p.
1117 1333 1187 1399 stt,
1202 1334 1236 1386 n⁰
1253 1333 1303 1403 19,
1316 1341 1354 1388 ex
1374 1331 1481 1406 regest.
1496 1325 1620 1404 Gregor.
1634 1324 1696 1404 Ill,

405 1447 476 1490 ann.
487 1429 578 1510 VIII,
592 1437 625 1490 n⁰
638 1427 724 1510 292.)

335 1604 539 1700 Gregorius,
561 1614 643 1697 etc,
661 1604 851 1678 rectoribus
873 1605 1047 1678 socletatis
1065 1607 1287 1699 Lombardie,
1308 1617 1375 1682 etc.
1396 1607 1534 1680 Grande
1552 1605 1698 1681 deside-

288 1731 377 1803 rium
404 1729 499 1824 quod
521 1728 566 1804 de
591 1751 677 1826 paee
701 1739 736 1803 et
763 1729 1008 1823 tranquillitate
1033 1731 1304 1805 Lombardorum
1334 1731 1468 1806 dudum
1491 1731 1693 1822 habuimus,

288 1855 466 1929 materiam
493 1853 594 1934 nobis
615 1854 740 1945 obtulit
756 1864 796 1927 ut
816 1855 862 1928 de
878 1850 1053 1928 tractanda
1081 1855 1168 1929 inter
1187 1857 1280 1952 ipsos
1300 1867 1335 1928 et
1361 1911 1552 1932 .......
1579 1856 1697 1930 Fride-

288 1977 398 2051 ricnm
424 2029 554 2050 .....
583 1977 766 2050 eoncordia
794 1977 934 2052 salutari
963 1978 1093 2074 pluries
1118 1979 1219 2054 vobis
1245 1976 1375 2053 litteras
1399 1979 1630 2071 mitteremus,
1660 1981 1697 2053 in

287 2125 434 2198 quarum
452 2102 582 2174 ultimis
595 2101 773 2197 scripsisse
789 2101 973 2176 recolimus
990 2103 1189 2199 quodcum
1208 2102 1301 2178 idem
1319 2104 1504 2200 imperator
1521 2103 1697 2200 negotium

287 2227 504 2315 lombardie,
530 2227 682 2300 marchia
698 2227 895 2313 Trevisane,
914 2237 950 2301 et
966 2229 1165 2304 Romnniole
1183 2229 1389 2326 provisioni,
1407 2229 1646 2326 compositioni
1663 2237 1700 2302 et

288 2350 494 2425 ordinationi
507 2351 658 2425 Ecclesia
674 2351 920 2444 commisisset,
938 2353 1065 2449 probos
1087 2363 1122 2428 et
1146 2353 1310 2428 honestos
1326 2354 1421 2428 viros
1437 2355 1498 2449 qui
1519 2375 1582 2450 pro
1604 2363 1700 2450 porta

289 2475 460 2550 societatis
476 2475 681 2550 lombardie
699 2475 744 2550 ed
759 2476 1036 2573 componendum
1056 2501 1135 2551 cnm
1154 2479 1359 2576 imperatore
1382 2477 1534 2575 predicto
1552 2478 1598 2551 de
1616 2497 1702 2572 paee
1793 2529 1798 2538 -

290 2611 324 2674 et
353 2601 540 2676 concordiae
568 2621 683 2674 coram
719 2601 820 2675 nobis
849 2601 1022 2676 sufficiens
1053 2602 1254 2677 mandatum
1277 2603 1462 2694 haberent,
1482 2601 1528 2678 ad
1548 2613 1700 2676 nostram

293 2727 499 2822 presentiam
526 2726 715 2800 mitteretis.
737 2727 865 2800 Verum
896 2747 977 2801 cum
1004 2745 1067 2801 vos
1094 2727 1131 2802 id
1151 2725 1369 2801 landabiliter
1395 2726 1564 2801 duxeritis
1583 2727 1701 2802 adlm-

291 2849 455 2946 plendnm
491 2859 526 2924 et
554 2851 734 2924 commisse
768 2851 890 2925 relatui
928 2851 1126 2925 nuntiorum
1154 2853 1337 2947 diligenter
1368 2852 1414 2924 ab
1436 2853 1521 2948 ipsis
1543 2852 1701 2946 exposita

292 2976 419 3049 luerint
435 2995 552 3048 coram
571 2976 683 3068 nobis,
707 2977 878 3073 interque
893 2977 922 3050 si
939 2979 1091 3074 prelatus
1106 2978 1291 3074 imperator
1305 2987 1373 3051 tam
1392 2976 1437 3051 de
1451 2977 1601 3073 querelis
1614 2997 1702 3070 ques

290 3100 473 3178 Lombardi
488 3101 658 3174 adversus
671 3101 785 3199 ipsum
801 3123 840 3176 se
856 3101 984 3177 habere
1002 3113 1211 3200 proponunt,
1224 3125 1329 3200 qnam
1344 3101 1390 3176 de
1403 3103 1476 3175 suis
1493 3123 1531 3176 se
1548 3101 1651 3175 vellet
1664 3101 1701 3172 in

292 3227 451 3301 manibus
467 3225 618 3300 Ecclesia
631 3247 760 3323 ponere
771 3247 812 3300 ec
825 3229 989 3325 precipue
1000 3227 1076 3326 (cic)
1086 3229 1308 3324 querebatur,
1317 3227 1456 3302 tandem
1470 3227 1601 3301 eisdem
1616 3247 1703 3298 nun·

291 3351 360 3442 tiis,
372 3350 461 3424 sicut
474 3351 621 3424 Domino
632 3352 776 3448 placuit,
784 3352 877 3425 dam
892 3354 1055 3428 universe
1070 3353 1183 3426 carnis
1199 3353 1373 3448 ingressis,
1386 3351 1430 3426 de
1444 3353 1621 3427 volontate
1634 3351 1703 3424 im·

293 3475 458 3570 peratoris
475 3475 631 3568 ejusdem
649 3497 754 3573 super
769 3478 950 3572 questione
962 3476 1159 3570 huiusmodi
1177 3476 1439 3574 procuravimus
1451 3475 1597 3550 edocere
1611 3473 1700 3574 (sir).

293 3601 369 3694 lpse
391 3599 554 3695 quidem,
573 3603 663 3674 sicut
682 3601 845 3698 princeps
868 3601 1056 3676 catholicus
1079 3612 1114 3676 et
1137 3600 1263 3676 avidus
1279 3601 1413 3676 efficere
1429 3623 1578 3698 perque
1596 3609 1705 3674 status

293 3725 445 3799 EcclesIe
461 3747 503 3799 aa
518 3727 654 3823 imperii
673 3727 781 3823 possit
802 3727 838 3799 in
854 3728 950 3823 pacis
965 3727 1095 3822 gaudio
1110 3727 1281 3818 reflorere,
1299 3727 1474 3822 negotium
1488 3735 1597 3799 totum
1615 3725 1705 3798 iuter

295 3850 409 3944 ipsum
428 3861 463 3926 et
483 3847 693 3925 lombardos
717 3861 788 3926 mm
811 3873 915 3948 super
936 3853 1103 3948 regalium
1130 3862 1165 3926 et
1186 3871 1327 3925 snorum
1353 3851 1549 3924 detentione
1571 3849 1703 3942 jnrium

296 3993 427 4048 necnon
457 3976 624 4071 preteritis
647 3977 849 4050 excessibus
870 3977 932 4074 qui
953 3999 974 4051 a
999 3976 1201 4050 Lombardis
1221 3996 1440 4070 quocumque
1461 3974 1564 4048 modo
1584 3981 1705 4046 contra

298 4096 410 4190 ipsum
426 4109 461 4174 et
478 4099 661 4195 imperium
675 4111 757 4173 sunt
775 4101 974 4192 commissa,
1004 4122 1110 4197 quam
1127 4099 1300 4196 quidquid
1323 4121 1385 4195 per
1409 4097 1570 4171 eumdem
1593 4097 1629 4168 in
1657 4097 1706 4168 le·

297 4219 426 4294 sionem
454 4233 489 4295 et
514 4221 674 4318 injuriam
704 4225 974 4300 Lombardorum
998 4226 1126 4299 iactum
1152 4245 1228 4300 esse
1260 4223 1467 4312 dinoscitur,
1492 4223 1568 4294 sive
1590 4241 1708 4315 gene-

296 4341 411 4418 naliter
425 4347 541 4422 omnia
559 4369 605 4422 ex
627 4350 756 4444 quibus
776 4351 830 4422 vel
850 4360 988 4446 propter
1013 4371 1082 4445 qne
1109 4350 1225 4444 aliqua
1249 4347 1420 4421 discordia
1444 4347 1533 4420 inter
1558 4347 1652 4442 ipsos
1673 4356 1707 4418 et

297 4470 457 4543 eumdem
475 4470 641 4546 hamanus
654 4483 857 4563 estentona,
875 4475 1035 4568 oonsilio,
1051 4473 1257 4571 provisioni,
1274 4471 1513 4570 compositioni
1527 4480 1562 4544 et
1579 4470 1707 4544 lauda·-

301 4593 380 4664 ti0ni
401 4595 551 4670 Ecclesia
570 4620 632 4694 per
649 4607 804 4694 patentes
826 4600 954 4672 litteras
970 4601 1063 4672 bulla
1086 4619 1192 4672 aureo
1214 4598 1444 4671 communitas
1462 4597 1594 4693 precise
1613 4615 1708 4667 oom-

301 4719 408 4806 misit;
431 4730 541 4794 ratum
560 4723 742 4798 habiturus
754 4734 789 4798 et
806 4721 943 4798 firmum
961 4723 1059 4820 qnod
1079 4745 1186 4822 snper
1201 4722 1257 4796 his
1280 4723 1432 4797 Ecclesia
1449 4720 1590 4795 duxerit
1613 4717 1707 4792 ordi·
