4360 5908
214 607 315 668 lumen.
333 605 378 684 5.]
666 604 864 668 HISTORIA
888 603 1182 668 ntrtottsrtctl
1568 607 1628 668 att

215 744 402 838 infringere
415 749 476 814 ant
489 740 620 814 violare
632 743 896 838 attemptaverit,
918 765 1009 839 pena
1023 751 1161 815 centnm
1177 739 1341 813 librarum
1358 739 1435 812 auri
1454 743 1627 836 purissimi

214 868 350 944 noverit
363 889 402 941 sc
414 865 694 960 condemnatum,
709 889 856 961 quarum
868 866 1213 963 medietasimperiuli
1222 864 1317 958 fisco,
1327 863 1465 938 residua
1475 867 1628 963 predicte

212 992 383 1085 ecclesie,
399 991 516 1066 abbati
539 991 683 1087 suisque
709 993 966 1066 successoribus
988 993 1216 1088 persolvatur.
1241 991 1285 1064 Ut
1310 989 1375 1064 heo
1392 1011 1476 1064 vero
1495 993 1628 1087 prelato

212 1117 327 1194 Sancti
344 1117 482 1212 Georgii
504 1115 803 1191 monasteriorum
825 1116 991 1212 deinceps
1008 1125 1044 1190 et
1061 1116 1265 1189 inconvulsa
1284 1125 1506 1211 permaneant
1530 1127 1565 1190 ct
1589 1118 1627 1189 in

212 1242 422 1316 oblivionem
436 1262 506 1316 non
517 1242 665 1334 cadent,
681 1251 873 1337 presentem
881 1241 1042 1338 paginam
1052 1241 1197 1314 lecimus
1213 1239 1297 1314 inde
1314 1241 1483 1313 conscribi
1501 1251 1536 1315 ct
1553 1265 1627 1316 ma·

212 1366 345 1461 jestatis
361 1377 477 1440 nostre
494 1365 607 1458 sigillo
627 1367 793 1440 roborari.
810 1407 861 1420 -·
873 1367 989 1440 Testes
1002 1387 1143 1462 quoqne
1166 1365 1296 1461 placuit
1317 1366 1473 1439 annotari
1493 1367 1626 1441 Ubicus

211 1491 464 1586 Aquilegiensis
486 1489 766 1587 archiepiscopus
785 1490 995 1585 patriarcha,
1020 1490 1188 1563 Henricus
1207 1489 1390 1564 Gradensis
1411 1491 1622 1586 patriarcha,

213 1615 423 1689 Christianus
443 1616 668 1711 lllagnntinns
689 1616 983 1712 archiepiscopus,
1012 1615 1190 1711 Philippus
1213 1615 1424 1690 coloniensis
1449 1617 1623 1713 archiepi-

212 1762 355 1836 scopus,
384 1739 559 1814 Amaldus
589 1741 808 1814 Trevsrensis
829 1740 1123 1836 archiepiscopus,
1153 1739 1331 1813 Conradus
1363 1741 1622 1836 salzburgensis

212 1864 505 1960 achiepiscopus,
518 1863 640 1938 Vitalis
650 1863 860 1938 castellanus
873 1864 1068 1961 episcopus,
1087 1863 1239 1936 Marinus
1252 1864 1620 1962 Cloiensisepiscopus,

212 1987 412 2062 leonardus
437 1989 661 2062 Torcellensis
681 1989 880 2086 episcopus,
899 1989 1121 2064 Sebastianus
1138 1989 1235 2062 Ziani
1254 1989 1334 2064 dux
1350 1989 1509 2082 Venetis,
1538 1992 1623 2066 Flo-

212 2114 345 2188 rentius
366 2135 481 2188 comes
502 2114 700 2207 Hollandic,
728 2113 906 2188 Conradus
928 2113 1080 2188 marchio
1104 2113 1362 2204 blontislerrati,
1393 2115 1624 2192 Theudoricus

213 2238 364 2311 marchio
391 2237 436 2312 de
459 2239 627 2329 Saxonis,
655 2239 834 2313 Corradus
858 2239 1012 2312 marchio
1037 2238 1292 2328 Anconitanus,
1324 2239 1472 2313 Ioannes
1500 2243 1623 2316 Entius

212 2361 368 2458 predicte
390 2363 535 2436 ecclesie
559 2362 767 2454 advocatus,
796 2363 995 2438 leonardus
1018 2384 1133 2436 comes
1154 2361 1308 2437 Absursn
1330 2363 1393 2463 (l),
1422 2368 1622 2442 Dominicns

213 2509 326 2560 comes
345 2487 442 2562 ladre
462 2497 497 2562 et
518 2489 575 2561 alii
589 2489 824 2586 quamplures.
839 2491 1042 2585 -Signum
1059 2489 1197 2562 Domini
1216 2489 1379 2564 Friderici
1394 2491 1624 2566 Romanorum

212 2612 431 2708 imperatoris
457 2613 687 2688 invictissimi.
710 2615 853 2710 -Ego
883 2614 1090 2688 Gudelridus
1120 2615 1344 2688 cancellarius
1365 2615 1444 2688 vice
1475 2615 1625 2714 Philippi
1661 2655 1666 2662 »

211 2737 421 2812 Coloniensis
445 2739 690 2836 archiepiscopi
715 2749 750 2814 et
765 2740 873 2814 Italici
895 2741 993 2835 regni
1023 2739 1326 2828 archicancellarii,
1352 2742 1552 2835 recognovi.
1579 2782 1624 2797 -

212 2863 299 2936 Acta
317 2873 399 2937 sunt
410 2864 476 2938 hec
488 2885 581 2938 anno
596 2864 769 2939 dominice
783 2864 1028 2938 incamatronis
1043 2865 1224 2938 millesimo
1240 2865 1425 2938 centesimo
1438 2875 1623 2963 septuage-

211 2986 302 3060 simo
313 2988 475 3083 septimo,
498 2987 687 3062 indictione
704 2987 856 3082 decima,
877 2997 1042 3084 regnante
1054 2988 1194 3063 domino
1209 2988 1381 3062 Friderico
1394 2989 1624 3064 Romanorum

213 3111 418 3208 imperatore
433 3113 595 3207 glorioso,
616 3135 709 3188 anno
721 3114 819 3208 regui
837 3116 913 3208 ejus
928 3114 1097 3208 vigesimo
1108 3121 1224 3206 sento,
1243 3113 1378 3209 imperii
1394 3123 1509 3188 antem
1524 3117 1623 3212 vige·

214 3237 301 3322 simu
326 3237 438 3311 tertio.
460 3277 510 3292 -
525 3239 651 3312 Datum
677 3240 830 3316 Venetiis
852 3240 888 3312 in
907 3241 1034 3338 palatio
1058 3239 1175 3331 ducis,
1203 3238 1437 3314 sextodecimo
1459 3241 1624 3316 kalendas

212 3362 432 3459 septembris,
453 3363 606 3440 feliciter.
622 3363 745 3438 Amen.

247 3489 331 3568 ¹Nos
351 3497 468 3570 autom
484 3489 792 3585 supplicationibus
814 3489 970 3585 ejusdem
993 3489 1129 3564 abbatis
1146 3488 1336 3584 benignum
1355 3498 1545 3584 prestantes
1560 3512 1624 3565 as-

213 3633 372 3706 sensum,
400 3613 615 3691 attendcntas
629 3637 770 3711 qnoque
789 3625 891 3712 gruta
908 3615 1049 3690 servitia
1070 3637 1139 3710 que
1161 3612 1437 3687 nobisexhibuit
1452 3625 1487 3687 et
1503 3618 1622 3711 quein

214 3747 315 3812 antea
341 3737 507 3811 exhibere
530 3739 654 3834 poterit
677 3741 843 3835 gratiora,
876 3741 1104 3837 prescriptum
1127 3739 1348 3840 privilegium
1372 3740 1418 3814 dc
1440 3741 1548 3814 verbo
1576 3741 1624 3816 ad

214 3863 361 3936 verbnm
386 3863 555 3936 conscribi
576 3864 763 3958 jussimus,
790 3874 826 3939 et
843 3865 888 3939 dc
916 3865 1039 3940 merita
1061 3865 1162 3938 nobis
1185 3862 1418 3938 munificentia
1441 3864 1554 3960 ipsum
1583 3887 1625 3940 ac

214 3988 413 4082 omniaque
433 3987 653 4062 continentur
666 3990 701 4062 in
716 4011 758 4064 eo
775 3989 842 4063 sihi
860 3989 1186 4084 successoribusque
1204 3987 1327 4060 suiset
1348 3987 1460 4060 eidem
1479 4009 1624 4062 monas-

214 4111 299 4184 terio
312 4111 427 4185 Sancti
441 4111 578 4206 Georgii
594 4113 837 4188 confirmamus
853 4125 1032 4212 perpetuo.
1050 4115 1100 4186 Dc
1109 4111 1351 4186 abundantiori
1365 4134 1506 4208 quoque
1514 4115 1625 4208 gratia

214 4245 329 4310 nostra
350 4237 572 4312 concedimus
597 4237 710 4312 eidem
729 4239 846 4314 abbati
870 4249 905 4314 et
926 4239 1185 4312 successoribus
1212 4238 1285 4310 suis
1307 4245 1347 4308 nt
1371 4237 1535 4312 victualia
1558 4262 1623 4315 sua

214 4382 283 4457 que
303 4361 435 4436 habant
452 4383 516 4459 per
533 4364 706 4458 quaslibet
723 4374 838 4460 partes
860 4364 992 4462 imperii
1011 4363 1058 4438 ad
1074 4385 1176 4436 usum
1190 4373 1224 4436 et
1240 4363 1420 4437 utilitatem
1441 4386 1560 4438 corum
1576 4365 1624 4441 ud

214 4488 406 4583 predictum
421 4490 666 4563 monasterinm
684 4511 805 4564 secure
821 4500 856 4564 et
867 4491 943 4564 sine
953 4491 1033 4583 jure
1050 4487 1199 4586 passagii
1216 4486 1351 4562 deterre
1365 4489 1519 4583 valcant,
1539 4489 1623 4565 civi·

216 4621 323 4686 tatum
336 4610 386 4709 (a)
403 4613 518 4688 banno
532 4634 603 4687 non
622 4614 791 4688 obstante.
812 4614 1000 4688 statuimus
1016 4613 1121 4709 igitur
1136 4621 1171 4686 st
1190 4611 1358 4709 imperiali
1374 4612 1488 4687 edicto
1503 4614 1624 4688 sanci-

256 4754 298 4836 (a)
321 4755 357 4816 ln
370 4756 512 4834 impressu
524 4752 620 4820 cutem
634 4756 792 4835 micum,
802 4757 886 4818 mals.
