4298 5906
514 563 575 626 210
961 565 1097 628 notan
1123 569 1479 636 cousrrrorloltus

517 697 791 774 mansuetudinis
815 701 950 797 apices,
968 712 1072 798 prout
1096 715 1205 782 statas
1235 707 1420 802 cujuslibet
1445 725 1509 802 pro
1532 714 1686 802 tempore
1713 705 1835 798 inerit,
1851 711 1920 778 sta·

515 832 654 898 tuemus
669 824 803 900 eisdem
821 825 858 898 in
876 827 1037 922 expensis
1055 833 1239 906 annalibus
1254 842 1290 908 et
1304 829 1554 906 sufficientibus
1568 828 1756 925 provideri.

791 1115 794 1124 ’
867 1101 1072 1196 LIBERI,
1104 1103 1308 1180 TITULUS
1336 1098 1574 1178 Lxxxvlrl.

1020 1257 1067 1328 ne
1087 1255 1245 1331 carcaa
1265 1241 1424 1330 maaet.

565 1397 812 1478 Auctoritatem
844 1406 1016 1502 magistris
1049 1409 1328 1502 procuratoribus
1361 1407 1584 1502 indulgemus
1617 1403 1779 1480 demanio
1813 1409 1928 1478 nostre

518 1523 614 1596 curie
638 1524 800 1602 fidelibus
827 1530 953 1604 nostris
981 1530 1028 1605 ad
1054 1530 1231 1608 modicum
1258 1541 1395 1628 tempus
1421 1552 1494 1606 nou
1524 1530 1614 1602 ultra
1638 1525 1929 1624 quinquiennium

518 1650 702 1725 statuenda
723 1652 822 1726 etad
839 1663 966 1728 certam
983 1653 1158 1730 fructuum
1176 1665 1330 1754 partem,
1350 1663 1453 1751 prout
1465 1652 1660 1752 poposcerit
1676 1652 1825 1747 qualitas
1841 1659 1928 1724 tem-

518 1794 643 1870 porum
668 1786 702 1850 et
718 1778 889 1868 locorum,
911 1779 1053 1852 colenda
1072 1779 1274 1854 concedere.
1295 1779 1443 1854 Paludes
1465 1777 1569 1852 etiam
1592 1787 1628 1852 et
1653 1797 1834 1850 nemorosa
1855 1774 1931 1848 loca

520 1918 591 1993 que
618 1897 769 1974 delensis
797 1903 923 1974 nostris
954 1912 989 1976 et
1021 1904 1170 1999 publicis
1198 1905 1335 2000 pascuis
1364 1925 1427 1978 seu
1461 1903 1634 1998 lignorum
1666 1898 1931 1976 incidendorum

522 2021 645 2094 usibus
676 2023 840 2120 deputata
866 2047 936 2100 non
954 2026 1044 2116 sint,
1065 2049 1145 2100 com
1163 2027 1388 2103 indemnitate
1414 2036 1532 2102 nostra
1555 2047 1692 2113 necnon
1720 2023 1766 2098 de
1788 2022 1931 2098 consilio

521 2156 715 2222 nostrorum
744 2148 900 2224 fidelium
926 2152 1132 2248 extirpanda
1158 2163 1192 2228 et
1219 2153 1362 2231 colenda
1387 2152 1598 2244 concedant,
1626 2151 1728 2226 certis
1751 2171 1856 2246 super
1878 2149 1933 2224 bis

520 2282 750 2366 proventuum
770 2283 867 2370 parte
883 2277 941 2349 vel
954 2297 1074 2368 ceusu,
1093 2285 1196 2372 prout
1216 2278 1339 2352 mebus
1356 2275 1524 2372 expedire
1535 2274 1702 2366 viderint,
1723 2272 1930 2362 constitutis,

521 2397 630 2468 veteri
648 2397 845 2483 nullatenus
866 2399 1051 2474 diminuto.
1072 2402 1148 2486 Quo
1169 2401 1217 2490 si,
1243 2401 1503 2474 subhastatioue
1525 2408 1560 2474 et
1583 2399 1739 2494 qualibet
1758 2397 1826 2470 alia
1843 2396 1934 2490 juris

522 2520 736 2595 solemnitate
756 2532 911 2630 servata,
932 2524 1088 2620 predicto
1116 2524 1221 2600 modo
1237 2525 1365 2598 luerint
1381 2525 1484 2598 etiam
1505 2525 1542 2596 in
1565 2530 1771 2620 perpetuum
1789 2519 1936 2596 colenda

524 2665 697 2739 concessa,
710 2646 811 2722 etiam
827 2657 993 2746 perpetuo
1007 2651 1086 2744 jure
1104 2650 1305 2742 subsistant,
1321 2650 1500 2747 presertim
1513 2671 1593 2742 cum
1610 2669 1633 2722 a
1648 2643 1751 2722 nobis
1767 2666 1831 2720 sou
1847 2665 1937 2721 sue-

523 2770 717 2844 cessoribus
745 2773 871 2846 nostris
899 2771 1006 2848 iidem
1036 2783 1272 2870 procuratores
1299 2775 1436 2848 locandi
1462 2773 1608 2870 paludes
1633 2780 1669 2866 et
1693 2789 1837 2847 nemora
1867 2791 1936 2842 su·

524 2893 679 2989 predicta
705 2897 798 2970 nacti
826 2898 954 2972 luerint
978 2918 1041 2994 pro
1066 2908 1220 2996 tompore
1251 2906 1474 2994 potestatem
1499 2918 1565 2972 nec
1593 2895 1794 2972 auctoritate
1821 2901 1938 2968 nosue

525 3016 688 3113 deceptos
704 3040 742 3092 se
756 3019 894 3094 doleant
911 3043 1136 3117 possessores,
1157 3023 1366 3096 elleborum
1383 3043 1525 3096 snorum
1540 3031 1576 3096 et
1587 3029 1788 3116 sumptuum
1801 3019 1937 3094 incom-

525 3138 630 3213 moda
656 3143 837 3238 pertulisse
858 3144 1048 3220 tristentur.
1074 3145 1151 3232 Quo
1177 3146 1213 3218 in
1239 3146 1411 3242 preteritis
1428 3143 1478 3244 (o)
1501 3143 1728 3220 locationibus
1745 3143 1849 3228 etiam
1876 3163 1940 3239 per

526 3277 764 3362 procuratores
782 3279 916 3344 nostros
933 3271 1190 3346 subhastatioue
1207 3280 1242 3346 ct
1256 3271 1324 3346 alia
1338 3270 1455 3346 debita
1476 3270 1690 3346 solemnitate
1707 3275 1843 3352 serame
1856 3288 1940 3342 oon·

527 3391 637 3484 lectis,
657 3394 820 3468 volumus
834 3395 1026 3468 observari.
1898 3454 1901 3462 -

576 3516 749 3611 Magistris
769 3519 1047 3615 procuratoribus
1063 3530 1179 3596 nmtre
1196 3521 1292 3594 curie
1309 3521 1502 3620 specialiter
1516 3519 1740 3617 prohibemus
1757 3537 1802 3589 ne
1819 3535 1941 3590 eornm

530 3639 655 3736 aliquis
679 3639 801 3716 fideles
827 3653 961 3720 nostros
982 3645 1167 3742 compellat
1187 3645 1316 3720 inritos
1337 3648 1417 3740 jura
1440 3645 1535 3718 curie
1557 3653 1672 3721 nostre
1693 3643 1750 3717 rel
1773 3663 1829 3717 res
1854 3640 1942 3717 alias

527 3761 621 3854 justo
643 3763 747 3836 ctiam
773 3764 883 3862 pretio
905 3786 1103 3862 comparare
1120 3765 1188 3864 (l).
1209 3767 1299 3844 Illud
1319 3777 1433 3844 tamen
1451 3769 1502 3844 eis
1526 3787 1589 3864 pro
1606 3765 1703 3840 curia
1719 3773 1835 3840 neena
1858 3783 1942 3858 per-

531 3885 710 3978 mittimus,
731 3887 828 3982 quod
845 3899 898 3962 eet
913 3890 1044 3986 ubique
1060 3900 1226 3964 terrarum
1242 3893 1445 3987 generaliter
1459 3900 1677 3983 consuetum,
1695 3887 1793 3986 quod
1809 3885 1943 3973 eisdem

533 4009 658 4082 nostris
679 4009 842 4087 fidelibus
864 4013 1069 4120 interdicant
1092 4015 1193 4111 qnod
1210 4037 1280 4092 non
1301 4017 1367 4112 ipsi
1391 4016 1491 4116 prius
1512 4017 1593 4112 iupa
1613 4033 1678 4106 sua
1698 4033 1803 4107 quam
1826 4019 1944 4104 uoebu

536 4151 606 4226 qna
620 4132 657 4204 in
673 4133 748 4208 loco
761 4135 837 4234 ipso
854 4137 995 4230 fuerint,
1012 4140 1186 4214 communi
1200 4140 1294 4234 justo
1309 4149 1344 4214 et
1362 4140 1464 4215 celeri
1486 4139 1598 4236 pretio
1615 4136 1816 4216 dbbabant.

577 4307 619 4390 (a)
642 4309 724 4374 Alios
734 4313 768 4374 ia
783 4311 938 4394 pndbtb,
952 4323 1051 4380 nosue
1062 4319 1207 4380 aentmtla
1218 4318 1317 4380 mlnus
1329 4323 1418 4380 recte

574 4600 609 4674 (ll
627 4602 670 4660 llil
682 4601 840 4662 abusionem
851 4605 927 4664 iatius
939 4605 1012 4664 modi
1025 4623 1080 4666 nou
1095 4607 1185 4682 inepte
1196 4608 1313 4683 pertinet
1323 4607 1479 4668 mandatam
1490 4604 1674 4682 imperatoris,
1686 4601 1787 4663 editam
1802 4613 1847 4674 ap.
1862 4597 1942 4658 blla·

539 4714 612 4756 aaran
626 4701 931 4777 etnumammptus.
943 4703 1055 4775 collect,
1067 4704 1198 4778 t.11,col.
1211 4708 1379 4780 ilat-llos,
1393 4720 1426 4765 n·
1438 4707 1483 4780 69,
1498 4707 1530 4763 ut
1541 4701 1680 4780 seqnitur:
1691 4696 1945 4767 «reamare,
