4288 5912
540 545 601 610 400
1036 538 1250 604 ternuutct
1274 539 1448 602 secutur
1755 538 1838 622 [ern
1856 539 1941 603 1232

540 689 651 780 preter
664 674 931 772 indignationem
944 673 1105 748 culminis
1120 679 1244 768 nostri,
1263 685 1401 752 centnm
1415 675 1581 748 librorum
1595 674 1671 750 euri
1687 697 1811 772 penem
1829 697 1868 750 se
1881 697 1941 748 no-

541 805 631 880 verit
644 804 881 890 incursurum,
904 821 1050 894 querum
1067 801 1234 876 medietas
1252 822 1387 876 cernere
1413 809 1544 890 nostre,
1564 799 1696 894 telique
1715 800 1824 894 pessis
1846 800 1943 891 inju-

541 931 627 1002 riam
645 927 869 1024 persolvatur.
886 922 941 997 Ae
958 924 1063 1016 hujus
1079 925 1197 1020 iteque
1215 925 1264 1000 rei
1281 925 1479 998 memorium
1497 933 1532 998 et
1547 923 1653 996 robur
1667 933 1832 1020 perpetuo
1848 923 1943 996 veli-

540 1065 676 1140 tnrnm,
709 1071 848 1148 presens
878 1047 1041 1143 scriptum
1069 1047 1141 1122 lieri
1171 1059 1206 1123 et
1235 1049 1348 1144 sigillo
1386 1046 1601 1122 celsitudinis
1636 1057 1749 1122 nostre
1776 1048 1943 1139 jtrssimns

544 1175 763 1266 communiri,
784 1193 893 1262 anno,
911 1193 1029 1246 mense
1041 1182 1075 1246 et
1091 1173 1277 1247 indictione
1289 1171 1498 1268 subscriptis.

589 1303 712 1373 Datum
729 1299 834 1372 Rome
850 1294 926 1392 (sic)
941 1293 1009 1392 (a),
1028 1318 1118 1370 enno
1136 1296 1308 1372 dominice
1324 1295 1566 1370 incarnationis
1580 1293 1759 1368 millesimo
1778 1292 1942 1368 ducente-

542 1425 629 1500 simo
645 1422 816 1496 tricesimo
834 1421 1004 1510 secondo,
1024 1443 1142 1496 mense
1156 1421 1304 1512 octobri,
1327 1429 1425 1496 sexte
1442 1418 1656 1510 indictionis,
1676 1418 1865 1514 impe-ente
1878 1419 1941 1494 do·

540 1550 635 1622 mino
646 1557 761 1621 nostro
773 1545 944 1620 Friderico
955 1545 1120 1640 secondo,
1133 1546 1355 1620 invictissimo
1363 1545 1591 1620 Romanorum
1598 1543 1801 1638 imperatore
1808 1565 1943 1640 semper

542 1681 706 1767 augusto,
725 1670 912 1744 Jerusalem
931 1677 965 1744 et
976 1669 1091 1742 Sicilie
1106 1689 1188 1763 rege
1202 1667 1468 1763 gloriosissimo,
1494 1688 1585 1742 enno
1610 1667 1743 1764 imperii
1759 1667 1836 1760 cjns
1853 1666 1942 1742 dno·

542 1798 688 1890 decimo,
702 1795 800 1892 regni
813 1794 1106 1870 Hiemsolomiteni
1117 1793 1274 1892 septimo,
1289 1793 1386 1889 regni
1401 1813 1484 1868 vem
1495 1791 1609 1866 Sicilie
1621 1791 1796 1886 trigesimo
1805 1792 1940 1888 quinto,

543 1922 695 1996 feliciter.
717 1923 836 1994 Amen.

473 2518 480 2532 ·
597 2483 723 2568 Mense
740 2477 904 2565 octobris
920 2478 961 2560 in
989 2477 1127 2562 Sancto
1154 2477 1342 2562 Germano
1372 2475 1592 2586 hujusmodi
1620 2487 1709 2558 sunt
1733 2475 1945 2588 imperiales

547 2616 700 2700 assisiee
716 2611 930 2724 publicetee
948 2640 958 2692 :

600 2749 706 2834 Cives
723 2747 763 2828 in
781 2745 891 2830 terris
913 2769 1046 2828 eorum
1076 2769 1146 2854 pro
1171 2741 1362 2827 mercibus
1389 2741 1468 2825 suis
1494 2769 1592 2854 ques
1617 2740 1867 2826 intromittent
1886 2742 1945 2826 vel

545 2883 759 2990 excubent,
780 2879 875 2962 nibil
894 2879 1039 2964 solvent
1057 2877 1130 2960 nisi
1148 2877 1253 2988 quod
1269 2877 1362 2961 clim
1381 2875 1577 2962 solvebant
1597 2904 1607 2956 ε
1629 2877 1678 2960 de
1694 2875 1838 2988 pomis,
1858 2901 1946 2958 ces-

545 3015 680 3124 teneis,
701 3013 880 3118 nucibus,
902 3011 1085 3097 evellenis
1102 3021 1140 3095 et
1158 3011 1241 3094 eliis
1259 3010 1444 3096 lruotibus
1461 3010 1501 3094 in
1516 3009 1602 3122 jure
1619 3009 1722 3094 curie
1739 3009 1946 3094 servabitur

546 3153 671 3236 formu
702 3149 872 3259 entique.
892 3147 958 3231 lus
988 3147 1179 3230 coriorum
1209 3171 1279 3254 pro
1311 3153 1514 3228 comatum
1544 3143 1745 3227 dimittitur
1765 3143 1806 3224 in
1825 3141 1945 3226 formu

547 3285 717 3396 entique.
729 3281 885 3366 Factum
899 3279 1053 3389 canapis
1071 3278 1228 3362 omnino
1245 3278 1468 3384 remittitur3
1488 3280 1534 3384 [u]
1551 3277 1799 3362 vendentibus
1815 3275 1945 3360 vinum

548 3419 625 3504 sive
642 3418 693 3502 ed
710 3415 900 3499 minutum
923 3413 1001 3496 sive
1023 3412 1073 3496 ud
1096 3437 1272 3522 grossum
1293 3411 1389 3494 nihil
1410 3411 1630 3520 requiritur,
1650 3411 1717 3494 sed
1733 3410 1774 3492 in
1791 3411 1847 3494 eis
1864 3435 1946 3493 ser-

547 3549 697 3637 vabitur
713 3549 839 3662 formo
855 3546 1025 3656 entique.
1043 3545 1189 3630 Stetere
1215 3545 1285 3630 erit
1307 3544 1347 3628 in
1365 3543 1552 3650 lundicis,
1573 3555 1611 3628 et
1637 3543 1733 3626 nihil
1750 3542 1946 3653 recipietur

548 3711 618 3798 pro
631 3711 681 3769 ee
698 3709 768 3767 nec
784 3679 949 3791 emplius
966 3705 1036 3788 pro
1053 3688 1209 3763 centem
1226 3704 1344 3791 quem
1362 3703 1483 3790 grene
1499 3677 1546 3760 V.
1562 3679 1635 3762 Pro
1651 3675 1845 3760 herbatico
1862 3675 1947 3758 eni-

548 3820 726 3926 mulium,
744 3813 959 3900 venditione
975 3839 1162 3924 equorum
1179 3825 1217 3898 et
1233 3813 1396 3898 eliorum
1414 3811 1656 3922 animalium,
1676 3811 1849 3895 similiter
1865 3835 1948 3893 ser

548 3953 698 4039 vehitur
714 3950 839 4034 forme
856 3947 1025 4060 entique.
1048 3947 1081 4029 Α
1099 3947 1349 4057 piscatoribus
1365 3945 1463 4030 nihil
1485 3946 1698 4058 requiretur
1715 3944 1789 4027 nisi
1810 3971 1948 4027 secun-

547 4088 643 4172 dum
668 4085 832 4170 formem
863 4081 1073 4192 antiquom.
1095 4081 1169 4164 Pro
1196 4079 1282 4190 jure
1311 4103 1579 4161 mensurarum
1604 4075 1777 4162 victualis
1803 4087 1884 4160 tem
1908 4075 1947 4156 in

550 4243 684 4302 seume
701 4241 819 4327 quem
836 4213 877 4296 in
895 4213 1072 4320 tumbis,
1093 4211 1303 4296 servabitur
1320 4209 1444 4294 iorme
1461 4209 1631 4320 entique.
1653 4207 1709 4292 De
1729 4206 1817 4318 jure
1838 4231 1949 4290 cese-

549 4351 612 4436 tici
635 4349 793 4434 remisse
823 4357 912 4432 sunt
933 4372 1053 4457 grene
1077 4345 1128 4428 ΙΙΙ
1151 4372 1221 4455 pro
1248 4347 1379 4454 uncie,
1398 4343 1451 4427 ite
1468 4343 1573 4455 quod
1594 4341 1868 4426 mercatoribus
1885 4340 1950 4452 qui

592 4551 634 4634 (o)
654 4551 808 4615 Recentlor
828 4551 1015 4612 nmenncnsts
1035 4547 1128 4624 melo,
1152 4549 1287 4629 origlnell
1303 4549 1449 4611 incendus
1468 4551 1634 4626 perspecto,
1653 4545 1725 4626 legit
1742 4547 1837 4620 lione,
1860 4557 1950 4624 quum

550 4659 746 4722 verlslmilltcr
759 4657 847 4720 luerit
862 4655 967 4738 Caper.

2118 936 2124 1016 i

2118 1019 2124 1109 i
