4372 5918
519 593 559 656 32
1048 585 1404 649 constitutiones

517 728 652 803 sitionis
678 737 712 799 et
742 724 953 822 probationis
975 723 1151 814 ordinem,
1170 732 1206 796 et
1227 732 1396 797 tormenta
1415 721 1519 795 etiam
1543 722 1662 796 nidmu
1688 724 1863 819 facienda,
1891 728 1927 800 in

521 855 597 927 aliis
621 852 759 928 damnis
785 849 1008 924 clandestinis
1033 858 1067 922 et
1086 847 1263 921 nocturnis
1285 847 1414 920 servari
1434 845 1653 920 mandamus.
1672 848 1773 934 Quod
1794 851 1825 924 si
1847 873 1929 926 con·

509 987 584 1051 *stet
608 977 864 1050 universitatem
890 973 1047 1048 eamdem
1068 974 1241 1046 occultare
1261 971 1352 1046 velie
1374 971 1515 1044 forsitan
1540 971 1740 1065 hujusmodi
1762 977 1926 1050 scelerum

520 1102 774 1188 commissurus,
798 1122 862 1174 nec
883 1101 976 1195 ipsos
997 1099 1088 1172 velte
1113 1095 1316 1170 officiatinus
1344 1096 1469 1170 nostris
1494 1097 1720 1192 querentibus
1741 1099 1924 1192 exhibere,

519 1249 645 1324 penam
663 1225 875 1298 universitati
893 1223 977 1318 ipsi,
996 1245 1057 1318 pru
1078 1221 1242 1314 qualitate
1263 1222 1420 1294 iocorum
1442 1229 1477 1294 et
1495 1220 1667 1294 commissi
1688 1224 1844 1318 sceleris,
1865 1226 1928 1297 im·

520 1351 714 1448 ponendam
727 1359 843 1422 nostro
856 1347 989 1440 judicio
1004 1365 1233 1426 reservamus.

919 1631 1134 1704 TITULUS
1165 1630 1309 1703 XXIX.
1337 1632 1403 1702 ΛΓ
1429 1629 1529 1725 (33).

700 1813 749 1882 Dc
764 1810 1018 1904 subripientibus
1033 1809 1165 1902 aliquid
1179 1810 1219 1880 de
1233 1810 1423 1903 uousrupir's
1441 1808 1493 1880 uel
1508 1807 1665 1881 iuceudt'is
1681 1808 1695 1905 (
1717 1808 1744 1904 ).

1062 2011 1156 2060 rnen
1181 2009 1383 2061 nucusrus.

568 2164 718 2260 Rapiuas
740 2185 874 2255 eorum,
891 2165 953 2259 qui
971 2163 1016 2238 de
1035 2165 1141 2238 rebus
1156 2165 1390 2260 naufragium,
1413 2163 1633 2255 incendium,
1655 2173 1714 2238 aut
1731 2164 1851 2236 ruinas
1872 2183 1929 2234 su·

520 2290 609 2363 bitus
638 2289 841 2386 patientium
873 2309 1021 2385 rapere,
1056 2290 1174 2364 invitis
1206 2289 1377 2379 dominis,
1408 2291 1616 2366 tentaverint
1648 2288 1801 2384 aliquid,
1836 2296 1929 2360 tauto

521 2413 676 2487 severius
704 2413 820 2510 puniri
848 2434 1046 2499 censemus,
1070 2425 1200 2508 quanto
1223 2415 1378 2488 mentius
1404 2425 1660 2512 perpetrantur,
1690 2415 1774 2488 dum
1798 2411 1927 2486 domiui

523 2559 746 2633 personarum
761 2535 807 2632 (b)
826 2538 987 2633 periculis
1003 2539 1122 2611 irretiti
1142 2540 1231 2612 circa
1250 2563 1366 2614 rerum
1381 2540 1556 2614 custodias
1573 2539 1767 2616 redduntur
1784 2537 1926 2624 incauti,

523 2663 656 2736 neceb
683 2661 750 2734 itlis
773 2661 900 2736 damna
924 2665 995 2757 pati
1017 2673 1192 2753 verentur,
1211 2685 1299 2758 qnos
1321 2663 1368 2737 ad
1393 2665 1546 2760 ipsorum
1566 2663 1798 2738 desideratum
1823 2660 1927 2735 auxi·

459 2815 462 2820 ·
523 2785 607 2859 lium
628 2797 663 2860 et
687 2807 788 2882 opem
815 2787 1043 2860 necessariam
1062 2789 1221 2860 estimant
1239 2789 1465 2862 concurrisse.
1483 2789 1580 2862 Tales
1602 2789 1720 2882 itaque
1743 2788 1779 2858 in
1798 2785 1929 2883 rapinis

523 2909 721 3004 hujusmodi
742 2910 974 3008 deprehensos
991 2921 1051 2984 aut
1069 2923 1189 3006 sponte
1206 2913 1377 2987 confessos
1396 2913 1535 3010 capitali
1564 2913 1731 2986 sententia
1757 2909 1929 2986 feriendos

524 3058 600 3110 esse
619 3059 817 3129 censemus;
836 3053 881 3110 ac·
897 3038 942 3112 de
962 3037 1062 3110 bunis
1079 3039 1251 3133 ipsorum,
1273 3059 1342 3133 que
1358 3037 1406 3111 ad
1425 3039 1595 3133 legitimos
1615 3057 1831 3112 successures
1850 3057 1928 3131 per·

523 3161 642 3234 venire
653 3161 837 3252 debebant,
849 3171 946 3257 rapta
957 3162 993 3232 in
1008 3161 1243 3259 quadruplum
1258 3164 1390 3236 restitui
1406 3163 1557 3237 dominis
1568 3161 1696 3235 debere
1708 3161 1925 3234 mandamus.

524 3287 613 3358 Huic
645 3285 747 3359 etiam
783 3287 1005 3360 saluberrime
1036 3287 1205 3360 sanctioni
1237 3286 1472 3381 adjiciendum
1502 3287 1690 3376 duximus,
1719 3295 1759 3357 ut
1788 3305 1926 3374 uuluae,

514 3411 652 3506 ¹quibus
671 3411 813 3484 facultas
834 3411 897 3484 erit
915 3433 1116 3486 succurrere
1134 3410 1276 3510 [talibus
1293 3411 1330 3484 iu
1347 3421 1440 3486 tante
1460 3411 1670 3485 necessitatis
1688 3409 1831 3483 articulo
1846 3430 1929 3482 con·

523 3537 668 3626 stitutio,
692 3536 884 3610 sinemuro
908 3546 942 3607 et
961 3537 1141 3610 occasione
1158 3537 1274 3632 aliqua
1300 3534 1504 3635 subvenire]
1524 3559 1602 3609 oum
1625 3536 1694 3620 his,
1712 3557 1782 3629 que
1805 3533 1852 3607 ad
1878 3533 1930 3604 iu-

524 3659 678 3733 cidentes
702 3681 802 3732 casus
830 3659 1018 3732 necessaria
1045 3659 1214 3753 viderint,
1236 3681 1298 3756 pro
1325 3682 1426 3756 posse
1448 3661 1609 3733 festinent
1631 3657 1690 3756 (c).
1711 3658 1929 3753 Negiigeutes

564 3835 609 3918 (a)
629 3835 1228 3917 Ingraeeuoctiuocudiirdeestdncod.
1245 3831 1931 3918 tottdzbcmptoribuvrcruurr’uoeudiuur,

523 3946 642 4005 murm
653 3961 703 4005 teu
714 3942 902 4026 caup-apium
909 3946 1098 4026 patientium.

566 4047 608 4130 (b)
629 4051 664 4112 In
678 4066 783 4129 paceo
795 4050 1039 4129 dominicarum
1051 4053 1103 4114 sed
1116 4052 1451 4131 tniuttnopcrrcuurrrur
1464 4047 1627 4130 operculis
1639 4051 1759 4130 regitur.

566 4157 606 4240 (c)
632 4157 742 4220 Graece
754 4159 883 4236 brevius,
894 4164 1003 4224 omissa
1014 4161 1180 4239 parenthesi
1189 4180 1198 4221 r
1206 4167 1241 4222 ut
1252 4176 1348 4220 curuos
1361 4155 1600 4240 quibursunrttur
1613 4159 1668 4220 eet
1679 4173 1852 4233 manuum,
1865 4173 1930 4216 urm

524 4263 611 4328 utttta
624 4271 652 4327 ct
664 4265 822 4327 securta
833 4265 874 4327 ud
883 4266 1038 4329 incidentes
1051 4284 1132 4329 sustu
1144 4265 1285 4344 viderim,
1297 4283 1353 4348 pru
1365 4265 1629 4346 uiribrrrsettiueut.

525 4533 562 4590 ud
587 4531 684 4590 tristor.
697 4532 785 4602 ouer..
799 4547 865 4606 pars
882 4533 920 4604 11,
932 4547 962 4606 p.
976 4532 1050 4606 722.)
1064 4532 1144 4590 Panlo
1156 4537 1219 4590 ante
1230 4533 1258 4590 in
1269 4532 1358 4594 scilia
1376 4549 1425 4608 per
1436 4531 1639 4590 consu'tvrtiunes
1657 4530 1686 4587 in
1697 4529 1869 4587 coronatione
1882 4543 1931 4584 sna

525 4630 649 4688 Panormi
673 4629 759 4688 editas
779 4629 921 4688 incubant
938 4645 1051 4704 poenam
1071 4630 1106 4687 de
1126 4629 1298 4688 ctandestiuie
1325 4629 1476 4688 homicidiis
1497 4629 1574 4704 quasi
1597 4628 1715 4703 iuquam
1736 4633 1764 4684 at
1788 4625 1930 4684 molestum

524 4728 631 4786 omnino
644 4725 806 4786 aboleverat.
817 4726 856 4786 Cf.
867 4729 1087 4799 itunounsrrn,
1102 4729 1185 4803 usur.
1197 4727 1280 4786 Sicr't.
1297 4731 1392 4803 eopia,
1410 4735 1431 4786 t.
1445 4727 1472 4800 1,
1486 4745 1514 4802 p.
1528 4731 1575 4786 tt.
