4308 5910
764 601 890 664 aneni
911 585 1102 664 stertrnn.
1591 603 1629 666 nr

224 737 345 811 biliam
364 738 574 833 inveniatur,
590 758 661 834 quo
680 759 763 810 casu
782 735 1031 831 fidejussoriam
1046 737 1240 811 cautionem
1256 737 1388 830 judicio
1406 737 1480 811 sisti
1497 761 1631 815 cessare

225 861 351 936 debere
365 884 566 956 censemus,
581 864 616 935 in
632 864 709 959 ipso
721 863 795 936 loco
804 861 929 955 judicii
948 885 1026 936 cunr
1045 864 1165 937 amids
1182 872 1216 936 et
1236 863 1414 936 advocatis
1432 864 1505 936 suis
1529 887 1633 960 super

225 987 404 1084 principali
415 1009 521 1063 cansa
536 996 727 1062 conventus
745 986 911 1062 deliberet
926 1009 1165 1084 responsurus.
1183 987 1380 1078 [Mobilium
1396 988 1497 1061 etiam
1516 1011 1630 1062 rerum

225 1131 413 1207 possessor,
432 1114 461 1186 si
479 1111 699 1206 fidejussores
715 1111 799 1186 dare
814 1112 1022 1208 nequiverit,
1044 1112 1193 1184 cautioni
1206 1112 1370 1206 juratorie
1386 1115 1630 1206 committatur,

226 1235 291 1308 nisi
304 1258 439 1333 pauper
457 1237 583 1332 aliquis
601 1245 662 1310 aut
682 1257 880 1334 gyrovagus
896 1236 1099 1330 injuriarum
1121 1245 1182 1310 aut
1201 1235 1246 1310 de
1264 1237 1419 1332 quolibet
1439 1237 1507 1312 elio
1528 1241 1635 1312 male·

227 1358 303 1432 licio
319 1361 421 1454 cujus
445 1363 596 1458 cognitio
622 1371 754 1458 spectat
774 1359 820 1435 ad
838 1362 1011 1455 bajulum,
1032 1361 1208 1456 impetitus
1225 1359 1447 1454 fidejussores
1469 1363 1552 1436 dere
1573 1385 1636 1436 ne·

229 1484 394 1580 quiverit,
412 1487 473 1583 qui
499 1486 677 1582 usquead
702 1485 805 1561 linem
826 1487 894 1559 litis
917 1507 977 1582 per
999 1485 1154 1578 bajulum
1175 1487 1321 1558 carceris
1346 1487 1501 1562 custodie
1530 1511 1635 1562 man-

230 1609 393 1705 cipetur.]

547 1795 549 1800 η
668 1843 871 1917 rrrurns
899 1843 999 1916 xrx.
1029 1846 1079 1916 ro
1104 1840 1194 1938 (ro).

420 2035 467 2107 Dc
483 2035 724 2131 conceptionibus
743 2047 776 2110 ct
791 2035 1007 2108 dilationibus
1021 2033 1240 2130 proponendis
1256 2035 1293 2104 in
1304 2034 1448 2126 jndicio.

773 2251 865 2300 rnna
895 2250 1092 2301 incussus.

277 2415 506 2514 Exceptiones
515 2416 703 2510 dilatorias,
712 2429 815 2514 prout
830 2419 1115 2514 communisjuris
1125 2419 1254 2514 regulis
1266 2427 1318 2492 est
1331 2417 1636 2517 introductum(c),

231 2539 358 2636 inipso
374 2542 500 2635 judicii
514 2543 661 2618 exordio
678 2542 920 2638 proponendas
935 2543 1020 2616 inira
1041 2541 1194 2616 triduum
1213 2565 1235 2616 a
1252 2541 1310 2615 dic
1326 2542 1431 2616 oblati
1456 2543 1561 2616 libelli
1582 2545 1639 2618 vel

232 2661 266 2734 in
283 2664 378 2737 civili
393 2667 451 2740 vel
466 2667 503 2740 in
520 2667 689 2740 criminali
705 2665 839 2761 judicio
856 2667 962 2760 objici
987 2689 1089 2764 posse
1111 2687 1293 2742 censemus
1310 2665 1358 2764 (b)
1374 2693 1383 2738 ε
1402 2668 1437 2738 in
1460 2668 1589 2762 quibus
1608 2668 1637 2744 si

233 2785 276 2860 de
295 2788 347 2862 eis
370 2789 595 2864 incontinenti
617 2800 773 2864 constare
800 2811 870 2864 non
894 2791 1018 2886 possit,
1046 2789 1110 2865 sed
1130 2791 1329 2865 dilationem
1351 2792 1503 2885 requirat
1525 2793 1555 2866 is
1578 2793 1638 2887 qui

234 2931 289 2986 cae
307 2915 443 3009 objicit,
465 2925 679 2989 sacramento
694 2915 791 3013 prius
809 2915 839 2988 si
856 2916 923 2989 hoo
934 2914 1048 3008 judex
1066 2914 1256 2988 decreverit
1273 2915 1430 3010 prestito,
1451 2917 1549 3011 quod
1571 2939 1640 2992 non

236 3041 397 3129 [tantum]
410 3038 708 3116 cansadilierendi
722 3039 794 3130 [vel
809 3037 1012 3128 frustrandi]
1021 3036 1145 3132 judicii
1164 3038 1256 3133 ipsas
1267 3047 1460 3112 conventus
1472 3051 1637 3136 opponat,

235 3162 293 3236 sed
309 3163 408 3258 quod
428 3185 488 3238 eus
507 3163 554 3238 ad
571 3165 731 3240 levamen
749 3185 853 3238 cause
869 3185 932 3238 eue
950 3185 989 3238 sa
1005 3165 1150 3260 probare
1167 3185 1268 3259 posse
1294 3163 1458 3255 conlidit;
1488 3165 1535 3240 ad
1552 3189 1640 3262 pro-

235 3285 388 3360 bandum
406 3288 520 3362 eidem
536 3298 614 3362 octo
630 3287 764 3364 dierum
784 3289 951 3362 terminos
965 3287 1189 3377 concedatur,
1210 3289 1275 3360 nisi
1292 3309 1372 3362 reus
1391 3289 1428 3360 in
1443 3289 1641 3386 longinquis

235 3412 453 3506 probationes
471 3433 509 3486 se
525 3412 654 3488 habere
667 3411 835 3505 juraverit
855 3439 864 3484 ε
886 3434 956 3508 quo
973 3413 1117 3508 quidem
1138 3434 1222 3484 casu
1243 3412 1469 3488 consideratis
1486 3416 1639 3490 locorum

236 3535 422 3626 distantiis,
441 3559 624 3611 causarum
644 3537 867 3632 qualitatibus
884 3547 920 3612 et
935 3537 1192 3612 conditionibus
1207 3559 1451 3634 personarum,
1473 3541 1640 3614 terminus

237 3659 367 3756 longior
389 3662 529 3736 debebit
555 3672 589 3736 ct
614 3663 739 3758 poterit
762 3661 936 3756 indulgeri
955 3663 1013 3759 (c).
1034 3664 1076 3736 Et
1091 3664 1120 3736 si
1140 3663 1176 3734 in
1196 3685 1315 3738 eorum
1334 3663 1536 3758 probatione
1560 3687 1640 3738 reus

238 3782 413 3879 deiecerit,
432 3787 469 3860 in
494 3809 614 3861 omnes
630 3808 801 3883 expensas
817 3799 1030 3862 sacramento
1056 3789 1180 3863 notorie
1206 3811 1286 3862 curn
1312 3790 1488 3864 taxatione
1510 3789 1642 3884 judicis

238 3907 480 4003 declarandas,
505 3912 616 3986 abeo
644 3912 824 3986 occasione
848 3911 1002 4009 predicte
1028 3912 1202 3988 dilationis
1230 3915 1354 4000 lactas,
1383 3913 1497 4010 ipsum
1524 3915 1643 3990 decer·

239 4033 350 4106 nimus
367 4035 604 4110 condemnari.

277 4209 318 4292 (a)
340 4211 377 4274 In
389 4215 457 4278 cod.
473 4222 551 4276 tcto
568 4221 679 4295 :prout
690 4215 909 4297 masinissae
922 4215 1009 4278 ctiam
1021 4212 1195 4298 requicritcr
1208 4221 1250 4278 nt
1262 4212 1423 4277 inductam.

279 4317 318 4398 (b)
340 4321 375 4382 ln
389 4321 456 4383 cod.
466 4329 546 4384 48²5
559 4321 697 4384 additur:
712 4321 939 4404 quatinmiliter
948 4323 1134 4404 preceptoras
1146 4329 1175 4386 ct
1189 4318 1290 4404 eupuli
1296 4319 1342 4384 ccl
1347 4318 1486 4404 cuparii?
1488 4339 1564 4402 ponc
1571 4321 1640 4384 snb·

237 4423 994 4506 intas.Sedquldslbtldvelitornnlnonesolmus.
1620 4513 1622 4517 v

279 4530 317 4611 (a)
341 4534 435 4595 Totus
457 4535 506 4596 hlc
524 4534 607 4596 locus
628 4537 659 4596 ln
678 4551 784 4614 mace
803 4537 897 4599 multo
918 4537 1035 4599 brevior
1048 4537 1161 4600 dinosa
1173 4537 1357 4614 concipitur:
1373 4543 1402 4601 n
1413 4536 1645 4604 senonum

244 4639 376 4702 tumulus
397 4638 439 4702 ad
450 4639 636 4720 protam
654 4643 712 4724 ioci
730 4643 910 4720 medalu,
932 4642 1118 4708 consideratis
1137 4642 1262 4708 bcomm
1282 4643 1439 4726 distantiis,
1454 4644 1643 4729 qualitatibus

245 4759 389 4809 monum
402 4755 431 4812 ct
444 4745 652 4813 nndnbntbu
660 4767 861 4832 pannonum.
