4308 5910
778 609 905 670 llllllbll
930 608 1118 672 sicinina
1617 607 1658 668 97

243 766 313 840 que
333 765 380 816 ex
407 743 573 838 qualitate
594 763 741 838 persone
766 744 972 840 opponentis
990 745 1048 816 vel
1071 765 1176 817 cause
1195 743 1307 838 judici
1336 740 1387 838 (u)
1404 743 1574 817 malitiosa
1600 742 1656 816 vel

244 869 365 942 invola
396 865 578 960 uideatur3
603 887 674 940 uon
702 867 798 963 prius
814 868 1046 962 objicientem
1072 869 1119 942 ad
1145 891 1222 942 eam
1251 867 1465 965 probandam
1497 867 1656 940 admittat

246 1015 349 1088 quam
379 1001 631 1066 sacramentum
667 995 807 1089 prebeat
835 997 1009 1090 corporale
1039 993 1135 1090 quod
1164 1016 1234 1069 uon
1265 994 1434 1068 malitiose
1457 1013 1523 1066 uec
1549 1011 1655 1064 cansa

241 1127 375 1190 mutum
407 1117 615 1212 prorogandi
641 1118 815 1212 judicium
846 1141 906 1192 eas
934 1129 1107 1216 opponat,
1138 1117 1202 1194 sed
1227 1119 1324 1215 quod
1350 1120 1442 1216 ipsas
1466 1139 1529 1214 pro
1555 1115 1655 1190 firmo

240 1263 279 1314 so
303 1240 425 1315 credat
450 1263 553 1338 posse
579 1243 741 1338 probare;
765 1265 853 1338 quas
878 1252 996 1338 postea
1022 1243 1052 1314 si
1077 1264 1146 1316 uon
1171 1243 1370 1340 probaverit
1395 1241 1440 1316 ad
1467 1241 1653 1315 terminum

240 1362 305 1436 sibi
333 1363 473 1456 datum,
503 1375 732 1462 opponentem
768 1365 815 1440 ad
842 1387 1013 1462 expensas
1047 1389 1167 1440 omues
1201 1376 1413 1441 sacramento
1440 1365 1548 1464 partis
1572 1388 1652 1440 oum

240 1488 415 1563 taxatione
428 1488 560 1582 judicis
576 1487 800 1565 declarandas
815 1489 1118 1565 condemnandum
1135 1513 1211 1566 esse
1227 1513 1420 1566 censemus.

652 1783 855 1857 TITULUS
886 1784 1020 1858 XXVI.
1056 1791 1115 1870 Κς
1143 1781 1232 1882 (26).

548 1947 598 2020 Da
613 1950 855 2043 iuterroqarrdir
874 1951 1094 2044 litiqutorilua
1107 1973 1130 2023 u
1141 1946 1258 2044 judice
1274 1946 1334 2044 (b).

780 2139 871 2188 rnuu
904 2139 1102 2188 nueusrua.

284 2275 401 2348 Partes
426 2274 616 2369 injudicio
638 2277 811 2372 litigantes
838 2289 906 2353 tam
933 2289 1013 2353 ante
1041 2280 1135 2353 litem
1163 2287 1387 2352 contestatam
1415 2299 1522 2373 quam
1547 2285 1644 2372 post,

238 2411 339 2496 prout
355 2402 445 2495 juris
464 2403 552 2477 ratio
569 2413 604 2477 et
624 2405 760 2500 equitus
779 2405 932 2498 judicem
959 2406 1124 2498 moverit,
1143 2405 1189 2480 de
1207 2407 1296 2479 lacto
1322 2403 1523 2498 interrogari
1547 2424 1648 2499 posse

238 2525 456 2600 deceruimus
477 2537 512 2602 et
529 2528 754 2623 interrogatos
778 2551 839 2625 per
856 2553 893 2603 se
911 2533 967 2604 vel
990 2555 1051 2627 per
1067 2532 1173 2604 alium
1193 2553 1273 2605 cum
1291 2531 1537 2606 advocatorum
1556 2550 1647 2602 oon-

237 2651 312 2724 silio
333 2653 556 2748 respondere.
576 2653 784 2750 Plerumque
806 2656 909 2728 etiam
931 2657 988 2730 vel
1007 2679 1069 2752 pro
1089 2657 1254 2753 qualitate
1278 2677 1424 2752 persone
1446 2655 1502 2726 vel
1528 2675 1644 2747 cause,

236 2777 291 2848 uel
311 2776 342 2848 si
356 2773 470 2868 judex
494 2777 590 2872 quod
616 2779 740 2851 salsum
759 2779 965 2876 respoudeat
989 2792 1185 2878 suspectum
1211 2782 1337 2854 habeat
1359 2779 1644 2877 respondentem,

235 2899 280 2973 ad
295 2901 499 2975 sacramenti
514 2903 716 2997 religionem
734 2903 909 2978 adducere
926 2927 1006 2979 eum
1025 2927 1126 3002 posse
1142 2927 1335 2980 censemus.

643 3199 844 3271 TITULUS
872 3199 1026 3271 XXVII.
1060 3203 1121 3270 KZ
1147 3193 1236 3294 (27).

572 3362 622 3434 De
639 3365 705 3458 fida
721 3367 1018 3438 instrumentorum
1038 3375 1070 3437 et
1090 3367 1222 3438 tertium
1239 3363 1253 3461 (
1271 3364 1298 3462 ).

723 3552 794 3602 nur
825 3553 1062 3602 euruauanus
1085 3529 1150 3626 (l).

283 3685 509 3764 instrumenta
537 3689 584 3764 de
616 3691 861 3768 donationibus
891 3705 952 3769 aut
977 3697 1259 3770 concessionibus
1288 3697 1345 3770 vel
1375 3696 1644 3792 quibuscunque

275 3859 316 3938 (a)
337 3862 374 3923 ln
387 3864 482 3928 Putat.
497 3864 544 3928 orl
553 3867 746 3951 majoritum
759 3871 875 3934 diverse
888 3880 987 3935 umen
1002 3875 1082 3952 apud
1096 3891 1232 3953 maecum
1246 3871 1292 3935 uel
1303 3891 1341 3934 aa
1353 3872 1564 3956 euauujudieli.

272 3965 314 4046 (d)
334 3970 445 4032 Graece
457 3973 577 4036 oddltur
591 3994 600 4036 ε
614 3975 650 4037 dr
661 3977 754 4057 sacto.
768 3979 841 4041 (lod.
851 3989 928 4041 aaut
943 3983 971 4040 Α
983 4000 991 4042 r
1003 3981 1046 4042 ne
1054 3979 1164 4063 fudicir
1176 3977 1293 4061 repulsa
1310 3985 1445 4062 rutperti,
1461 3981 1593 4044 obscure.

272 4073 309 4153 (a)
335 4075 447 4139 Graece
462 4097 471 4140 a
486 4080 529 4140 Dr
545 4077 590 4142 iria
602 4083 635 4144 iu
649 4083 752 4166 quibua
770 4087 934 4148 ooutiactur
946 4105 1051 4148 nomeu
1066 4087 1189 4172 alicujus
1202 4088 1289 4150 luatis
1301 4096 1354 4150 cut
1368 4089 1528 4171 proditoria
1547 4091 1640 4172 impa-

234 4183 342 4244 ratoris.
356 4185 428 4247 Gud.
445 4188 563 4250 toatll
577 4191 638 4253 :Da
653 4196 811 4255 curatione
823 4197 1081 4258 inutrauneutorum
1098 4217 1118 4258 u
1125 4196 1323 4278 proditoribus
1333 4196 1559 4280 procedentium.

262 4448 299 4522 lt)
316 4449 406 4520 Qum
417 4451 445 4508 iu
456 4451 536 4512 editis
549 4453 617 4513 baec
628 4459 782 4518 constitutio
790 4460 925 4519 lirlderico
937 4461 1114 4534 adscribabu,
1122 4464 1227 4538 putaui
1234 4464 1349 4522 Pecehia
1362 4465 1485 4522 eamdem
1498 4467 1637 4522 andtilo

231 4543 343 4604 incuria
356 4547 484 4622 Capuam
496 4551 674 4628 publicatam,
689 4564 782 4630 postea
795 4559 945 4633 mitigatam
959 4560 1043 4618 inisse
1056 4577 1091 4618 er
1106 4562 1204 4634 altera,
1217 4563 1318 4620 scilicet
1331 4579 1365 4620 ex
1377 4563 1453 4621 titulo
1465 4563 1577 4620 Xlllllll
1590 4562 1639 4636 qul

232 4643 357 4715 ”quitum
372 4646 500 4716 Quaestio
521 4655 612 4710 umen
633 4655 779 4712 exsolvitur
799 4657 897 4717 auxilio
916 4658 1030 4718 duorum
1050 4658 1209 4718 Parisieusis
1230 4660 1410 4720 bibliothecae
1434 4661 1570 4733 oudcum,
1589 4661 1635 4735 qui

232 4740 308 4798 ambo
319 4743 537 4818 regisGuillolmi
550 4764 649 4810 nomeu
662 4753 811 4828 prorumu
1252 4805 1254 4808 .

328 4843 381 4908 lv.
1444 4869 1479 4921 aa
