4288 5912
1019 521 1234 586 tutunutct
1258 521 1431 585 saeuum
1744 529 1825 609 [dn.
1844 529 1930 596 1232

737 799 1716 816 *unum-*m

311 1099 490 1212 „mm
571 1081 808 1196 Friderious,
832 1085 1093 1172 Romanorum
1120 1088 1344 1200 imperator,
1369 1089 1527 1174 mandat
1554 1089 1728 1192 Qualliae
1753 1093 1802 1175 de
1828 1091 1930 1176 Gor-

517 1241 613 1300 zano
631 1227 674 1300 ut
692 1219 842 1304 studeat
859 1245 1084 1331 componere
1102 1221 1374 1307 dissentionem
1390 1233 1516 1308 ortam
1529 1223 1628 1308 inter
1641 1224 1818 1308 comitem
1831 1225 1929 1307 Pro-

515 1349 660 1435 vinciae
690 1361 728 1436 et
755 1351 1034 1462 Massilienses,
1065 1355 1265 1441 Baloenses
1296 1366 1556 1468 caeterosque,
1592 1383 1641 1440 ne
1667 1357 1769 1440 idem
1800 1381 1928 1440 oomes

510 1482 655 1594 justam
673 1488 954 1572 exeusationem
971 1489 1111 1572 habeat
1140 1515 1219 1574 non
1250 1490 1425 1576 veniendi
1452 1517 1522 1600 pro
1553 1491 1772 1575 defensione
1798 1490 1926 1600 petri-

513 1617 632 1702 monii
650 1619 750 1705 beati
776 1621 895 1732 Petri,
915 1621 974 1708 vel
1001 1622 1180 1707 comitem
1210 1625 1389 1710 eumdem
1419 1635 1457 1708 et
1487 1625 1665 1710 oomitem
1693 1624 1925 1708 Tolosanum

511 1755 1235 1968 {aglemsqueadversariosinduoatad
1248 1757 1424 1869 querelas
1435 1769 1522 1844 ante
1535 1757 1924 1870 ouriamimperialem

539 1911 560 1970 e
587 1886 760 1972 niendas.

592 2102 720 2186 (laedit.
736 2103 1051 2184 extenuandam
1068 2105 1197 2182 Maseli,
1212 2105 1324 2168 Inerat
1338 2108 1415 2190 otu,
1429 2113 1497 2170 tour
1509 2107 1551 2168 da
1563 2105 1668 2186 ueror,
1684 2105 1767 2184 t011,
1783 2113 1815 2166 ⁴·
1829 2103 1922 2184 rand,

633 2219 682 2272 44·
695 2211 799 2288 ltesse,
814 2213 899 2274 lettre
911 2211 956 2293 J.)

557 2397 758 2472 Frederious
776 2401 839 2474 Dei
862 2403 973 2496 gratia
990 2403 1222 2476 Romanorum
1239 2401 1424 2497 imperator
1448 2412 1585 2498 semper
1607 2408 1795 2494 augustus,
1817 2400 1921 2474 Jeru-

508 2522 617 2596 salem
643 2533 678 2597 et
707 2524 822 2598 Sicilie
851 2547 933 2619 rex,
965 2527 1099 2613 Quallio
1124 2525 1170 2600 de
1198 2525 1353 2600 Gonano
1378 2523 1475 2600 fideli
1501 2545 1567 2600 suo
1596 2524 1742 2618 gratim
1766 2545 1866 2597 suam
1886 2533 1920 2598 et

507 2646 634 2721 bonam
660 2650 886 2724 voluntatem,
920 2650 1006 2724 Cur'n
1032 2671 1095 2748 per
1124 2651 1253 2724 litteras
1282 2659 1417 2726 naeuus
1443 2649 1560 2724 oomiti
1589 2649 1769 2724 Provincia
1794 2649 1918 2722 dilecto

507 2771 602 2846 affini
626 2781 741 2848 nostro
758 2782 793 2848 et
811 2771 906 2848 fideli
930 2773 1092 2850 dedimus
1108 2775 1145 2848 in
1167 2774 1341 2850 mundatis
1365 2783 1405 2846 ut
1420 2795 1484 2870 pro
1504 2772 1706 2848 defensione
1723 2772 1918 2868 patrimonii

506 2895 790 2996 batinario),
809 2897 856 2973 ad
872 2909 978 2994 quam
991 2900 1081 2975 deut
1095 2909 1252 2976 tenemur
1269 2898 1501 2992 intendimus,
1519 2919 1600 2972 eum
1615 2907 1822 2972 armatomm
1842 2898 1917 2972 lau·

508 3017 614 3093 debili
638 3022 801 3098 eomitiva
817 3023 863 3098 ad
881 3046 946 3097 nos
962 3023 1096 3122 prolixo
1113 3026 1259 3100 termino
1277 3024 1468 3098 studentes
1490 3023 1661 3112 oonterre,
1688 3043 1734 3096 ue
1758 3043 1820 3118 pro
1843 3021 1915 3096 dis-

506 3145 664 3220 sensione
685 3169 790 3243 quam
818 3146 923 3222 hebet
950 3148 1065 3224 dietus
1087 3170 1202 3224 eomes
1229 3170 1311 3222 eum
1336 3147 1609 3222 Massiliensibus
1626 3146 1798 3220 inferioris
1815 3147 1912 3236 ville,

504 3269 729 3345 Baloensibue
741 3283 776 3346 et
786 3271 827 3344 G.
845 3271 891 3347 de
905 3273 1058 3348 Sabrano
1069 3295 1111 3346 ao
1122 3273 1200 3346 aliis
1214 3275 1291 3366 ejus
1302 3270 1509 3346 adversariis
1519 3273 1647 3364 justam
1660 3271 1914 3344 exeusationem

504 3393 631 3468 habeat
645 3396 865 3488 remanendi,
892 3395 1049 3470 fidelitati
1071 3409 1131 3470 tue
1146 3395 1357 3494 presentium
1379 3395 1581 3471 auctoritate
1600 3393 1807 3468 mandamus
1820 3413 1915 3488 qna-

504 3521 778 3596 tenuseumdem
790 3522 949 3595 oomitem
958 3523 1139 3596 Provinoie
1152 3543 1194 3596 ao
1206 3521 1320 3595 dictos
1329 3519 1545 3594 adversarios
1553 3537 1619 3591 neo
1628 3537 1697 3590 non
1709 3527 1744 3590 at
1757 3518 1913 3592 eomitem

506 3643 713 3717 Tolosanum
728 3643 848 3718 fideles
867 3655 1001 3719 nostros
1021 3646 1243 3743 personaliter
1265 3645 1371 3718 adeas
1394 3653 1429 3716 et
1452 3663 1512 3716 eos
1536 3663 1583 3714 ex
1607 3649 1704 3738 parte
1727 3652 1842 3714 nostra
1869 3639 1913 3713 de

505 3767 646 3844 inianda
664 3769 828 3843 intereos
845 3771 1091 3866 oompositione
1112 3771 1285 3866 requiras,
1306 3767 1363 3842 vol
1388 3769 1508 3840 saltem
1525 3775 1681 3864 treugam
1700 3766 1832 3839 tamdiu
1843 3787 1912 3838 'ao-

507 3891 636 3988 cipiunt
645 3892 741 3988 quod
753 3915 875 3967 eorum
888 3892 1052 3968 durantio
1065 3894 1148 3967 huia
1159 3903 1275 3968 nostro
1284 3891 1423 3988 negotio
1433 3889 1677 3986 impedimenta
1689 3911 1758 3961 non
1771 3897 1909 3985 prestet.

506 4016 544 4089 Si
553 4038 636 4090 vero
645 4038 705 4091 eos
717 4017 764 4092 ad
777 4018 814 4091 id
826 4039 895 4092 uon
907 4018 1034 4114 poteris
1045 4016 1222 4112 indueere,
1236 4027 1275 4090 tu
1288 4017 1333 4090 ab
1349 4017 1399 4090 eis
1411 4015 1594 4088 sufficienti
1609 4014 1768 4087 cautione
1777 4023 1912 4109 recepta

1386 4187 1678 4198 -o-——u—-a--o-

505 4273 578 4334 rious
592 4273 724 4333 Seotianls
737 4274 955 4334 trmslatiouibus
966 4275 1124 4348 convenire,
1137 4279 1195 4332 tum
1208 4273 1245 4334 ad
1259 4289 1359 4332 aunum
1373 4275 1458 4344 ⁴232,
1469 4271 1543 4332 olea
1562 4269 1658 4342 mem,
1673 4267 1814 4344 epistolam
1826 4267 1911 4342 ipsam

504 4375 588 4433 tuisse
603 4373 790 4447 musoriptam.
802 4373 843 4432 ct.
853 4376 1006 4446 termam,
1020 4373 1071 4432 loo.
1084 4375 1169 4442 uitat,
1181 4390 1210 4448 p.
1221 4375 1282 4442 rot,
1294 4375 1358 4446 465,
1370 4371 1522 4442 4414444444,
1537 4371 1665 4428 omre
1677 4373 1703 4426 et
1719 4367 1909 4436 t'ooerro'r'smo,

504 4489 533 4548 p.
549 4473 611 4532 444.
626 4471 805 4530 Praetereunt
817 4473 851 4532 da
862 4473 955 4532 Studio
966 4471 1123 4532 4444444444
1135 4485 1232 4532 reuera
1243 4476 1347 4545 agatur,
1358 4470 1486 4546 empus
1498 4467 1616 4544 spatium
1627 4466 1696 4526 intar
1705 4480 1791 4524 anuos
1804 4466 1873 4526 ⁴2³2
1883 4467 1911 4520 et

503 4573 575 4632 42³5
587 4569 765 4644 readingitur.

540 4669 576 4745 (4)
594 4667 662 4730 Vide
673 4683 770 4744 supra,
784 4684 814 4743 p.
829 4668 892 4740 367,
906 4671 962 4726 not.
975 4668 1003 4740 2,
1016 4681 1044 4742 p.
1055 4667 1144 4726 trost
1157 4672 1213 4726 not.
1230 4669 1256 4723 t.
1374 4659 1377 4666 '
