4298 5906
621 611 833 674 APPENDIX
860 607 1234 675 constitutionum.
1468 568 1469 572 Ἰ
1575 607 1635 670 ets

218 759 334 824 nostre
353 749 530 824 humiliter
547 749 760 845 supplicavit
778 775 788 821 r
809 760 848 820 ut
872 748 918 823 de
934 751 1051 822 innata
1071 746 1179 841 gratia
1199 755 1235 819 et
1255 753 1422 840 potestate
1439 745 1541 818 nobis
1560 747 1633 820 im-

218 876 305 971 perii
322 873 493 948 divinitus
515 873 700 969 impertita,
720 874 810 967 juris
828 873 941 946 civilis
962 874 1123 967 rigorem,
1144 870 1205 965 qui
1226 890 1296 942 non
1322 870 1420 942 alitor
1444 871 1560 944 sanxit
1579 873 1632 944 in·

221 999 342 1074 ohouta
364 999 519 1072 exerceri
544 998 733 1072 certamina
756 999 824 1071 uisi
850 998 949 1094 quod
971 997 1105 1092 judicio
1128 995 1306 1082 inchoato,
1328 995 1403 1090 ipse
1425 995 1632 1090 principales

218 1145 364 1220 persorm
384 1123 557 1197 calumnie
578 1123 726 1196 subeant
741 1124 974 1216 iuramentum
995 1124 1050 1195 val
1069 1119 1333 1216 Jnsjnrandum3
1354 1119 1504 1213 rigorem
1528 1120 1630 1194 etiam

217 1247 430 1320 indicantem
455 1269 499 1322 ne
516 1269 578 1344 per
598 1257 728 1320 tutores
749 1249 807 1321 vel
832 1259 1006 1321 curatores
1027 1257 1108 1319 ante
1137 1255 1275 1340 ceptum
1299 1243 1471 1336 judicium
1501 1245 1633 1340 possint

215 1383 456 1467 procuratores
484 1374 647 1447 constitui
676 1395 736 1448 seu
763 1385 917 1464 actores,
946 1371 1211 1447 misericorditer
1237 1381 1483 1465 temperantes,
1517 1372 1631 1448 eidem

217 1495 384 1586 filiasue,
405 1497 501 1570 lideli
518 1509 650 1590 nostre,
674 1499 790 1572 tutrioi
806 1497 957 1572 liliorum
975 1519 1129 1590 suorum,
1153 1496 1199 1569 ad
1220 1495 1476 1590 pmsequendas
1495 1497 1572 1570 lites
1598 1508 1632 1571 et

215 1620 425 1717 explicanda
445 1623 591 1718 negocia
612 1623 824 1720 pupillorum
846 1623 883 1694 in
899 1622 1041 1716 judiciis
1061 1633 1094 1696 et
1116 1631 1217 1695 extra
1236 1621 1370 1714 judicia
1391 1642 1451 1716 per
1468 1643 1631 1717 procura·

216 1753 327 1836 tores,
346 1746 484 1842 abipsa
501 1747 624 1820 tutrice
642 1757 786 1820 statutos
802 1749 859 1821 vel
884 1746 1104 1840 statuendos,
1129 1767 1190 1842 pro
1212 1746 1340 1840 quibus
1358 1747 1551 1820 cautionem
1567 1770 1631 1820 ex·

214 1879 323 1963 ponet
348 1871 557 1965 legitimam,
585 1881 620 1944 et
639 1870 735 1966 quod
757 1871 824 1966 ipsi
847 1881 1083 1967 procuratores
1109 1871 1145 1943 iu
1170 1870 1284 1943 causis
1311 1869 1396 1964 ipsis
1420 1879 1632 1943 sacramenta

213 2003 368 2086 prestent
390 1995 579 2088 calumnie,
600 1995 774 2092 predictos
793 1996 883 2088 iuris
905 1997 1036 2090 rigores
1058 2016 1120 2092 per
1143 2003 1296 2068 nostram
1319 1995 1556 2068 excellentiam
1578 2016 1632 2068 re·

212 2117 329 2190 laxari
346 2127 415 2191 lam
432 2119 489 2216 pie
506 2142 612 2220 quam
636 2121 903 2194 misericorditer
921 2122 1178 2194 mandaremus.
1199 2121 1268 2193 Nos
1284 2128 1399 2192 autem
1415 2097 1631 2194 attendentes

211 2251 313 2334 grata
338 2244 422 2315 satis
441 2253 476 2316 et
497 2255 638 2340 accepta
657 2246 796 2318 servitia
817 2267 887 2340 que
911 2245 1025 2318 dictos
1040 2245 1083 2316 Α.
1101 2255 1136 2318 et
1155 2254 1385 2317 antecessores
1402 2243 1456 2315 sui
1477 2243 1578 2316 nobis
1596 2254 1631 2317 et

212 2367 359 2462 imperio
375 2377 491 2442 nostro
510 2367 743 2442 exhibuerunt
764 2370 931 2442 hactenus
946 2379 981 2442 et
997 2369 1163 2442 exhibent
1182 2368 1402 2459 incessanter,
1424 2376 1459 2440 et
1476 2369 1513 2440 in
1529 2379 1631 2444 antea

214 2490 260 2565 de
283 2491 376 2564 bono
400 2492 437 2564 iu
459 2493 583 2566 melius
605 2492 771 2566 exhibere
793 2495 917 2590 poterit
939 2495 1106 2588 gratiora;
1129 2492 1385 2567 considerantes
1407 2493 1511 2567 etiam
1535 2493 1632 2566 nobi·

213 2615 347 2688 litatem
369 2617 523 2690 mulieris
546 2618 691 2712 prefate,
710 2617 805 2712 quod
823 2619 978 2692 virorum
1001 2619 1135 2692 cetibus
1157 2641 1218 2714 pro
1243 2617 1460 2712 exequendis
1476 2620 1630 2712 negociis

212 2739 428 2834 pupillorum
445 2762 484 2814 se
496 2740 639 2815 honeste
656 2753 808 2838 nequeat
823 2744 1029 2834 immiscere,
1045 2755 1080 2816 et
1093 2765 1138 2816 ne
1152 2745 1290 2834 lemine,
1309 2743 1547 2838 prosequende
1563 2743 1631 2816 litis

211 2864 376 2958 obtentu,
403 2865 439 2937 in
455 2867 654 2940 matronalis
672 2867 817 2964 pudoris
833 2869 1076 2942 contumeliam
1096 2870 1243 2958 irruant,
1263 2867 1291 2940 si
1309 2878 1476 2961 cogantur
1493 2887 1629 2941 mascu-

212 2989 327 3061 lorum
356 2991 585 3064 conventibus
606 2993 663 3065 vel
684 2992 827 3086 judiciis
854 2995 1036 3084 interesse;
1068 3015 1147 3065 cum
1175 2993 1343 3085 allegem
1370 2991 1630 3064 meminerimus

211 3113 342 3188 editam
366 3115 435 3212 (l),
456 3139 526 3211 que
550 3127 690 3212 propter
715 3117 883 3214 pudorem
906 3135 942 3192 et
964 3118 1208 3192 verecondiam
1229 3117 1451 3205 seminarum,
1475 3138 1535 3191 aas
1558 3137 1627 3190 non

211 3238 298 3310 sinit
318 3240 465 3313 testibus
486 3242 544 3314 vol
566 3242 665 3314 cetui·
684 3242 824 3337 publico
845 3242 1091 3334 demonstrari,
1118 3245 1180 3317 sed
1204 3263 1265 3338 per
1290 3251 1529 3337 procuratores
1551 3241 1628 3316 ido·

211 3383 300 3436 neos
323 3364 536 3460 imperialem
565 3368 697 3462 possint
718 3367 816 3440 adiro
834 3369 1069 3455 clementiam,
1092 3370 1136 3440 ad
1157 3369 1255 3441 etatis
1276 3368 1413 3440 veniam
1443 3369 1628 3463 impetran-

210 3487 315 3574 dam;
336 3489 391 3561 bis
415 3499 449 3562 et
472 3490 549 3564 aliis
566 3491 670 3583 justis
696 3501 732 3565 et
751 3492 904 3566 honestis
934 3493 1126 3566 rationibus
1150 3493 1320 3585 inclinati,
1340 3493 1523 3588 benignius
1546 3491 1630 3566 dicti

210 3610 331 3686 fidelis
352 3613 459 3685 nostri
478 3615 745 3710 supplicationes
764 3617 989 3706 admisimus,
1013 3617 1126 3691 eidem
1146 3617 1289 3691 lsabelle
1312 3617 1381 3692 lilia
1398 3640 1462 3691 sue
1484 3617 1531 3691 de
1553 3639 1629 3713 spe·

209 3735 295 3808 ciali
313 3737 424 3830 gratia
442 3738 670 3812 concedentes
690 3751 728 3812 ul
750 3763 873 3815 causas
898 3753 934 3816 et
961 3744 1037 3816 lites
1058 3743 1267 3840 pupillorum
1286 3763 1427 3814 suorum
1448 3742 1632 3835 injudicio

208 3869 246 3932 et
262 3869 363 3933 extra
378 3861 569 3957 judicium,
589 3863 673 3938 dum
692 3875 828 3962 tempus
846 3870 951 3942 tutele
972 3870 1164 3962 duraverit,
1184 3890 1246 3964 per
1268 3879 1505 3964 procuratores
1528 3868 1574 3941 ab
1589 3889 1631 3944 ea

207 3996 358 4061 statutus
373 3990 431 4061 vel
444 3991 659 4082 statuendos,
671 4015 713 4066 ac
727 3995 756 4065 si
769 3995 873 4067 etiarn
889 3997 963 4091 ipsa
977 3997 1085 4068 tutrix
1098 3996 1163 4068 boo
1176 3997 1311 4086 laceret,
1325 3995 1440 4068 valeat
1450 4017 1627 4070 exercere.

204 4109 352 4184 Eisdem
380 4113 484 4186 otiam
509 4117 790 4211 procuratoribus
815 4119 1040 4216 indulgemus
1058 4131 1096 4192 ut
1116 4121 1151 4191 in
1172 4120 1289 4192 litibus
1310 4120 1346 4191 in
1360 4119 1503 4212 judiciis
1525 4143 1628 4194 exer·

205 4235 335 4309 cendis
352 4237 420 4332 ipsi
438 4251 675 4333 procuratores
693 4255 906 4320 sacramenta
919 4246 1088 4318 calumnie
1104 4245 1283 4340 prebeant,
1302 4265 1382 4317 cum
1399 4265 1461 4340 pro
1477 4245 1629 4339 negociis

204 4359 424 4454 pupillorum
449 4383 488 4436 se
510 4385 612 4436 casus
635 4365 817 4460 ingesserit
843 4381 1077 4466 opportunum
1108 4369 1300 4462 objectione
1329 4391 1398 4464 qua
1421 4369 1628 4466 principales

205 4504 359 4578 persone
381 4507 450 4558 non
467 4489 595 4560 luerint
608 4491 665 4564 vel
680 4491 756 4587 lege
777 4492 893 4588 aliqua
919 4495 1174 4568 nonobstante.
1195 4494 1337 4568 Stetutis
1353 4494 1456 4568 etiam
1480 4493 1629 4568 civitatis

908 4681 1131 4689 -ι-..ο--ιο-.
1137 4682 1284 4690 4...ι-...νι---ι
1295 4682 1322 4690 ..a
1328 4682 1436 4690 ,οι-...η
1442 4682 1492 4689 ----
1498 4681 1593 4690 ωηο-ι...

246 4761 288 4836 (t)
308 4761 347 4822 dt.
363 4779 447 4840 snpra
459 4766 529 4827 inter
541 4785 626 4830 novas
639 4773 855 4846 constitutiones,
869 4791 898 4850 p.
918 4777 979 4832 lto.
