4288 5912
513 555 574 622 tes
994 535 1231 616 ‘rarusrucr
1255 535 1432 618 secuun'r'
1732 554 1916 640 [omres

513 689 607 762 tibus
621 687 695 761 suis
715 686 879 784 expensis
894 709 957 784 pro
976 687 1080 763 terre
1097 689 1221 762 Sancte
1241 688 1398 763 subsidio
1415 709 1478 785 per
1494 687 1674 763 biennium
1691 690 1916 783 exhibendis,

511 829 577 908 pro
594 819 692 906 perte
706 831 771 884 sue
781 820 817 884 et
833 809 979 906 predicti
992 810 1053 884 filii
1068 809 1202 886 firmum
1213 810 1317 886 babet
1329 821 1364 886 et
1373 821 1495 886 ratam.
1508 813 1552 886 Et
1558 815 1660 907 juxta
1669 813 1919 888 ordinationem

512 934 767 1032 ipsiusdomini
785 957 891 1032 pape,
914 935 1054 1009 remittit
1069 935 1202 1008 eisdem
1223 935 1505 1010 universitatibus
1524 945 1560 1011 et
1586 937 1670 1011 iocis
1693 937 1858 1034 predictis
1884 940 1919 1012 in

512 1057 758 1154 compromisso
768 1058 955 1155 expressis,
965 1067 1000 1132 et
1011 1057 1113 1133 etiam
1127 1058 1316 1134 marchioni
1330 1059 1572 1134 Montisferrati
1580 1060 1641 1156 qui
1652 1061 1742 1134 inira
1753 1069 1934 1134 statutum

512 1181 702 1278 apartibus
715 1182 899 1256 terminum
911 1182 1159 1280 compromisit,
1178 1205 1298 1258 omnes
1311 1185 1455 1278 injurias
1467 1196 1502 1260 et
1515 1185 1661 1260 offensas
1676 1194 1795 1259 eontra
1805 1185 1918 1282 ipsum

511 1313 547 1378 et
560 1302 670 1377 tilium
683 1325 725 1377 ac
737 1305 911 1402 principes
922 1327 1006 1379 suos
1018 1307 1229 1398 commissas,
1246 1307 1469 1404 impediendo
1483 1307 1776 1383 indictamultimo
1787 1309 1918 1382 curiam

511 1428 548 1501 in
566 1427 744 1522 Ravenna,
758 1427 942 1524 irrogando
959 1429 1101 1522 injurias
1114 1431 1329 1528 principibus
1342 1432 1617 1508 venientibusad
1629 1429 1917 1526 eumdem,dicto-

511 1573 581 1648 que
597 1551 668 1626 etto
685 1552 735 1626 ire
748 1553 877 1628 volenti
890 1551 1023 1627 aditum
1036 1553 1283 1649 praeludendo.

558 1677 684 1750 Datum
708 1675 803 1772 apud
826 1676 982 1750 Castrum
1005 1677 1189 1771 iohannis,
1212 1699 1304 1753 anno
1326 1677 1462 1752 Domini
1482 1677 1726 1772 Mccxxxtn,
1752 1679 1829 1752 xlv
1854 1699 1917 1752 au·

510 1799 618 1896 gusti,
637 1801 783 1897 septima
793 1801 994 1911 indictione.

347 2333 361 2365 n
415 2333 459 2420 ”t
563 2299 768 2412 Gregorius
785 2325 885 2410 papa
907 2299 1141 2384 Fridericum
1158 2299 1421 2386 Romanorum
1441 2301 1707 2412 imperatorem
1724 2315 1855 2387 monet
1874 2315 1918 2388 ut

508 2432 735 2516 Sarracenos
753 2430 929 2516 Luceriae
955 2431 1021 2542 qui
1048 2457 1127 2517 non
1149 2431 1389 2517 mediocriter
1409 2433 1579 2518 italicum
1603 2434 1746 2519 idioma
1767 2435 1916 2520 intelli-

509 2575 619 2677 gunt,
634 2565 806 2649 hortetur
825 2565 876 2648 ed
892 2565 1125 2675 recipiendos
1137 2566 1178 2648 in
1192 2592 1285 2676 pecc
1299 2565 1436 2651 iratres
1453 2567 1598 2652 ordinis
1610 2567 1917 2653 Praedicatorum

508 2723 605 2809 quos
623 2699 672 2781 ed
690 2724 754 2782 eos
776 2697 919 2808 dirigit.

589 2886 687 2964 (Edld.
710 2887 890 2960 brunnum,
912 2881 1025 2949 Annei.
1045 2881 1140 2949 mter.
1159 2887 1198 2948 ed
1219 2901 1291 2948 ann.
1316 2895 1407 2967 trae,
1428 2886 1573 2962 sitm,
1593 2903 1611 2948 e
1630 2893 1751 2968 regest,
1771 2888 1823 2949 ttb.
1844 2888 1915 2961 vn,

627 2991 758 3072 atsto.)

557 3151 757 3250 Gregorius,
785 3163 869 3244 etc,
892 3151 1092 3246 Frederico,
1120 3163 1174 3228 etc
1178 3207 1553 3228 ..........
1586 3155 1799 3252 Imperialem
1821 3178 1916 3230 man·

508 3275 728 3350 suetudinem
749 3277 940 3374 rogandam
966 3277 1133 3351 duximus
1156 3287 1192 3352 et
1216 3278 1420 3353 hortandam
1444 3287 1615 3374 quatenus
1638 3279 1834 3354 sarracenis
1854 3279 1913 3374 qui

508 3402 706 3497 Capitanate
718 3403 900 3478 Nuceriam
916 3403 1071 3477 incolunt
1082 3413 1117 3477 et
1131 3403 1283 3476 italicum
1299 3403 1427 3480 idioma
1440 3427 1510 3479 non
1526 3403 1742 3478 mediocriter
1758 3411 1798 3476 ut
1810 3404 1915 3476 fertur

509 3525 721 3622 intelligunt,
742 3548 805 3624 per
829 3536 907 3600 tues
924 3527 1051 3600 litteras
1070 3524 1213 3599 firmiter
1230 3525 1315 3601 dare
1337 3527 1466 3602 debeas
1489 3527 1525 3598 in
1548 3525 1721 3601 mandetis
1743 3535 1782 3599 ut
1798 3527 1915 3601 iratres

507 3650 638 3725 ordinis
651 3649 923 3745 Predieatorum,
944 3651 1039 3747 pacis
1052 3653 1209 3745 angelos,
1228 3673 1317 3746 quos
1330 3651 1447 3724 adeos
1460 3673 1539 3724 cum
1552 3649 1800 3725 exhortationis
1810 3651 1915 3724 verbo

508 3775 708 3870 dirigimus,
729 3775 765 3848 in
782 3797 870 3872 pace
885 3775 1095 3871 suscipiant,
1114 3776 1282 3871 patienter
1294 3775 1439 3849 audiant
1454 3785 1488 3850 et
1499 3774 1689 3872 prudenter
1706 3775 1749 3848 iis
1765 3795 1836 3871 que
1854 3795 1915 3871 pro

506 3899 616 3974 salute
625 3921 690 3973 sua
703 3909 940 3996 proponuntur
954 3899 1146 3974 intendant.
1158 3899 1194 3972 Si
1201 3901 1287 3973 forte
1305 3909 1401 3996 pater
1416 3901 1587 3973 luminum
1606 3908 1722 3974 nostre
1738 3901 1914 3973 miseratus

507 4025 676 4121 aspiciens
694 4023 892 4098 intentionis
908 4024 1088 4116 affectum,
1117 4026 1246 4120 populo
1261 4024 1322 4118 qui
1341 4023 1377 4095 iu
1395 4024 1546 4097 tenebris
1564 4023 1695 4097 habitat
1717 4043 1839 4096 verum
1863 4023 1914 4096 lu·

507 4170 588 4223 men
602 4147 776 4234 ostendat,
796 4157 830 4220 et
842 4149 871 4220 si
888 4148 984 4243 quod
996 4169 1017 4220 a
1030 4149 1130 4222 nobis
1140 4148 1176 4220 in
1192 4147 1432 4222 benedictione
1445 4149 1671 4244 plantabitur,
1691 4146 1843 4244 potentie
1859 4158 1915 4220 tue

509 4271 687 4349 favoribus
700 4272 879 4366 irrigetur,
905 4270 954 4346 ad
975 4293 1085 4344 unum
1108 4293 1155 4344 ex
1180 4272 1247 4345 boc
1268 4272 1449 4345 nobiscum
1468 4269 1627 4366 proficias
1644 4271 1803 4344 meritum
1821 4268 1914 4366 apud

509 4417 606 4490 eum,
624 4395 687 4493 qui
705 4397 800 4470 solus
813 4395 933 4468 tribuit
949 4395 1219 4489 incrementum
1237 4396 1322 4491 quia
1343 4397 1405 4492 qui
1426 4397 1557 4492 plantat
1572 4396 1682 4492 etqui
1699 4395 1790 4491 rigat
1806 4417 1913 4468 unum

507 4520 638 4594 suntin
651 4519 755 4592 unius
772 4517 968 4592 intentionis
983 4519 1160 4612 affectum,
1181 4528 1248 4594 etc.

555 4644 680 4718 Datum
696 4641 869 4738 Anagnis,
893 4642 938 4714 vt
956 4641 1121 4716 kalendas
1137 4643 1356 4739 septembris,
1378 4640 1483 4741 [anno
1494 4639 1581 4740 vul.
