4320 5918
506 507 566 570 510
996 503 1219 568 'uoluuntur
1244 503 1417 568 sncuunt
1730 510 1811 589 [ιιι
1829 511 1919 576 lesu

510 639 629 746 1199,
657 641 707 722 ll
733 635 976 748 septembuie‚
1000 635 1179 722 emlesiaa
1208 637 1419 750 Eystctensi
1444 663 1690 748 concessum,
1718 643 1923 730 confirmat

510 799 555 856 ao
572 779 750 879 renouat,
771 769 868 853 illud
885 770 933 853 de
950 768 1067 855 uerbo
1085 771 1134 856 ed
1153 770 1312 857 uerbum
1329 773 1406 858 huc
1423 773 1624 858 bmscribi
1643 773 1798 860 ludens.
1916 895 1919 898 Ι

593 995 1920 1092 (uunmuommuotca,t.xxxl,pmu·,psao,e1mr.mpm.ulemmt‚

631 1105 684 1168 lot.
709 1114 725 1166 c
749 1111 778 1166 et
800 1115 828 1167 4.
848 1104 1092 1183 —Prldlaglum
1111 1105 1241 1184 Pblllppl
1266 1107 1346 1188 rcgls
1370 1105 1527 1168 exhibetur
1551 1105 1679 1186 Iliaden,
1702 1114 1776 1170 tom
1799 1110 1918 1184 xxix.

629 1229 662 1290 p.
678 1209 763 1291 488.)

511 1418 517 1429 ’
562 1413 600 1484 ln
619 1410 757 1484 nomine
779 1418 897 1484 sancte
919 1418 954 1484 et
973 1409 1156 1486 individue
1173 1409 1358 1485 Trinitatis.
1383 1410 1584 1486 Fredericus
1607 1411 1784 1488 secundus
1801 1412 1921 1487 divina

514 1539 651 1612 favente
665 1535 846 1610 clementia
867 1537 1098 1610 Romanorum
1123 1535 1306 1632 imperator
1326 1555 1461 1634 semper
1478 1545 1664 1632 augustus,
1684 1539 1872 1612 Jerusalem
1886 1547 1923 1612 et

513 1663 628 1736 Sicilie
644 1683 722 1735 rex.
743 1662 781 1733 ln
796 1659 882 1734 solio
898 1660 1032 1756 imperii
1047 1668 1162 1734 actore
1173 1661 1319 1735 Domino
1331 1659 1521 1752 constituti,
1532 1661 1582 1734 sic
1596 1670 1753 1735 tenemur
1770 1662 1922 1736 condes-

515 1786 662 1862 cendere
679 1783 895 1882 principibus
913 1785 1037 1859 nostris
1053 1783 1099 1858 ad
1115 1785 1258 1881 gratiam
1272 1787 1503 1861 etliberaliter
1512 1785 1693 1860 admittere
1710 1809 1827 1883 preces
1840 1807 1922 1861 suas

514 1933 602 2010 quas
619 1911 760 1985 culmini
779 1919 895 1984 nostro
916 1911 1098 2008 porrigunt
1115 1932 1184 1985 nnn
1201 1910 1383 2006 indignas,
1412 1919 1453 1985 nt
1467 1921 1502 1986 et
1517 1933 1658 1986 suorum
1672 1913 1793 1986 merita
1811 1913 1921 1986 savi-

514 2037 639 2110 tiorum
659 2036 906 2109 irremunerata
926 2055 996 2109 non
1012 2043 1188 2110 bansmnt
1209 2046 1243 2110 et
1259 2036 1322 2132 qui
1339 2044 1513 2110 merentur
1526 2045 1718 2110 nostrorum
1733 2035 1922 2111 benedcm-

516 2182 593 2234 rum
607 2159 847 2256 largitionibus
859 2159 1035 2257 ampliari,
1056 2159 1206 2236 debeant
1219 2183 1325 2258 super
1342 2160 1490 2258 hiisque
1503 2161 1570 2234 sibi
1592 2171 1627 2234 et
1639 2162 1791 2236 ecclesiis
1801 2183 1921 2238 eorum

516 2286 676 2360 anostris
691 2285 990 2382 predecessoribus
1003 2295 1085 2359 sunt
1100 2287 1241 2380 collata,
1260 2284 1531 2361 confirmationis
1548 2295 1663 2361 nostro
1681 2285 1787 2360 robur
1808 2295 1844 2359 et
1866 2287 1923 2360 in-

517 2412 730 2509 dulgentiam
742 2409 912 2484 obtinere.
927 2411 1052 2484 Notum
1070 2411 1116 2485 sit
1130 2411 1236 2507 igitur
1250 2411 1423 2487 uniuersis
1436 2412 1572 2510 imperii
1589 2410 1750 2486 fidelibus
1763 2421 1833 2485 mm
1844 2433 1923 2507 pre-

516 2539 672 2614 sentibus
703 2559 810 2634 quam
842 2536 966 2609 luturis
998 2535 1095 2633 quod
1118 2537 1323 2611 constitutus
1345 2538 1382 2610 in
1405 2521 1577 2634 presentia
1603 2545 1719 2610 nostm
1742 2537 1925 2610 Heinrieus

514 2663 724 2738 venerabilis
744 2662 926 2760 episcopus
945 2661 1173 2758 Eystetensis,
1200 2661 1344 2736 dioctus
1364 2663 1524 2760 princeps
1547 2671 1679 2754 noswr,
1703 2661 1925 2758 privilegium

516 2789 693 2886 quoddam
711 2786 1012 2886 predecessoribus
1035 2795 1071 2861 et
1089 2787 1233 2862 ecclesie
1253 2808 1317 2862 sue
1340 2787 1514 2862 indultum
1533 2809 1555 2862 a
1571 2786 1729 2884 Philippo
1746 2785 1926 2882 quondam

516 2919 746 2990 Romanorum
759 2933 841 3007 rege
854 2933 990 3008 semper
1003 2920 1169 3008 augusto,
1183 2911 1363 2987 karissimo
1376 2893 1499 3009 patruo
1515 2919 1630 2986 nostro
1649 2909 1732 2984 dius
1744 2906 1924 3002 memoria,

517 3051 634 3116 nostre
654 3035 848 3112 celsitudini
868 3035 1092 3134 presentavit,
1114 3037 1312 3134 supplicans
1326 3046 1365 3110 ut
1384 3037 1605 3134 privilegium
1621 3037 1734 3132 ipsum
1754 3035 1800 3112 dc
1819 3034 1927 3110 verbo

517 3164 563 3242 ad
581 3159 727 3238 uerbum
742 3153 1112 3255 cannamomum,
1136 3161 1341 3237 confirmans
1362 3161 1408 3237 de
1427 3171 1542 3237 nosue
1560 3160 1669 3258 gratia
1686 3159 1924 3260 dignaremur.

519 3289 625 3384 Cujus
638 3286 808 3385 privilegii
821 3295 919 3359 tenor
930 3286 1008 3359 talis
1024 3294 1077 3359 est
1094 3311 1102 3357 ε

569 3415 607 3486 ln
631 3412 771 3486 nomina
798 3419 915 3485 sancte
935 3419 970 3484 el
995 3409 1180 3485 individue
1206 3409 1394 3484 Trinitatis.
1415 3409 1596 3506 Philippus
1610 3393 1789 3482 ‘mundus
1806 3407 1928 3484 divina

521 3541 658 3614 lavante
686 3536 866 3611 clementia
888 3537 1118 3610 Romanorum
1135 3557 1198 3610 rex
1219 3546 1254 3610 et
1272 3557 1408 3634 semper
1424 3543 1605 3632 augustus.
1627 3535 1713 3608 Cum
1734 3534 1785 3608 eis
1806 3535 1870 3629 qui
1891 3533 1927 3606 in

521 3679 638 3739 nostro
653 3672 688 3736 ct
701 3662 837 3759 imperii
849 3659 1068 3736 laudabiliter
1080 3661 1251 3737 desudant
1267 3661 1447 3756 obsequio,
1458 3661 1516 3757 pia
1530 3659 1735 3736 duxerimus
1750 3677 1930 3732 occurrero

520 3788 796 3865 remuneratione
808 3795 844 3861 et
857 3786 948 3860 circa
961 3786 1115 3884 ipsorum
1132 3785 1351 3861 commodum
1363 3807 1481 3859 curam
1492 3795 1675 3884 atopcram
1686 3783 1817 3857 habere
1827 3803 1928 3856 cura·

521 3915 678 3990 uenimus
696 3911 908 4008 diligentem,
921 3931 1042 3986 eorum
1060 3911 1161 3985 nobis
1176 3909 1379 3984 sinceritatis
1395 3909 1556 3990 alimum
1574 3906 1720 3982 reddere
1736 3925 1807 3980 non
1822 3905 1930 3979 ambi·

522 4041 637 4137 gimns
654 4037 915 4134 obligatiorem,
933 4043 969 4110 et
987 4037 1170 4133 plerosque
1191 4057 1253 4134 par
1272 4035 1339 4110 hoc
1360 4043 1399 4110 ut
1415 4035 1541 4110 nostris
1565 4055 1604 4109 se
1621 4032 1728 4107 velint
1751 4031 1930 4106 ardentius

522 4164 649 4238 inlerrn
661 4161 812 4236 seruitiis
824 4159 1001 4235 sollercius
1018 4159 1191 4234 credimus
1206 4161 1365 4236 invitare.
1392 4159 1478 4235 lude
1492 4167 1545 4233 est
1560 4157 1657 4255 quod
1678 4178 1741 4230 nos
1768 4154 1929 4230 conside·

524 4297 639 4362 rantes
659 4287 773 4361 dilecti
794 4285 1042 4382 consanguinei
1060 4285 1168 4359 nostri
1191 4285 1359 4361 llertwici
1375 4283 1586 4359 Eistedensis
1603 4281 1756 4380 episcopi
1772 4278 1879 4354 tidem
1895 4287 1930 4354 ct

523 4434 610 4512 pure
624 4411 817 4485 dilectionis
828 4409 987 4485 allectum
1005 4435 1109 4508 quem
1123 4434 1206 4507 erga
1219 4433 1284 4486 nos
1300 4411 1389 4508 gerit
1401 4411 1530 4508 jugiter
1554 4419 1589 4484 et
1605 4407 1774 4482 obtinebit
1788 4407 1825 4478 in
1842 4426 1929 4502 pos-

522 4547 646 4630 terum,
655 4549 831 4633 quamque
843 4533 989 4610 fideliter
1004 4537 1080 4634 ipse
1090 4545 1125 4611 et
1141 4538 1287 4611 ecclesia
1301 4559 1365 4611 sna
1380 4535 1546 4611 hactenus
1557 4535 1731 4608 aduerunt
1746 4529 1928 4628 predeces-

521 4662 657 4737 soribus
673 4659 798 4737 nostris
815 4661 1020 4752 recolentes,
1040 4661 1086 4737 ad
1102 4661 1342 4738 universorum
1359 4661 1493 4760 imperii
1510 4658 1666 4734 fidolium
1680 4667 1750 4731 tam
1762 4655 1929 4752 presentis
