4320 5918
461 553 523 618 5tc
958 553 1172 616 ratunnrcr
1197 551 1371 616 suanum
1684 553 1766 634 [ms.
1786 553 1870 618 raet

462 691 548 767 lorte
565 689 779 784 contingeret
797 697 936 786 propter
953 687 1174 762 necessitates
1191 687 1327 784 aliquas
1344 685 1564 760 imminentes
1583 685 1798 783 sepedictum
1820 711 1874 764 re·

460 835 540 910 gem
558 813 605 888 ad
622 835 763 911 presens
780 813 880 888 dotes
894 823 1037 888 statutas
1049 813 1212 888 exolvere
1231 833 1302 886 non
1315 813 1444 887 valere.
1464 812 1743 886 Pronominatum
1758 823 1875 888 autem

461 934 638 1029 negotium
651 944 722 1006 mm
736 933 782 1007 de
795 933 986 1028 quantitate
998 931 1305 1030 promittendarum
1316 931 1451 1006 dolium
1464 953 1570 1029 qnam
1582 931 1628 1006 de
1639 942 1793 1030 tempora
1806 935 1874 1008 sol·

461 1056 656 1132 vendarum
670 1057 721 1131 sic
735 1057 771 1129 in
785 1067 893 1130 totum
907 1065 942 1130 et
957 1057 1065 1132 tibere
1079 1056 1268 1154 provisioni
1281 1065 1396 1130 vestie
1408 1057 1651 1132 committimus
1662 1057 1758 1153 quod
1773 1059 1876 1155 plene

462 1193 599 1280 gratum
621 1191 657 1255 et
678 1191 790 1256 ratum
808 1181 936 1256 habere
954 1181 1184 1280 promittimus
1200 1179 1370 1278 quicquid
1393 1203 1499 1279 super
1513 1177 1606 1282 [hoc]
1622 1191 1737 1256 vestra
1753 1193 1875 1280 pater-

463 1309 554 1382 nitas
571 1305 712 1382 duxerit
724 1307 959 1384 statuendum.
973 1308 1012 1380 ln
1030 1309 1132 1400 cnjus
1149 1305 1199 1381 rei
1213 1305 1444 1380 testimonium
1463 1315 1642 1404 presentes
1654 1307 1783 1380 litteras
1799 1305 1873 1380 lieri

462 1441 497 1508 et
510 1433 606 1506 bulla
623 1453 729 1506 aurea
743 1432 867 1530 tipario
884 1442 999 1506 nostre
1011 1432 1198 1526 mejestatis
1215 1430 1383 1528 impressa
1396 1431 1566 1524 jnssimns
1579 1431 1798 1506 communiri.

510 1559 635 1632 Datum
652 1557 776 1654 Fogie,
797 1557 844 1631 lx
862 1557 991 1632 mensis
1008 1555 1217 1650 decembris,
1238 1555 1426 1630 indictione
1440 1557 1528 1630 Vlll.

334 2148 356 2202 ³¹
514 2141 746 2248 Fridcricus,
767 2139 1027 2226 Romanorum
1048 2140 1269 2252 imperator,
1289 2169 1406 2254 quem
1427 2143 1607 2230 defuncto
1628 2147 1725 2230 duce
1741 2147 1875 2232 llere-

462 2277 547 2360 niae
582 2274 781 2360 Heinricus
812 2273 932 2358 ebbns
963 2273 1274 2386 tegernseensis,
1302 2275 1465 2362 iretmm
1500 2291 1539 2363 et
1569 2280 1875 2366 ministerialium

462 2411 742 2498 communicato
759 2409 933 2520 oonsilio,
954 2409 994 2492 in
1022 2411 1248 2496 advocatum
1276 2411 1460 2524 elegerat,
1480 2415 1706 2500 sententium
1727 2415 1875 2526 princi-

461 2573 557 2661 pum
583 2571 713 2632 coram
730 2544 899 2630 filiosuo
925 2545 1101 2632 Heinrico
1117 2573 1208 2660 rege
1224 2546 1343 2632 latam
1366 2547 1587 2660 confirmat,
1610 2577 1689 2663 que
1718 2549 1875 2635 libertus

459 2681 631 2794 ejusdem
648 2679 826 2764 ecclesiae
841 2705 865 2762 s
882 2679 1061 2766 seruante
1075 2681 1248 2766 advocati
1261 2681 1489 2768 declaretur.

534 2896 625 2980 (Edit.
641 2915 690 2977 ap.
702 2897 836 2973 onnus,
855 2897 961 2978 sutpt.
975 2912 1033 2958 rer.
1046 2897 1137 2974 Bois..
1151 2905 1224 2962 tom.
1246 2901 1292 2976 11,
1306 2916 1339 2980 p.
1354 2905 1450 2976 Μ
1461 2917 1511 2982 ap.
1526 2899 1656 2964 Mosam.
1667 2899 1759 2976 Boia,
1774 2905 1798 2964 t
1811 2897 1875 2976 tt,

581 3023 614 3086 p.
626 3014 696 3068 ato.
711 3037 752 3051 -
765 3003 921 3067 Memorat.
935 3021 1055 3084 quoque
1067 3001 1156 3085 ibid,
1169 3011 1242 3070 tom.
1254 3007 1358 3084 XXX,
1372 3024 1441 3088 pant
1454 3017 1495 3086 1¹,
1509 3025 1541 3090 p.
1553 3012 1636 3085 28².)

512 3193 707 3270 Fridcricus
722 3194 785 3268 Dei
803 3195 913 3289 gratia
939 3195 1170 3270 llomanornm
1197 3195 1382 3294 imperator
1405 3217 1542 3294 sempor
1558 3205 1748 3294 angustus,
1770 3197 1874 3271 Jeru-

462 3321 569 3396 salem
587 3328 622 3394 et
638 3318 754 3393 Sicilie
761 3341 838 3392 rex.
850 3319 1062 3393 Excellentie
1077 3329 1192 3394 nostre
1209 3319 1361 3416 dignitas
1379 3343 1426 3395 ex
1441 3321 1510 3396 hoc
1528 3321 1680 3395 maxime
1693 3319 1877 3396 decoratur

463 3444 495 3520 si
517 3443 564 3520 ad
581 3443 743 3518 ecclesias
762 3444 824 3518 Dei
850 3452 967 3518 nostre
985 3445 1043 3540 pis
1061 3445 1190 3518 leretur
1213 3445 1356 3520 intentio
1380 3455 1416 3520 et
1437 3467 1557 3520 earum
1574 3445 1876 3520 commoditatibus

464 3569 646 3668 provident
656 3579 691 3644 et
705 3569 914 3664 augmentis.
930 3571 1019 3643 Hinc
1033 3569 1196 3666 estquod
1211 3593 1291 3644 cum
1303 3570 1449 3644 dilectus
1464 3581 1580 3646 noster
1595 3572 1754 3668 princeps
1768 3570 1875 3644 Hein-

463 3696 576 3788 ricns,
596 3693 803 3768 venerabilis
822 3693 931 3768 abbas
954 3693 999 3769 de
1022 3697 1210 3791 Tagrensa,
1235 3695 1283 3771 ad
1305 3699 1519 3792 majestatem
1538 3708 1687 3771 nostram
1706 3695 1875 3770 accedens

464 3819 645 3920 privilegia
660 3819 876 3894 eccleslesue
888 3819 989 3894 nobis
1005 3819 1208 3912 ostenderit,
1222 3821 1258 3894 in
1272 3822 1402 3918 quibus
1414 3843 1461 3896 ex
1478 3822 1701 3896 concessione
1712 3821 1875 3895 divomm

464 3953 690 4042 augustorum
711 3945 965 4041 progenitorum
991 3954 1186 4020 nostrorum
1208 3945 1241 4020 ci
1266 3957 1301 4021 et
1323 3948 1466 4023 ecclesie
1490 3968 1555 4021 sue
1577 3947 1655 4020 talis
1674 3945 1876 4040 indulgetur

465 4071 604 4145 libertus
621 4079 661 4142 nt
676 4069 721 4142 ab
742 4069 838 4144 omni
859 4067 1069 4144 advocatum
1091 4071 1258 4147 servitute
1280 4073 1325 4146 sit
1346 4073 1434 4148 liber
1466 4073 1605 4171 penitus
1630 4083 1665 4146 et
1690 4071 1872 4161 immunis,

466 4196 615 4292 talisque
633 4193 785 4269 conditio
802 4195 838 4267 in
856 4195 929 4268 snis
952 4195 1142 4290 privilegiis
1159 4197 1204 4270 sit
1216 4219 1382 4296 expressa
1404 4209 1444 4272 ut
1470 4221 1550 4272 oum
1575 4196 1784 4272 advocatum
1802 4195 1877 4269 ali-

467 4342 573 4420 quem
586 4320 701 4395 dictus
711 4319 819 4394 abbas
832 4329 986 4416 pmseet
997 4321 1141 4394 eeclesia
1151 4341 1216 4396 sna
1226 4323 1379 4420 elegerit,
1391 4323 1420 4398 si
1429 4323 1495 4398 sibi
1505 4323 1646 4398 videtur
1656 4319 1876 4419 postmodnm

467 4445 647 4542 negligens
665 4443 871 4536 dsiansator‚
891 4443 987 4540 qnod
1004 4444 1118 4540 ipsum
1131 4447 1247 4520 valeat
1258 4469 1437 4542 amovere,
1455 4457 1489 4522 et
1502 4469 1564 4544 per
1580 4445 1774 4542 generalem
1788 4465 1877 4518 sen-

468 4571 608 4649 tentiam
633 4567 828 4666 principum
851 4577 885 4644 ct
907 4579 1107 4664 magnetum
1130 4570 1266 4668 imperii
1290 4573 1334 4646 sit
1359 4573 1538 4648 obtentum
1563 4591 1679 4645 coram
1695 4567 1876 4642 karissimo

468 4697 539 4774 lilio
556 4703 671 4772 nostro
684 4693 843 4768 Heinrico
856 4693 979 4767 illustri
995 4693 1223 4770 Romanorum
1241 4717 1341 4792 rege,
1362 4697 1452 4772 siout
1465 4717 1528 4794 per
1542 4717 1625 4770 suas
1645 4693 1774 4768 litteras
1792 4689 1876 4764 cvi-
