<?xml version="1.0" encoding="UTF-8"?>
<!DOCTYPE html PUBLIC "-//W3C//DTD XHTML 1.0 Transitional//EN"
    "http://www.w3.org/TR/xhtml1/DTD/xhtml1-transitional.dtd">
<html xmlns="http://www.w3.org/1999/xhtml" xml:lang="en" lang="en">
 <head>
  <title>
</title>
<meta http-equiv="Content-Type" content="text/html;charset=utf-8" />
  <meta name='ocr-system' content='tesseract 3.04.00' />
  <meta name='ocr-capabilities' content='ocr_page ocr_carea ocr_par ocr_line ocrx_word'/>
</head>
<body>
  <div class='ocr_page' id='page_1' title='image "./historiadiploma07fredgoog_0490.png"; bbox 0 0 4320 5918; ppageno 0'>
   <div class='ocr_carea' id='block_1_1' title="bbox 527 483 1942 570">
    <p class='ocr_par' dir='ltr' id='par_1_1' title="bbox 527 483 1942 570">
     <span class='ocr_line' id='line_1_1' title="bbox 527 483 1942 570; baseline 0.008 -28"><span class='ocrx_word' id='word_1_1' title='bbox 527 483 589 544; x_wconf 71' lang='grc'>478</span> <span class='ocrx_word' id='word_1_2' title='bbox 1027 485 1241 547; x_wconf 79' lang='lat' dir='ltr'>FlilliElllCl</span> <span class='ocrx_word' id='word_1_3' title='bbox 1266 487 1442 549; x_wconf 70' lang='lat' dir='ltr'>secudu!</span> <span class='ocrx_word' id='word_1_4' title='bbox 1753 487 1836 570; x_wconf 79' lang='lat' dir='ltr'>[arr.</span> <span class='ocrx_word' id='word_1_5' title='bbox 1855 491 1942 554; x_wconf 69' lang='lat' dir='ltr'>lm</span> 
     </span>
    </p>
   </div>
   <div class='ocr_carea' id='block_1_2' title="bbox 531 620 1949 2470">
    <p class='ocr_par' dir='ltr' id='par_1_2' title="bbox 531 620 1949 2218">
     <span class='ocr_line' id='line_1_2' title="bbox 531 620 1945 720; baseline 0.008 -30"><span class='ocrx_word' id='word_1_6' title='bbox 531 642 608 691; x_wconf 90' lang='lat' dir='ltr'>cum</span> <span class='ocrx_word' id='word_1_7' title='bbox 623 620 783 690; x_wconf 91' lang='lat' dir='ltr'>omnibus</span> <span class='ocrx_word' id='word_1_8' title='bbox 801 621 961 716; x_wconf 91' lang='lat' dir='ltr'>superius</span> <span class='ocrx_word' id='word_1_9' title='bbox 979 621 1226 716; x_wconf 79' lang='lat' dir='ltr'>predistinatis‚</span> <span class='ocrx_word' id='word_1_10' title='bbox 1257 624 1461 720; x_wconf 79' lang='lat' dir='ltr'>recipientes</span> <span class='ocrx_word' id='word_1_11' title='bbox 1489 623 1555 695; x_wconf 85' lang='lat' dir='ltr'>sub</span> <span class='ocrx_word' id='word_1_12' title='bbox 1577 626 1790 718; x_wconf 87' lang='lat' dir='ltr'>protectione</span> <span class='ocrx_word' id='word_1_13' title='bbox 1815 649 1858 700; x_wconf 89' lang='lat' dir='ltr'>ac</span> <span class='ocrx_word' id='word_1_14' title='bbox 1880 629 1945 702; x_wconf 91' lang='lat' dir='ltr'>de-</span> 
     </span>
     <span class='ocr_line' id='line_1_3' title="bbox 533 745 1945 845; baseline 0.008 -29"><span class='ocrx_word' id='word_1_15' title='bbox 533 745 687 817; x_wconf 80' lang='lat' dir='ltr'>fensione</span> <span class='ocrx_word' id='word_1_16' title='bbox 701 746 807 818; x_wconf 83' lang='lat' dir='ltr'>nostri</span> <span class='ocrx_word' id='word_1_17' title='bbox 823 745 982 820; x_wconf 90' lang='lat' dir='ltr'>culminis</span> <span class='ocrx_word' id='word_1_18' title='bbox 996 748 1149 841; x_wconf 86' lang='lat' dir='ltr'>speciali,</span> <span class='ocrx_word' id='word_1_19' title='bbox 1168 746 1464 822; x_wconf 85' lang='lat' dir='ltr'>confirmamusea</span> <span class='ocrx_word' id='word_1_20' title='bbox 1475 747 1590 822; x_wconf 91' lang='lat' dir='ltr'>omnia</span> <span class='ocrx_word' id='word_1_21' title='bbox 1604 749 1765 845; x_wconf 87' lang='lat' dir='ltr'>hospitali</span> <span class='ocrx_word' id='word_1_22' title='bbox 1776 751 1945 844; x_wconf 86' lang='lat' dir='ltr'>jamdicto</span> 
     </span>
     <span class='ocr_line' id='line_1_4' title="bbox 532 870 1946 968; baseline 0.006 -27"><span class='ocrx_word' id='word_1_23' title='bbox 532 877 566 942; x_wconf 92' lang='lat' dir='ltr'>et</span> <span class='ocrx_word' id='word_1_24' title='bbox 581 873 748 965; x_wconf 88' lang='lat' dir='ltr'>presentis</span> <span class='ocrx_word' id='word_1_25' title='bbox 761 870 888 944; x_wconf 88' lang='lat' dir='ltr'>divalis</span> <span class='ocrx_word' id='word_1_26' title='bbox 906 872 1033 966; x_wconf 81' lang='lat' dir='ltr'>pagine</span> <span class='ocrx_word' id='word_1_27' title='bbox 1050 873 1239 968; x_wconf 88' lang='lat' dir='ltr'>patmoinio</span> <span class='ocrx_word' id='word_1_28' title='bbox 1257 874 1511 946; x_wconf 84' lang='lat' dir='ltr'>communimus</span> <span class='ocrx_word' id='word_1_29' title='bbox 1525 871 1593 968; x_wconf 82' lang='lat' dir='ltr'>(t).</span> <span class='ocrx_word' id='word_1_30' title='bbox 1613 873 1790 948; x_wconf 86' lang='lat' dir='ltr'>Universis</span> <span class='ocrx_word' id='word_1_31' title='bbox 1810 885 1846 950; x_wconf 87' lang='lat' dir='ltr'>et</span> <span class='ocrx_word' id='word_1_32' title='bbox 1867 878 1946 949; x_wconf 91' lang='lat' dir='ltr'>sin-</span> 
     </span>
     <span class='ocr_line' id='line_1_5' title="bbox 533 995 1946 1095; baseline 0.004 -27"><span class='ocrx_word' id='word_1_33' title='bbox 533 997 623 1090; x_wconf 91' lang='lat' dir='ltr'>gulis</span> <span class='ocrx_word' id='word_1_34' title='bbox 641 997 773 1090; x_wconf 93' lang='lat' dir='ltr'>imperii</span> <span class='ocrx_word' id='word_1_35' title='bbox 791 995 951 1068; x_wconf 89' lang='lat' dir='ltr'>fidelibus</span> <span class='ocrx_word' id='word_1_36' title='bbox 967 997 1033 1069; x_wconf 93' lang='lat' dir='ltr'>sub</span> <span class='ocrx_word' id='word_1_37' title='bbox 1052 1017 1140 1092; x_wconf 90' lang='lat' dir='ltr'>pena</span> <span class='ocrx_word' id='word_1_38' title='bbox 1155 997 1264 1092; x_wconf 84' lang='lat' dir='ltr'>gratis</span> <span class='ocrx_word' id='word_1_39' title='bbox 1277 1009 1390 1070; x_wconf 87' lang='lat' dir='ltr'>nostre</span> <span class='ocrx_word' id='word_1_40' title='bbox 1403 1006 1438 1070; x_wconf 90' lang='lat' dir='ltr'>et</span> <span class='ocrx_word' id='word_1_41' title='bbox 1451 1007 1590 1070; x_wconf 90' lang='lat' dir='ltr'>centum</span> <span class='ocrx_word' id='word_1_42' title='bbox 1607 1020 1800 1072; x_wconf 89' lang='lat' dir='ltr'>marcarum</span> <span class='ocrx_word' id='word_1_43' title='bbox 1811 1002 1946 1095; x_wconf 78' lang='lat' dir='ltr'>argenti</span> 
     </span>
     <span class='ocr_line' id='line_1_6' title="bbox 534 1119 1946 1219; baseline 0.006 -28"><span class='ocrx_word' id='word_1_44' title='bbox 534 1119 675 1192; x_wconf 88' lang='lat' dir='ltr'>firmiter</span> <span class='ocrx_word' id='word_1_45' title='bbox 691 1121 910 1214; x_wconf 76' lang='lat' dir='ltr'>injungentes</span> <span class='ocrx_word' id='word_1_46' title='bbox 927 1131 1098 1216; x_wconf 90' lang='lat' dir='ltr'>quatenus</span> <span class='ocrx_word' id='word_1_47' title='bbox 1115 1123 1230 1194; x_wconf 89' lang='lat' dir='ltr'>nullus</span> <span class='ocrx_word' id='word_1_48' title='bbox 1248 1122 1292 1195; x_wconf 85' lang='lat' dir='ltr'>sit</span> <span class='ocrx_word' id='word_1_49' title='bbox 1307 1123 1368 1218; x_wconf 90' lang='lat' dir='ltr'>qni</span> <span class='ocrx_word' id='word_1_50' title='bbox 1388 1121 1518 1196; x_wconf 93' lang='lat' dir='ltr'>dictum</span> <span class='ocrx_word' id='word_1_51' title='bbox 1535 1123 1723 1219; x_wconf 89' lang='lat' dir='ltr'>hospitale,</span> <span class='ocrx_word' id='word_1_52' title='bbox 1742 1125 1946 1218; x_wconf 88' lang='lat' dir='ltr'>magistrum</span> 
     </span>
     <span class='ocr_line' id='line_1_7' title="bbox 533 1246 1947 1344; baseline 0.004 -26"><span class='ocrx_word' id='word_1_53' title='bbox 533 1255 569 1318; x_wconf 89' lang='lat' dir='ltr'>et</span> <span class='ocrx_word' id='word_1_54' title='bbox 584 1247 704 1318; x_wconf 84' lang='lat' dir='ltr'>tratres</span> <span class='ocrx_word' id='word_1_55' title='bbox 721 1246 851 1319; x_wconf 89' lang='lat' dir='ltr'>ibidem</span> <span class='ocrx_word' id='word_1_56' title='bbox 867 1247 1011 1320; x_wconf 88' lang='lat' dir='ltr'>Domino</span> <span class='ocrx_word' id='word_1_57' title='bbox 1029 1248 1231 1320; x_wconf 79' lang='lat' dir='ltr'>famulantes</span> <span class='ocrx_word' id='word_1_58' title='bbox 1247 1255 1365 1321; x_wconf 89' lang='lat' dir='ltr'>contra</span> <span class='ocrx_word' id='word_1_59' title='bbox 1378 1257 1569 1343; x_wconf 77' lang='lat' dir='ltr'>presentem</span> <span class='ocrx_word' id='word_1_60' title='bbox 1585 1249 1850 1344; x_wconf 86' lang='lat' dir='ltr'>protectionem,</span> <span class='ocrx_word' id='word_1_61' title='bbox 1879 1249 1947 1323; x_wconf 91' lang='lat' dir='ltr'>de-</span> 
     </span>
     <span class='ocr_line' id='line_1_8' title="bbox 534 1370 1948 1469; baseline 0.003 -27"><span class='ocrx_word' id='word_1_62' title='bbox 534 1372 721 1444; x_wconf 86' lang='lat' dir='ltr'>fensionem</span> <span class='ocrx_word' id='word_1_63' title='bbox 737 1393 779 1444; x_wconf 86' lang='lat' dir='ltr'>ac</span> <span class='ocrx_word' id='word_1_64' title='bbox 794 1370 1090 1446; x_wconf 87' lang='lat' dir='ltr'>confirmationem</span> <span class='ocrx_word' id='word_1_65' title='bbox 1111 1381 1261 1445; x_wconf 90' lang='lat' dir='ltr'>nostram</span> <span class='ocrx_word' id='word_1_66' title='bbox 1281 1393 1386 1468; x_wconf 90' lang='lat' dir='ltr'>snper</span> <span class='ocrx_word' id='word_1_67' title='bbox 1402 1373 1579 1468; x_wconf 90' lang='lat' dir='ltr'>premissis</span> <span class='ocrx_word' id='word_1_68' title='bbox 1601 1373 1762 1446; x_wconf 92' lang='lat' dir='ltr'>omnibus</span> <span class='ocrx_word' id='word_1_69' title='bbox 1780 1372 1948 1469; x_wconf 79' lang='lat' dir='ltr'>impedire</span> 
     </span>
     <span class='ocr_line' id='line_1_9' title="bbox 535 1497 1948 1596; baseline 0.004 -26"><span class='ocrx_word' id='word_1_70' title='bbox 535 1517 597 1570; x_wconf 89' lang='lat' dir='ltr'>seu</span> <span class='ocrx_word' id='word_1_71' title='bbox 616 1518 704 1568; x_wconf 89' lang='lat' dir='ltr'>ausu</span> <span class='ocrx_word' id='word_1_72' title='bbox 722 1497 902 1571; x_wconf 90' lang='lat' dir='ltr'>temerario</span> <span class='ocrx_word' id='word_1_73' title='bbox 919 1499 1119 1594; x_wconf 90' lang='lat' dir='ltr'>perturbare</span> <span class='ocrx_word' id='word_1_74' title='bbox 1136 1507 1324 1595; x_wconf 86' lang='lat' dir='ltr'>presumat.</span> <span class='ocrx_word' id='word_1_75' title='bbox 1346 1497 1449 1584; x_wconf 88' lang='lat' dir='ltr'>Quod</span> <span class='ocrx_word' id='word_1_76' title='bbox 1464 1499 1525 1594; x_wconf 94' lang='lat' dir='ltr'>qui</span> <span class='ocrx_word' id='word_1_77' title='bbox 1550 1499 1817 1596; x_wconf 80' lang='lat' dir='ltr'>presumpserit,</span> <span class='ocrx_word' id='word_1_78' title='bbox 1836 1509 1948 1596; x_wconf 83' lang='lat' dir='ltr'>prater</span> 
     </span>
     <span class='ocr_line' id='line_1_10' title="bbox 535 1620 1949 1720; baseline 0.003 -28"><span class='ocrx_word' id='word_1_79' title='bbox 535 1620 807 1716; x_wconf 85' lang='lat' dir='ltr'>indignationem</span> <span class='ocrx_word' id='word_1_80' title='bbox 828 1632 978 1696; x_wconf 90' lang='lat' dir='ltr'>nostram</span> <span class='ocrx_word' id='word_1_81' title='bbox 1002 1632 1216 1720; x_wconf 85' lang='lat' dir='ltr'>pretaxatam</span> <span class='ocrx_word' id='word_1_82' title='bbox 1235 1632 1373 1698; x_wconf 88' lang='lat' dir='ltr'>centnm</span> <span class='ocrx_word' id='word_1_83' title='bbox 1396 1646 1590 1698; x_wconf 90' lang='lat' dir='ltr'>marcarum</span> <span class='ocrx_word' id='word_1_84' title='bbox 1610 1645 1736 1720; x_wconf 87' lang='lat' dir='ltr'>penam</span> <span class='ocrx_word' id='word_1_85' title='bbox 1762 1645 1801 1698; x_wconf 87' lang='lat' dir='ltr'>se</span> <span class='ocrx_word' id='word_1_86' title='bbox 1816 1625 1949 1698; x_wconf 78' lang='lat' dir='ltr'>noverit</span> 
     </span>
     <span class='ocr_line' id='line_1_11' title="bbox 535 1747 1948 1846; baseline 0.002 -28"><span class='ocrx_word' id='word_1_87' title='bbox 535 1747 773 1838; x_wconf 83' lang='lat' dir='ltr'>incursurum,</span> <span class='ocrx_word' id='word_1_88' title='bbox 800 1748 1020 1822; x_wconf 90' lang='lat' dir='ltr'>medietatem</span> <span class='ocrx_word' id='word_1_89' title='bbox 1046 1771 1182 1823; x_wconf 89' lang='lat' dir='ltr'>camere</span> <span class='ocrx_word' id='word_1_90' title='bbox 1205 1759 1339 1838; x_wconf 88' lang='lat' dir='ltr'>nostre,</span> <span class='ocrx_word' id='word_1_91' title='bbox 1370 1749 1538 1844; x_wconf 87' lang='lat' dir='ltr'>reliquam</span> <span class='ocrx_word' id='word_1_92' title='bbox 1562 1749 1673 1846; x_wconf 88' lang='lat' dir='ltr'>passis</span> <span class='ocrx_word' id='word_1_93' title='bbox 1689 1748 1852 1841; x_wconf 88' lang='lat' dir='ltr'>injuriam</span> <span class='ocrx_word' id='word_1_94' title='bbox 1866 1769 1948 1845; x_wconf 88' lang='lat' dir='ltr'>pcr-</span> 
     </span>
     <span class='ocr_line' id='line_1_12' title="bbox 535 1870 1949 1972; baseline 0.003 -29"><span class='ocrx_word' id='word_1_95' title='bbox 535 1871 749 1944; x_wconf 87' lang='lat' dir='ltr'>solvendam.</span> <span class='ocrx_word' id='word_1_96' title='bbox 768 1870 823 1945; x_wconf 84' lang='lat' dir='ltr'>Ad</span> <span class='ocrx_word' id='word_1_97' title='bbox 836 1875 936 1966; x_wconf 89' lang='lat' dir='ltr'>cnjus</span> <span class='ocrx_word' id='word_1_98' title='bbox 948 1875 997 1948; x_wconf 87' lang='lat' dir='ltr'>rei</span> <span class='ocrx_word' id='word_1_99' title='bbox 1011 1873 1211 1948; x_wconf 91' lang='lat' dir='ltr'>memoriam</span> <span class='ocrx_word' id='word_1_100' title='bbox 1227 1883 1261 1947; x_wconf 89' lang='lat' dir='ltr'>et</span> <span class='ocrx_word' id='word_1_101' title='bbox 1279 1875 1436 1947; x_wconf 88' lang='lat' dir='ltr'>stabilem</span> <span class='ocrx_word' id='word_1_102' title='bbox 1452 1873 1665 1968; x_wconf 84' lang='lat' dir='ltr'>firmitatem,</span> <span class='ocrx_word' id='word_1_103' title='bbox 1687 1895 1830 1971; x_wconf 90' lang='lat' dir='ltr'>presens</span> <span class='ocrx_word' id='word_1_104' title='bbox 1842 1875 1949 1972; x_wconf 87' lang='lat' dir='ltr'>scrip-</span> 
     </span>
     <span class='ocr_line' id='line_1_13' title="bbox 537 1993 1949 2094; baseline 0.006 -28"><span class='ocrx_word' id='word_1_105' title='bbox 537 2003 610 2066; x_wconf 90' lang='lat' dir='ltr'>tum</span> <span class='ocrx_word' id='word_1_106' title='bbox 629 1993 702 2068; x_wconf 87' lang='lat' dir='ltr'>fieri</span> <span class='ocrx_word' id='word_1_107' title='bbox 720 2006 755 2069; x_wconf 91' lang='lat' dir='ltr'>et</span> <span class='ocrx_word' id='word_1_108' title='bbox 770 1998 882 2092; x_wconf 89' lang='lat' dir='ltr'>sigillo</span> <span class='ocrx_word' id='word_1_109' title='bbox 897 1998 1110 2072; x_wconf 86' lang='lat' dir='ltr'>celsitudinis</span> <span class='ocrx_word' id='word_1_110' title='bbox 1126 2009 1241 2073; x_wconf 89' lang='lat' dir='ltr'>nostre</span> <span class='ocrx_word' id='word_1_111' title='bbox 1255 2000 1424 2094; x_wconf 86' lang='lat' dir='ltr'>jussimus</span> <span class='ocrx_word' id='word_1_112' title='bbox 1442 2001 1666 2090; x_wconf 88' lang='lat' dir='ltr'>communiri,</span> <span class='ocrx_word' id='word_1_113' title='bbox 1692 2021 1803 2088; x_wconf 86' lang='lat' dir='ltr'>anno,</span> <span class='ocrx_word' id='word_1_114' title='bbox 1833 2020 1949 2074; x_wconf 85' lang='lat' dir='ltr'>mense</span> 
     </span>
     <span class='ocr_line' id='line_1_14' title="bbox 539 2118 994 2218; baseline 0.011 -28"><span class='ocrx_word' id='word_1_115' title='bbox 539 2127 573 2190; x_wconf 87' lang='lat' dir='ltr'>et</span> <span class='ocrx_word' id='word_1_116' title='bbox 585 2118 771 2194; x_wconf 88' lang='lat' dir='ltr'>indictione</span> <span class='ocrx_word' id='word_1_117' title='bbox 782 2122 994 2218; x_wconf 89' lang='lat' dir='ltr'>subscriptis.</span> 
     </span>
    </p>

    <p class='ocr_par' dir='ltr' id='par_1_3' title="bbox 541 2246 1949 2470">
     <span class='ocr_line' id='line_1_15' title="bbox 586 2246 1949 2334; baseline 0.004 -20"><span class='ocrx_word' id='word_1_118' title='bbox 586 2246 709 2317; x_wconf 90' lang='lat' dir='ltr'>Datum</span> <span class='ocrx_word' id='word_1_119' title='bbox 729 2247 844 2334; x_wconf 86' lang='lat' dir='ltr'>Reate,</span> <span class='ocrx_word' id='word_1_120' title='bbox 863 2269 954 2320; x_wconf 93' lang='lat' dir='ltr'>anno</span> <span class='ocrx_word' id='word_1_121' title='bbox 975 2247 1147 2322; x_wconf 92' lang='lat' dir='ltr'>dominice</span> <span class='ocrx_word' id='word_1_122' title='bbox 1168 2249 1414 2324; x_wconf 87' lang='lat' dir='ltr'>incarnationis</span> <span class='ocrx_word' id='word_1_123' title='bbox 1430 2249 1614 2324; x_wconf 91' lang='lat' dir='ltr'>millesimo</span> <span class='ocrx_word' id='word_1_124' title='bbox 1631 2247 1870 2324; x_wconf 89' lang='lat' dir='ltr'>ducentesimo</span> <span class='ocrx_word' id='word_1_125' title='bbox 1886 2247 1949 2320; x_wconf 90' lang='lat' dir='ltr'>tri·</span> 
     </span>
     <span class='ocr_line' id='line_1_16' title="bbox 541 2369 1461 2470; baseline 0.007 -31"><span class='ocrx_word' id='word_1_126' title='bbox 541 2369 667 2442; x_wconf 87' lang='lat' dir='ltr'>cesimo</span> <span class='ocrx_word' id='word_1_127' title='bbox 681 2381 823 2466; x_wconf 88' lang='lat' dir='ltr'>quarto,</span> <span class='ocrx_word' id='word_1_128' title='bbox 846 2394 961 2446; x_wconf 90' lang='lat' dir='ltr'>mense</span> <span class='ocrx_word' id='word_1_129' title='bbox 972 2373 1068 2466; x_wconf 85' lang='lat' dir='ltr'>julii,</span> <span class='ocrx_word' id='word_1_130' title='bbox 1089 2375 1235 2470; x_wconf 87' lang='lat' dir='ltr'>septime</span> <span class='ocrx_word' id='word_1_131' title='bbox 1249 2374 1461 2449; x_wconf 91' lang='lat' dir='ltr'>indictionis.</span> 
     </span>
    </p>
   </div>
   <div class='ocr_carea' id='block_1_3' title="bbox 439 2959 1950 3340">
    <p class='ocr_par' dir='ltr' id='par_1_4' title="bbox 439 2959 1950 3340">
     <span class='ocr_line' id='line_1_17' title="bbox 439 2959 1950 3074; baseline 0 -32"><span class='ocrx_word' id='word_1_132' title='bbox 439 3043 460 3074; x_wconf 45' lang='grc' dir='ltr'><strong>α</strong></span> <span class='ocrx_word' id='word_1_133' title='bbox 594 2959 821 3064; x_wconf 84' lang='lat' dir='ltr'>Fridericus,</span> <span class='ocrx_word' id='word_1_134' title='bbox 841 2959 1102 3044; x_wconf 88' lang='lat' dir='ltr'>Romanorum</span> <span class='ocrx_word' id='word_1_135' title='bbox 1120 2961 1342 3070; x_wconf 89' lang='lat' dir='ltr'>imperator,</span> <span class='ocrx_word' id='word_1_136' title='bbox 1362 2959 1462 3044; x_wconf 88' lang='lat' dir='ltr'>circs</span> <span class='ocrx_word' id='word_1_137' title='bbox 1478 2959 1740 3044; x_wconf 87' lang='lat' dir='ltr'>Erfordienses</span> <span class='ocrx_word' id='word_1_138' title='bbox 1757 2985 1847 3044; x_wconf 90' lang='lat' dir='ltr'>cum</span> <span class='ocrx_word' id='word_1_139' title='bbox 1864 2985 1950 3043; x_wconf 90' lang='lat' dir='ltr'>om-</span> 
     </span>
     <span class='ocr_line' id='line_1_18' title="bbox 541 3093 1949 3206; baseline 0.001 -32"><span class='ocrx_word' id='word_1_140' title='bbox 541 3093 655 3177; x_wconf 91' lang='lat' dir='ltr'>nibus</span> <span class='ocrx_word' id='word_1_141' title='bbox 674 3120 806 3177; x_wconf 92' lang='lat' dir='ltr'>eorum</span> <span class='ocrx_word' id='word_1_142' title='bbox 824 3094 936 3177; x_wconf 89' lang='lat' dir='ltr'>bonis</span> <span class='ocrx_word' id='word_1_143' title='bbox 956 3094 1028 3178; x_wconf 89' lang='lat' dir='ltr'>sub</span> <span class='ocrx_word' id='word_1_144' title='bbox 1047 3095 1200 3205; x_wconf 89' lang='lat' dir='ltr'>speciali</span> <span class='ocrx_word' id='word_1_145' title='bbox 1219 3095 1450 3206; x_wconf 90' lang='lat' dir='ltr'>protectione</span> <span class='ocrx_word' id='word_1_146' title='bbox 1468 3121 1538 3178; x_wconf 90' lang='lat' dir='ltr'>sua</span> <span class='ocrx_word' id='word_1_147' title='bbox 1556 3095 1706 3206; x_wconf 83' lang='lat' dir='ltr'>recipit,</span> <span class='ocrx_word' id='word_1_148' title='bbox 1726 3095 1858 3206; x_wconf 88' lang='lat' dir='ltr'>eisquc</span> <span class='ocrx_word' id='word_1_149' title='bbox 1876 3121 1949 3205; x_wconf 91' lang='lat' dir='ltr'>ap-</span> 
     </span>
     <span class='ocr_line' id='line_1_19' title="bbox 540 3227 1896 3340; baseline 0.001 -31"><span class='ocrx_word' id='word_1_150' title='bbox 540 3227 719 3338; x_wconf 89' lang='lat' dir='ltr'>probatas</span> <span class='ocrx_word' id='word_1_151' title='bbox 737 3227 1029 3312; x_wconf 86' lang='lat' dir='ltr'>consuetudines</span> <span class='ocrx_word' id='word_1_152' title='bbox 1047 3239 1084 3312; x_wconf 88' lang='lat' dir='ltr'>et</span> <span class='ocrx_word' id='word_1_153' title='bbox 1102 3229 1260 3340; x_wconf 90' lang='lat' dir='ltr'>antiqua</span> <span class='ocrx_word' id='word_1_154' title='bbox 1273 3229 1363 3340; x_wconf 87' lang='lat' dir='ltr'>jura</span> <span class='ocrx_word' id='word_1_155' title='bbox 1380 3229 1420 3312; x_wconf 92' lang='lat' dir='ltr'>iu</span> <span class='ocrx_word' id='word_1_156' title='bbox 1438 3239 1664 3340; x_wconf 92' lang='lat' dir='ltr'>perpetuum</span> <span class='ocrx_word' id='word_1_157' title='bbox 1682 3229 1896 3314; x_wconf 85' lang='lat' dir='ltr'>confirmat.</span> 
     </span>
    </p>
   </div>
   <div class='ocr_carea' id='block_1_4' title="bbox 623 3469 1947 3660">
    <p class='ocr_par' dir='ltr' id='par_1_5' title="bbox 623 3469 1947 3660">
     <span class='ocr_line' id='line_1_20' title="bbox 623 3469 1947 3554; baseline 0 -20"><span class='ocrx_word' id='word_1_158' title='bbox 623 3473 758 3554; x_wconf 74' lang='lat' dir='ltr'>(Edldcr.</span> <span class='ocrx_word' id='word_1_159' title='bbox 773 3471 883 3550; x_wconf 80' lang='lat' dir='ltr'>Luam,</span> <span class='ocrx_word' id='word_1_160' title='bbox 899 3469 1120 3544; x_wconf 68' lang='lat' dir='ltr'>Rer&#39;clrurcliv„</span> <span class='ocrx_word' id='word_1_161' title='bbox 1136 3481 1160 3536; x_wconf 89' lang='lat' dir='ltr'>t.</span> <span class='ocrx_word' id='word_1_162' title='bbox 1174 3473 1255 3548; x_wconf 84' lang='lat' dir='ltr'>XVI,</span> <span class='ocrx_word' id='word_1_163' title='bbox 1269 3491 1338 3553; x_wconf 85' lang='lat' dir='ltr'>pars</span> <span class='ocrx_word' id='word_1_164' title='bbox 1349 3474 1391 3549; x_wconf 88' lang='grc' dir='ltr'>ΙΙ,</span> <span class='ocrx_word' id='word_1_165' title='bbox 1406 3489 1434 3552; x_wconf 88' lang='lat' dir='ltr'>p.</span> <span class='ocrx_word' id='word_1_166' title='bbox 1453 3483 1521 3536; x_wconf 76' lang='lat'>427.</span> <span class='ocrx_word' id='word_1_167' title='bbox 1533 3475 1827 3550; x_wconf 74' lang='lat' dir='ltr'>-anmnsrrrn,</span> <span class='ocrx_word' id='word_1_168' title='bbox 1841 3473 1947 3536; x_wconf 78' lang='lat' dir='ltr'>Hister.</span> 
     </span>
     <span class='ocr_line' id='line_1_21' title="bbox 661 3577 1047 3660; baseline 0 -17"><span class='ocrx_word' id='word_1_169' title='bbox 661 3599 716 3643; x_wconf 82' lang='lat' dir='ltr'>uon</span> <span class='ocrx_word' id='word_1_170' title='bbox 728 3577 846 3660; x_wconf 71' lang='lat' dir='ltr'>Erfurt,</span> <span class='ocrx_word' id='word_1_171' title='bbox 857 3587 880 3641; x_wconf 87' lang='lat' dir='ltr'>t.</span> <span class='ocrx_word' id='word_1_172' title='bbox 898 3581 923 3657; x_wconf 90' lang='lat' dir='ltr'>l,</span> <span class='ocrx_word' id='word_1_173' title='bbox 938 3598 966 3659; x_wconf 92' lang='lat' dir='ltr'>p.</span> <span class='ocrx_word' id='word_1_174' title='bbox 984 3584 1047 3658; x_wconf 82' lang='lat'>81.)</span> 
     </span>
    </p>
   </div>
   <div class='ocr_carea' id='block_1_5' title="bbox 544 3795 1951 4144">
    <p class='ocr_par' dir='ltr' id='par_1_6' title="bbox 544 3795 1951 4144">
     <span class='ocr_line' id='line_1_22' title="bbox 590 3795 1950 3892; baseline -0.001 -22"><span class='ocrx_word' id='word_1_175' title='bbox 590 3797 782 3872; x_wconf 89' lang='lat' dir='ltr'>Fridericus</span> <span class='ocrx_word' id='word_1_176' title='bbox 801 3797 862 3870; x_wconf 88' lang='lat' dir='ltr'>Dei</span> <span class='ocrx_word' id='word_1_177' title='bbox 892 3798 1002 3890; x_wconf 87' lang='lat' dir='ltr'>gratia</span> <span class='ocrx_word' id='word_1_178' title='bbox 1020 3797 1249 3870; x_wconf 80' lang='lat' dir='ltr'>Romanorum</span> <span class='ocrx_word' id='word_1_179' title='bbox 1268 3795 1453 3892; x_wconf 85' lang='lat' dir='ltr'>imperator</span> <span class='ocrx_word' id='word_1_180' title='bbox 1474 3817 1611 3892; x_wconf 89' lang='lat' dir='ltr'>semper</span> <span class='ocrx_word' id='word_1_181' title='bbox 1631 3803 1822 3890; x_wconf 82' lang='lat' dir='ltr'>angustus,</span> <span class='ocrx_word' id='word_1_182' title='bbox 1852 3797 1950 3868; x_wconf 87' lang='lat' dir='ltr'>Jeru-</span> 
     </span>
     <span class='ocr_line' id='line_1_23' title="bbox 544 3919 1950 4018; baseline -0.005 -22"><span class='ocrx_word' id='word_1_183' title='bbox 544 3925 650 3996; x_wconf 89' lang='lat' dir='ltr'>salem</span> <span class='ocrx_word' id='word_1_184' title='bbox 666 3931 701 3995; x_wconf 92' lang='lat' dir='ltr'>et</span> <span class='ocrx_word' id='word_1_185' title='bbox 717 3923 832 3996; x_wconf 92' lang='lat' dir='ltr'>Sicilie</span> <span class='ocrx_word' id='word_1_186' title='bbox 847 3945 924 3996; x_wconf 88' lang='lat' dir='ltr'>rex.</span> <span class='ocrx_word' id='word_1_187' title='bbox 949 3923 1013 3995; x_wconf 87' lang='lat' dir='ltr'>Per</span> <span class='ocrx_word' id='word_1_188' title='bbox 1034 3943 1174 4018; x_wconf 88' lang='lat' dir='ltr'>presens</span> <span class='ocrx_word' id='word_1_189' title='bbox 1201 3921 1367 4016; x_wconf 86' lang='lat' dir='ltr'>scriptum</span> <span class='ocrx_word' id='word_1_190' title='bbox 1385 3929 1506 3994; x_wconf 89' lang='lat' dir='ltr'>notum</span> <span class='ocrx_word' id='word_1_191' title='bbox 1524 3922 1671 3994; x_wconf 84' lang='lat' dir='ltr'>facimus</span> <span class='ocrx_word' id='word_1_192' title='bbox 1695 3921 1870 3994; x_wconf 84' lang='lat' dir='ltr'>universis</span> <span class='ocrx_word' id='word_1_193' title='bbox 1890 3919 1950 3990; x_wconf 93' lang='lat' dir='ltr'>im·</span> 
     </span>
     <span class='ocr_line' id='line_1_24' title="bbox 544 4043 1951 4144; baseline -0.003 -22"><span class='ocrx_word' id='word_1_194' title='bbox 544 4049 629 4144; x_wconf 88' lang='lat' dir='ltr'>pcn&#39;i</span> <span class='ocrx_word' id='word_1_195' title='bbox 648 4047 807 4123; x_wconf 83' lang='lat' dir='ltr'>fidelibus</span> <span class='ocrx_word' id='word_1_196' title='bbox 824 4057 893 4122; x_wconf 89' lang='lat' dir='ltr'>tam</span> <span class='ocrx_word' id='word_1_197' title='bbox 912 4047 1127 4144; x_wconf 89' lang='lat' dir='ltr'>presentibus</span> <span class='ocrx_word' id='word_1_198' title='bbox 1144 4069 1249 4143; x_wconf 91' lang='lat' dir='ltr'>qnam</span> <span class='ocrx_word' id='word_1_199' title='bbox 1260 4047 1385 4120; x_wconf 84' lang='lat' dir='ltr'>tuturis</span> <span class='ocrx_word' id='word_1_200' title='bbox 1398 4049 1496 4144; x_wconf 94' lang='lat' dir='ltr'>quod</span> <span class='ocrx_word' id='word_1_201' title='bbox 1512 4046 1631 4122; x_wconf 84' lang='lat' dir='ltr'>fideles</span> <span class='ocrx_word' id='word_1_202' title='bbox 1645 4047 1754 4120; x_wconf 90' lang='lat' dir='ltr'>nostri</span> <span class='ocrx_word' id='word_1_203' title='bbox 1772 4046 1869 4120; x_wconf 85' lang='lat' dir='ltr'>eires</span> <span class='ocrx_word' id='word_1_204' title='bbox 1884 4043 1951 4118; x_wconf 79' lang='lat' dir='ltr'>mr-</span> 
     </span>
    </p>
   </div>
   <div class='ocr_carea' id='block_1_6' title="bbox 545 4349 1952 4732">
    <p class='ocr_par' dir='ltr' id='par_1_7' title="bbox 545 4349 1952 4732">
     <span class='ocr_line' id='line_1_25' title="bbox 581 4349 1951 4434; baseline -0.006 -20"><span class='ocrx_word' id='word_1_205' title='bbox 581 4357 714 4434; x_wconf 68' lang='lat' dir='ltr'>(tltllxtat</span> <span class='ocrx_word' id='word_1_206' title='bbox 728 4362 817 4414; x_wconf 88' lang='lat' dir='ltr'>antem</span> <span class='ocrx_word' id='word_1_207' title='bbox 836 4373 880 4430; x_wconf 91' lang='lat' dir='ltr'>ap.</span> <span class='ocrx_word' id='word_1_208' title='bbox 894 4355 989 4426; x_wconf 72' lang='lat' dir='ltr'>leder,</span> <span class='ocrx_word' id='word_1_209' title='bbox 1005 4355 1116 4425; x_wconf 78' lang='lat' dir='ltr'>ibidem,</span> <span class='ocrx_word' id='word_1_210' title='bbox 1132 4365 1164 4412; x_wconf 79' lang='lat' dir='ltr'>n⁰</span> <span class='ocrx_word' id='word_1_211' title='bbox 1178 4357 1222 4426; x_wconf 84' lang='lat' dir='ltr'>ts,</span> <span class='ocrx_word' id='word_1_212' title='bbox 1237 4355 1312 4412; x_wconf 87' lang='lat' dir='ltr'>bulla</span> <span class='ocrx_word' id='word_1_213' title='bbox 1332 4353 1455 4430; x_wconf 85' lang='lat' dir='ltr'>Gregorii</span> <span class='ocrx_word' id='word_1_214' title='bbox 1471 4356 1511 4414; x_wconf 87' lang='lat' dir='ltr'>IX</span> <span class='ocrx_word' id='word_1_215' title='bbox 1524 4371 1578 4430; x_wconf 85' lang='lat' dir='ltr'>qua</span> <span class='ocrx_word' id='word_1_216' title='bbox 1590 4353 1626 4413; x_wconf 93' lang='lat' dir='ltr'>ad</span> <span class='ocrx_word' id='word_1_217' title='bbox 1642 4351 1866 4429; x_wconf 74' lang='lat' dir='ltr'>supplicationem</span> <span class='ocrx_word' id='word_1_218' title='bbox 1882 4349 1951 4406; x_wconf 82' lang='lat' dir='ltr'>Hen-</span> 
     </span>
     <span class='ocr_line' id='line_1_26' title="bbox 547 4451 1952 4530; baseline -0.009 -14"><span class='ocrx_word' id='word_1_219' title='bbox 547 4459 594 4516; x_wconf 85' lang='lat' dir='ltr'>rici</span> <span class='ocrx_word' id='word_1_220' title='bbox 612 4464 640 4516; x_wconf 90' lang='lat' dir='ltr'>et</span> <span class='ocrx_word' id='word_1_221' title='bbox 655 4455 768 4514; x_wconf 84' lang='lat' dir='ltr'>Conradi</span> <span class='ocrx_word' id='word_1_222' title='bbox 786 4455 899 4512; x_wconf 81' lang='lat' dir='ltr'>fratrum</span> <span class='ocrx_word' id='word_1_223' title='bbox 917 4455 1124 4528; x_wconf 84' lang='lat' dir='ltr'>lantgraricrum</span> <span class='ocrx_word' id='word_1_224' title='bbox 1142 4455 1318 4530; x_wconf 86' lang='lat' dir='ltr'>Thuringiaa,</span> <span class='ocrx_word' id='word_1_225' title='bbox 1333 4455 1404 4513; x_wconf 93' lang='lat' dir='ltr'>idem</span> <span class='ocrx_word' id='word_1_226' title='bbox 1422 4453 1552 4530; x_wconf 82' lang='lat' dir='ltr'>hospitale</span> <span class='ocrx_word' id='word_1_227' title='bbox 1567 4454 1656 4512; x_wconf 89' lang='lat' dir='ltr'>Sancti</span> <span class='ocrx_word' id='word_1_228' title='bbox 1669 4451 1804 4510; x_wconf 83' lang='lat' dir='ltr'>Francisci</span> <span class='ocrx_word' id='word_1_229' title='bbox 1818 4464 1881 4506; x_wconf 88' lang='lat' dir='ltr'>cum</span> <span class='ocrx_word' id='word_1_230' title='bbox 1897 4461 1952 4505; x_wconf 89' lang='lat' dir='ltr'>cm·</span> 
     </span>
     <span class='ocr_line' id='line_1_27' title="bbox 545 4544 1950 4629; baseline -0.01 -14"><span class='ocrx_word' id='word_1_231' title='bbox 545 4556 625 4616; x_wconf 86' lang='lat' dir='ltr'>nibus</span> <span class='ocrx_word' id='word_1_232' title='bbox 642 4556 700 4629; x_wconf 82' lang='lat' dir='ltr'>ejus</span> <span class='ocrx_word' id='word_1_233' title='bbox 711 4553 817 4629; x_wconf 84' lang='lat' dir='ltr'>juribus</span> <span class='ocrx_word' id='word_1_234' title='bbox 830 4551 922 4610; x_wconf 91' lang='lat' dir='ltr'>domui</span> <span class='ocrx_word' id='word_1_235' title='bbox 939 4552 1079 4627; x_wconf 86' lang='lat' dir='ltr'>hospitalis</span> <span class='ocrx_word' id='word_1_236' title='bbox 1099 4553 1217 4612; x_wconf 88' lang='lat' dir='ltr'>Sanctae</span> <span class='ocrx_word' id='word_1_237' title='bbox 1233 4553 1336 4614; x_wconf 87' lang='lat' dir='ltr'>llariae</span> <span class='ocrx_word' id='word_1_238' title='bbox 1352 4553 1577 4614; x_wconf 74' lang='lat' dir='ltr'>thenuniconm</span> <span class='ocrx_word' id='word_1_239' title='bbox 1591 4551 1704 4610; x_wconf 86' lang='lat' dir='ltr'>oonlert.</span> <span class='ocrx_word' id='word_1_240' title='bbox 1720 4551 1781 4608; x_wconf 80' lang='lat' dir='ltr'>bat.</span> <span class='ocrx_word' id='word_1_241' title='bbox 1795 4549 1894 4618; x_wconf 77' lang='lat' dir='ltr'>Reate,</span> <span class='ocrx_word' id='word_1_242' title='bbox 1907 4544 1950 4600; x_wconf 86' lang='lat' dir='ltr'>lra-</span> 
     </span>
     <span class='ocr_line' id='line_1_28' title="bbox 546 4651 1314 4732; baseline -0.007 -18"><span class='ocrx_word' id='word_1_243' title='bbox 546 4656 631 4716; x_wconf 87' lang='lat' dir='ltr'>londis</span> <span class='ocrx_word' id='word_1_244' title='bbox 639 4654 708 4732; x_wconf 86' lang='lat' dir='ltr'>julii,</span> <span class='ocrx_word' id='word_1_245' title='bbox 722 4652 891 4730; x_wconf 87' lang='lat' dir='ltr'>pontificatus</span> <span class='ocrx_word' id='word_1_246' title='bbox 902 4667 973 4710; x_wconf 90' lang='lat' dir='ltr'>anno</span> <span class='ocrx_word' id='word_1_247' title='bbox 985 4659 1089 4711; x_wconf 78' lang='lat' dir='ltr'>octauo</span> <span class='ocrx_word' id='word_1_248' title='bbox 1103 4651 1142 4726; x_wconf 78' lang='lat' dir='ltr'>(l⁰</span> <span class='ocrx_word' id='word_1_249' title='bbox 1151 4651 1211 4728; x_wconf 85' lang='lat' dir='ltr'>julli</span> <span class='ocrx_word' id='word_1_250' title='bbox 1221 4654 1314 4726; x_wconf 73' lang='lat' dir='ltr'>teat.)</span> 
     </span>
    </p>
   </div>
   <div class='ocr_carea' id='block_1_7' title="bbox 0 0 2184 5908">
    <p class='ocr_par' dir='ltr' id='par_1_8' title="bbox 0 0 2184 5908">
     <span class='ocr_line' id='line_1_29' title="bbox 0 0 2184 5908; baseline 0 0"><span class='ocrx_word' id='word_1_251' title='bbox 0 0 2184 5908; x_wconf 95' lang='lat' dir='ltr'> </span> 
     </span>
    </p>
   </div>
  </div>
 </body>
</html>
