4308 5910
503 609 543 671 88
1030 611 1390 678 consalutatoltss

503 744 597 819 curie
616 753 738 818 neutro
758 745 805 819 ad
821 743 997 838 judicium
1016 749 1198 846 veniente;
1215 774 1321 848 quem
1337 751 1523 828 terminum
1538 760 1619 825 anto
1634 749 1692 825 vel
1709 749 1776 848 ipsi
1793 759 1918 848 sponte

503 878 703 966 receperant
724 869 780 942 vel
807 891 912 966 quem
935 870 1021 966 ipsis
1047 875 1235 950 auctoritas
1250 875 1429 971 judicialis
1448 873 1605 949 indulsit.
1629 875 1788 950 Nolentas
1810 873 1917 970 igitur

503 993 579 1068 lites
609 993 683 1067 fieri
704 994 897 1090 aliquorum
921 996 1236 1075 machinationibus
1259 999 1487 1090 immortales,
1512 999 1698 1072 statuimus
1730 1009 1917 1094 utrumque

503 1118 633 1193 scilicet
658 1130 892 1192 accusatorem
920 1129 955 1194 el
985 1134 1184 1198 accusatum
1213 1147 1276 1224 pro
1302 1123 1486 1222 equalibus
1510 1123 1727 1220 portionibus
1756 1121 1915 1197 eamdem

502 1264 626 1340 penam
642 1243 678 1314 in
696 1264 779 1317 casu
796 1244 982 1340 prescripto
1001 1247 1120 1322 subire
1136 1259 1274 1324 centum
1291 1247 1545 1344 augustalium,
1561 1245 1692 1320 scilicet
1707 1247 1831 1322 nostris
1847 1247 1916 1320 uti·

501 1367 655 1440 litatibus
668 1366 925 1464 applicandam,
945 1391 1051 1466 quam
1069 1373 1154 1447 alter
1171 1395 1291 1448 eorum
1307 1370 1355 1470 (c)
1377 1369 1494 1446 subire
1511 1369 1666 1464 deberet,
1684 1369 1716 1444 si
1735 1370 1773 1444 in
1789 1378 1917 1445 statuto

502 1491 568 1563 sibi
589 1491 736 1566 termino
751 1501 995 1588 prosecuturus
1012 1499 1266 1573 accusationem
1280 1519 1349 1572 non
1364 1499 1516 1570 venisset
1532 1493 1581 1569 ad
1593 1495 1741 1568 curiam.

944 1827 1145 1904 TITULUS
1168 1831 1270 1906 xvl.
1298 1837 1341 1918 l<
1365 1831 1456 1928 (ts).

548 2020 624 2092 Lite
641 2040 706 2094 noo
721 2027 898 2092 commta
913 2021 951 2092 io
967 2023 1132 2096 cimincli
1140 2024 1269 2118 judicio
1287 2047 1333 2098 aa
1341 2026 1470 2120 possint
1484 2035 1578 2097 octor
1590 2035 1622 2096 ct
1638 2046 1718 2097 rear
1731 2023 1817 2096 irater
1830 2045 1866 2096 rc

733 2166 1017 2239 componeremus
1032 2147 1109 2219 dcto
1128 2151 1267 2222 marino
1284 2150 1393 2246 otiqw
1407 2149 1459 2222 vel
1477 2159 1603 2222 rotomo
1618 2149 1680 2244 (b).
1810 2200 1812 2204 -

1042 2361 1137 2411 tna!
1167 2361 1369 2413 AUGUSTUS.

550 2525 630 2600 Post
644 2525 839 2600 citationem
858 2525 1039 2617 emissam,
1061 2527 1121 2600 lito
1145 2528 1300 2602 nondum
1321 2530 1358 2601 in
1375 2529 1544 2602 criminali
1562 2529 1699 2623 judicio
1719 2535 1909 2602 contestata

501 2672 566 2724 nec
587 2651 703 2748 aliqua
721 2651 869 2746 partium
893 2663 1113 2747 comparente
1134 2651 1201 2748 (c),
1228 2654 1258 2725 si
1283 2664 1466 2729 accusatus
1487 2663 1523 2728 et
1543 2663 1722 2728 accusator
1742 2652 1915 2728 voluerint

501 2776 590 2849 inter
610 2797 649 2849 se
672 2796 897 2872 componere,
916 2775 1128 2870 transigendi
1149 2776 1201 2850 eis
1223 2777 1396 2850 licentiam
1424 2777 1653 2874 impartimur.
1676 2775 1829 2864 Quodsi
1850 2776 1913 2848 ali·

501 2898 588 2996 quid
612 2909 651 2972 nt
675 2898 720 2974 ab
740 2899 958 2973 accusatione
983 2898 1126 2973 desistat
1150 2909 1330 2974 accusator
1353 2899 1543 2997 acceperit,
1572 2899 1657 2996 quia
1677 2899 1752 2974 sino
1777 2898 1913 2972 licentia

503 3023 597 3096 curie
611 3023 678 3097 hoc
692 3025 916 3120 presumpsit,
935 3022 1082 3121 duplum
1096 3025 1173 3117 ejus
1193 3023 1290 3119 quod
1312 3024 1458 3120 proinde
1482 3047 1563 3098 eum
1580 3023 1756 3118 accepisse
1777 3033 1913 3097 consta·
1947 3063 1953 3070 ·

502 3148 576 3238 bit,
596 3147 645 3246 [et
663 3148 795 3243 absquo
810 3148 1039 3222 diminutione
1056 3149 1174 3245 aliqua
1194 3148 1291 3222 curie
1316 3153 1445 3239 nostre]
1472 3149 1601 3241 solvat3
1628 3147 1711 3240 [nisi
1738 3147 1827 3220 forte
1850 3167 1913 3244 pro

503 3272 717 3346 estimatione
741 3271 860 3346 damni
886 3272 1060 3346 commissi
1082 3281 1316 3346 accusatorem
1341 3272 1475 3368 aliquid
1495 3272 1671 3368 accepisse
1695 3271 1911 3366 constiterit]

501 3417 582 3469 cunr
609 3395 775 3470 damnum
802 3397 852 3469 rei
880 3396 1057 3470 familiaris
1081 3395 1294 3470 instituenda
1320 3397 1493 3470 accusatio
1518 3394 1728 3469 continebat.
1756 3393 1859 3481 Quod
1882 3395 1913 3467 si

499 3520 715 3618 usqueadeo
730 3521 775 3594 sit
792 3541 990 3618 processum
1010 3529 1049 3592 ut
1068 3542 1115 3594 ex
1139 3520 1299 3594 citatione
1316 3520 1405 3594 lacta
1422 3529 1536 3616 partes
1549 3517 1731 3612 injudicio
1751 3519 1821 3591 sint
1835 3541 1914 3614 pre·

498 3654 631 3736 sentes,
650 3645 725 3718 sine
744 3644 880 3716 lieentia
896 3653 931 3716 et
956 3641 1118 3716 mundato
1144 3643 1239 3718 curie
1263 3642 1493 3738 componendi
1519 3642 1674 3738 partibus
1693 3662 1763 3714 non
1791 3661 1913 3714 conca·

499 3766 616 3841 dimus
635 3777 850 3864 potestatem.
873 3767 996 3840 Contra
1011 3766 1108 3862 qnod
1124 3767 1154 3839 si
1175 3767 1303 3840 lactum
1327 3768 1444 3855 luerit,
1466 3765 1695 3840 accusatorX
1715 3766 1914 3861 augustales

497 3888 581 3964 fisco
612 3901 729 3965 nostro
756 3899 958 3988 componam
991 3900 1068 3986 post
1099 3889 1194 3964 litem
1222 3912 1306 3966 vero
1330 3901 1554 3965 contestatam
1581 3891 1612 3963 si
1639 3889 1831 3985 transigant
1851 3902 1912 3963 aut

498 4025 718 4109 componant,
735 4015 843 4090 XXIV
858 4015 1057 4111 augustales
1074 4027 1253 4090 accusator
1272 4026 1308 4088 et
1326 4027 1509 4089 accusatus
1530 4015 1641 4089 erario
1660 4024 1777 4088 nostro
1797 4035 1836 4086 se
1851 4035 1914 4086 no·

497 4139 612 4213 verint
637 4139 809 4232 illaturum
838 4163 943 4215 causa
968 4139 1194 4214 nibilominus
1217 4159 1283 4214 suo
1307 4138 1432 4214 ordine
1454 4137 1673 4236 peragenda,
1698 4137 1728 4211 si
1754 4149 1914 4212 transac-

540 4315 581 4394 (α)
604 4317 639 4378 ln
657 4315 724 4380 eod.
743 4325 821 4378 4025
836 4317 956 4380 additur
968 4313 1074 4378 aaut
1085 4323 1179 4380 octor.

537 4419 580 4503 (d)
599 4419 666 4486 Non
679 4420 747 4484 dato
761 4424 893 4504 taram,
907 4431 980 4496 etc,
994 4426 1027 4486 ln
1039 4439 1144 4504 graeco
1156 4424 1277 4486 dosunt.

538 4527 578 4610 (c)
604 4531 640 4590 In
662 4547 768 4608 gracco
786 4530 929 4592 additur:
946 4527 1014 4608 pairs
1032 4529 1101 4598 τινὸς
1120 4527 1271 4610 τιμήματος
1287 4529 1349 4614 scapi
1365 4527 1459 4592 τόπου
1473 4527 1702 4610 &mmmmm
1715 4528 1734 4604 d
1748 4525 1911 4612 dthnu,

500 4633 1912 4720 mdpwmmaoproprmamaroutrmpo;lneod.rsas=mttopmatmpmpum

500 4735 676 4820 cdrscepto,
691 4743 890 4804 rutnusroete.
1961 4763 1964 4768 “
