4360 5908
199 579 299 644 narce
315 577 358 664 5.]
653 581 854 646 ursrourn
877 579 1173 644 ntrnottsrrca
1560 585 1621 652 295

199 711 331 823 eisquc
349 711 549 798 confirmat
565 715 824 824 possessiones
839 725 878 800 ct
891 713 981 826 jura
999 740 1099 825 quse
1116 713 1176 799 avi
1195 723 1233 798 et
1250 715 1367 823 putris
1386 719 1445 800 sni
1464 727 1621 831 tempo-

199 845 309 931 uibus
325 855 544 931 tenuerunt.

283 1088 410 1170 (lldtdcr.
422 1091 700 1172 MumrnnnPim
712 1094 880 1174 erporr'tr'om
892 1091 939 1154 dcl
951 1090 1048 1156 dtrittl
1059 1092 1163 1173 lmprr.
1176 1109 1264 1173 sopra
1277 1089 1453 1167 decoctu,
1462 1109 1494 1170 p.
1508 1099 1621 1158 8⁶2.-

323 1196 436 1278 Lunum,
450 1195 519 1262 cort.
529 1195 635 1262 ltaliae
643 1197 811 1282 sperma,
824 1207 849 1264 t.
862 1203 890 1278 1,
905 1219 938 1280 p.
952 1200 1187 1282 tutu,ctt.1V‚
1200 1217 1233 1280 p.
1246 1209 1300 1276 283
1313 1203 1346 1262 ln
1359 1200 1416 1264 huc
1429 1200 1536 1264 ultlutu
1546 1201 1619 1263 edlt.

323 1306 422 1366 miuus
433 1302 537 1386 recte)

251 1517 445 1592 Fridericus
465 1519 642 1594 secundus
659 1516 781 1596 divina
798 1525 936 1596 tarento
960 1521 1141 1596 clementia
1164 1521 1395 1596 Romanorum
1416 1522 1616 1616 imperator,

203 1665 338 1739 semper
364 1655 552 1739 augustus,
579 1647 770 1721 Jerusalem
796 1646 833 1720 et'
861 1645 975 1720 Sicilie
1004 1670 1081 1720 rex.
1112 1647 1303 1743 Imperialis
1329 1645 1508 1720 clementia
1538 1645 1618 1728 ideo

203 1769 354 1864 benigne
374 1769 554 1844 consuevit
577 1768 732 1844 fidelium
755 1771 1137 1868 petitiones'admittere
1159 1781 1199 1845 ut
1224 1781 1259 1845 et
1281 1771 1346 1866 ipsi
1373 1772 1557 1867 puritatem
1581 1771 1619 1842 in

204 1891 272 1968 fide
295 1903 331 1967 et
355 1893 391 1964 in
413 1894 561 1968 servitiis
583 1917 665 1969 suus
691 1896 821 1971 arctius
844 1898 1064 1972 corroborent
1085 1897 1292 1971 voluntates.
1317 1897 1367 1970 Ea
1396 1897 1502 1991 igitur
1524 1895 1620 1971 ducti

203 2017 476 2092 consideratione
491 2019 675 2114 laudabili,
702 2005 765 2118 per
782 2043 926 2117 presens
942 2022 1108 2118 scriptum
1123 2031 1244 2095 notum
1268 2019 1342 2094 ficri
1359 2022 1521 2095 volumus
1540 2021 1621 2111 unt,

203 2141 313 2214 versis
326 2142 461 2239 imperii
474 2141 635 2218 fidelibus
648 2155 716 2219 tam
731 2147 950 2242 presentibus
960 2169 1066 2243 quam
1079 2146 1204 2220 futuris
1218 2145 1313 2241 quod
1329 2167 1392 2219 nos
1403 2147 1619 2232 attendentes

204 2263 307 2339 fidem
324 2289 445 2362 puram
461 2278 496 2342 st
510 2269 728 2344 devotionem
743 2271 911 2344 sinceram
923 2293 1028 2367 quum
1045 2269 1092 2344 ad
1109 2291 1174 2343 nos
1188 2271 1343 2343 universi
1356 2271 1452 2344 cives
1467 2269 1618 2343 civitatis

204 2401 318 2464 nostre
335 2391 502 2486 Comacli,
531 2393 650 2468 fideles
674 2395 800 2487 nostri,
829 2415 967 2492 semper
993 2389 1191 2468 babuerunt
1212 2405 1247 2468 et
1268 2393 1415 2482 habent,
1446 2395 1491 2470 de
1516 2393 1616 2467 solita

202 2517 313 2608 gratia
328 2529 444 2593 nostra
461 2541 531 2615 qua
548 2519 636 2595 bena
655 2514 796 2594 meritos
814 2525 849 2594 ct
873 2517 994 2594 fideles
1015 2519 1150 2616 imperil
1169 2519 1277 2592 nostri
1293 2519 1538 2593 consuevimus
1558 2520 1616 2591 in-

203 2641 309 2732 tueri,
326 2643 500 2719 civitatem
518 2645 629 2742 ipsam
644 2653 810 2742 tanquam
824 2645 974 2743 speciale
986 2643 1188 2721 domanium
1199 2645 1333 2741 imperii
1346 2655 1380 2719 et
1390 2665 1511 2718 omnes
1521 2645 1616 2718 cives

202 2764 358 2858 ejusdem
374 2776 538 2862 tanquam
555 2769 721 2865 speciales
737 2769 893 2844 homlnes
908 2779 944 2844 et
960 2770 1147 2868 piscatores
1163 2777 1296 2842 nostros
1310 2767 1379 2868 (o),
1398 2769 1464 2842 sub
1483 2777 1615 2864 protec-

203 2890 296 2964 tioue
308 2900 343 2964 et
356 2892 556 2968 defensione
572 2903 689 2967 nostra
703 2901 738 2968 et
751 2894 887 2992 imperii
905 2895 1092 2991 recipimus
1106 2903 1140 2968 et
1158 2894 1344 2978 babemus;
1366 2891 1417 2965 eis
1431 2889 1615 2964 abundau-

204 3017 399 3112 tiorigratia
414 3019 673 3116 inperpetuum
686 3019 926 3096 confirmantes
938 3020 1051 3113 villas,
1073 3021 1202 3116 sylvas,
1220 3029 1352 3116 portus,
1366 3037 1489 3113 aquas,
1504 3024 1614 3112 prata,

203 3143 437 3234 possessiones
455 3156 490 3217 et
504 3146 620 3219 omnia
637 3147 706 3220 alia
720 3146 909 3220 tenimenta
925 3153 960 3218 et
973 3146 1071 3239 jura,
1090 3165 1239 3217 necnon
1257 3153 1292 3216 et
1308 3162 1428 3216 omnes
1444 3141 1618 3214 libertates

203 3274 237 3337 et
252 3265 486 3340 immunitates
499 3291 587 3363 quas
605 3279 675 3342 tarn
688 3271 726 3342 iu
741 3269 913 3366 ripaticis,
932 3268 1115 3365 aquaticis,
1136 3266 1290 3363 piscariis
1309 3275 1344 3338 ct
1364 3264 1528 3362 predictis
1541 3265 1617 3337 aliis

205 3387 338 3463 dudum
352 3391 564 3487 temporibus
582 3393 715 3467 domini
724 3393 941 3490 imperatoris
956 3393 1119 3466 Friderici
1137 3392 1195 3465 avi
1212 3401 1247 3464 et
1260 3388 1393 3464 domini
1404 3388 1617 3485 imperatoris

203 3513 338 3587 ilenrici
352 3517 459 3610 patris
473 3518 579 3591 nostri
596 3518 841 3593 recordationis
857 3519 986 3616 inclyte
1000 3528 1036 3592 et
1059 3540 1171 3613 usqua
1189 3517 1235 3592 ad
1250 3517 1315 3590 hcc
1334 3516 1447 3590 lellcia
1464 3525 1625 3610 tempora-

202 3648 317 3713 nostra
331 3648 534 3734 tenuerunt,
555 3643 644 3716 sicut
661 3645 713 3717 ais
728 3646 890 3718 omnibus
904 3645 960 3718 usi
971 3653 1052 3718 suut
1062 3643 1310 3718 rationabiliter
1320 3651 1356 3716 ct
1368 3641 1502 3738 quieto,
1522 3641 1618 3714 salvo

203 3763 238 3835 in
254 3765 416 3840 omuibus
426 3768 506 3860 jure
522 3769 670 3864 imperii.
688 3769 891 3843 Mandantcs
904 3779 939 3842 et
956 3769 1099 3844 firmiter
1111 3778 1301 3843 statuentes
1312 3777 1484 3863 quatenus
1500 3765 1618 3836 nullus

204 3909 317 3964 comes
333 3891 392 3964 vel
408 3892 511 3985 baro,
535 3895 631 3968 nulla
645 3904 798 3992 potestas
813 3915 877 3970 seu
893 3915 1095 3987 commuue,
1116 3895 1212 3969 nulla
1229 3893 1457 3991 personaalta
1477 3891 1534 3964 vel
1551 3890 1619 3962 hu·

204 4013 311 4107 milis,
332 4016 563 4090 ecclesiastica
579 4019 637 4091 vel
655 4020 838 4108 secularis,
855 4019 1044 4116 predictam
1062 4020 1236 4094 civitatem
1250 4027 1401 4091 nostram
1415 4015 1564 4098 Comacli
1585 4025 1620 4088 et

204 4136 297 4212 cives
316 4139 473 4234 ejusdem
494 4163 600 4239 super
624 4143 790 4240 predictis
814 4155 931 4219 contra
951 4145 1041 4218 hanc
1059 4143 1279 4240 protectionis
1303 4152 1338 4216 et
1354 4139 1621 4214 confirmationis

203 4271 317 4338 nostre
332 4266 495 4362 paginam
509 4269 690 4343 molestare
703 4292 765 4344 ssu
779 4269 1118 4368 tcmcrsperturbara
1135 4280 1322 4369 presumat.
1340 4266 1443 4353 Quod
1458 4266 1518 4361 qui
1538 4285 1622 4362 pro-

203 4390 397 4484 sumpserit,
417 4401 532 4487 prater
550 4392 822 4488 indignationem
841 4407 1006 4485 nostram,
1028 4395 1257 4491 quadraginta
1274 4415 1470 4467 marcarum
1489 4389 1621 4486 argenti

204 4533 326 4608 penam
342 4537 381 4589 so
394 4515 528 4591 noverit
548 4519 786 4615 incursurum,
814 4543 962 4618 quarum
985 4523 1205 4596 medietatem
1224 4542 1360 4594 camare
1383 4529 1500 4592 nostra
1518 4528 1552 4590 et
1565 4539 1620 4590 re·

245 4715 286 4800 (a)
308 4721 350 4783 rtt
358 4723 518 4803 piscatores
530 4731 642 4787 corbos
655 4725 762 4789 desunt
774 4743 823 4805 ap.
839 4726 947 4808 Lunlg‚
962 4731 986 4788 t.
1000 4689 1053 4790 lv.
