4308 5910
775 609 900 672 nuent
925 610 1112 680 SICILIAE.

694 945 897 1020 TITULUS
920 947 980 1022 tv.
1009 953 1073 1022 ΝΔ
1097 949 1186 1046 (bl).

628 1151 679 1221 De
688 1151 769 1244 jore
785 1173 844 1222 rao
861 1153 954 1223 carie
971 1155 1169 1228 obseruando
1187 1157 1248 1254 (a).

690 1377 909 1428 rnrnanror
941 1379 1186 1433 rnnunnrcus.

277 1557 429 1654 Dignum
460 1558 533 1631 lore
567 1557 743 1634 oredimus
765 1569 805 1648 ,et
830 1569 1099 1637 consentaneum
1128 1563 1252 1638 rationi
1274 1573 1313 1636 ut
1338 1584 1402 1637 nos
1426 1564 1488 1660 qui
1511 1563 1644 1658 justitie

230 1682 317 1756 solio
334 1683 552 1780 presidemus
569 1694 605 1756 et
619 1693 812 1758 constanter
835 1695 941 1781 atque
957 1696 1125 1783 perpetuo
1139 1689 1221 1780 jura
1240 1711 1305 1762 sua
1322 1689 1536 1784 quibuslibet
1560 1709 1642 1762 oon·

229 1829 423 1902 servamus,
447 1811 619 1884 rationum
642 1819 837 1884 nostrarum
862 1831 932 1884 non
957 1812 1066 1884 simus
1084 1813 1320 1905 Immemores,
1340 1814 1403 1890 sed
1426 1836 1485 1888 eas
1503 1815 1548 1888 ab
1565 1814 1644 1886 aliis

230 1934 420 2010 temeritate
434 1935 588 2031 quadam
614 1933 684 2034 [et,
703 1944 743 2008 ut
754 1935 938 2030 loquemur
950 1937 1121 2032 apertius,
1140 1937 1258 2012 illicita
1283 1934 1557 2036 presumptione]
1581 1937 1643 2010 tle·

228 2064 342 2131 tentas
361 2059 408 2134 ad
425 2059 619 2134 dominium
639 2067 793 2134 nostrum
817 2067 923 2155 atque
942 2058 1141 2133 demanium
1165 2081 1382 2134 revocemus.
1405 2061 1516 2154 Hujus
1535 2061 1642 2154 igitur

228 2179 319 2275 legis
340 2183 454 2258 edicto
472 2185 716 2260 iuviolabiliter
730 2184 951 2259 observando
965 2185 1064 2278 regni
1085 2185 1191 2257 nostri
1207 2181 1346 2284 [Sicilie]
1366 2186 1528 2260 omnibus
1553 2185 1641 2258 fide-

229 2305 322 2380 libus
347 2309 473 2384 nostris
499 2309 669 2383 edicimus
691 2315 731 2380 ut
757 2328 877 2380 omnes
904 2308 1080 2399 civitates,
1099 2317 1228 2399 castra,
1246 2310 1471 2401 munitiones,
1499 2309 1637 2396 casulla,

228 2434 330 2506 villas
346 2442 381 2508 et
395 2433 563 2529 quicquid
581 2433 617 2505 in
637 2432 689 2506 eis
705 2432 798 2504 intus
812 2439 873 2504 aut
889 2431 972 2504 loris
991 2453 1066 2504 esse
1083 2428 1297 2529 [demanium
1316 2431 1387 2532 vel]
1410 2433 1455 2508 de
1480 2434 1641 2506 demanIc

228 2558 422 2650 consuevit,
437 2558 475 2630 in
490 2565 625 2631 nosnos
638 2577 762 2629 manus
774 2556 906 2650 integre
918 2553 1069 2629 debeant
1081 2557 1126 2653 (b)
1142 2557 1476 2650 resignaratteditus
1489 2559 1592 2632 etiem
1607 2567 1642 2630 et

228 2683 370 2756 servitia
387 2683 489 2757 uobis
510 2681 628 2756 debita
647 2679 793 2754 detineri
811 2679 857 2752 ab
877 2679 1051 2775 aliquibus
1074 2675 1226 2780 [amodo]
1248 2682 1306 2754 rel
1331 2682 1501 2778 supprimi
1525 2681 1643 2778 probi·

228 2807 371 2898 bemus;
391 2807 529 2880 scituris
549 2806 691 2879 firmiter
711 2806 960 2899 cujuscumque
976 2803 1182 2878 conditIonis
1197 2805 1398 2880 hominibus
1417 2808 1514 2901 regni
1535 2809 1642 2880 nostri

230 2927 419 3030 [fidelibus]
436 2931 608 3004 universis
624 2929 720 3025 quod
741 2928 803 3024 qui
822 2928 868 3002 de
890 2927 1053 3024 predictis
1066 2928 1238 3002 tenuerint
1250 2929 1396 3024 aliquid,
1415 2932 1460 3004 de
1480 2951 1551 3026 quo
1569 2953 1640 3004 non

226 3054 380 3130 habeant
395 3054 618 3152 privilegium
643 3054 803 3128 divorum
819 3073 941 3147 regum
962 3051 1098 3145 Rogerii
1124 3061 1160 3124 et
1178 3050 1349 3126 Guillelmi
1374 3055 1476 3149 prImi
1498 3064 1558 3127 ant
1584 3078 1639 3130 se·

226 3179 334 3252 cundi
358 3176 655 3277 [predecessorum
677 3171 884 3275 nostrorum]
904 3183 965 3248 aut
985 3176 1162 3248 oraculum
1185 3187 1301 3251 nostre
1325 3178 1538 3254 celsitudinis
1559 3202 1640 3276 sps·

226 3304 328 3392 ciale,
345 3303 482 3377 anobis
495 3324 542 3376 ex
555 3312 648 3376 certe
666 3311 782 3375 nostra
801 3301 946 3374 selentia
962 3299 1181 3394 impetratum
1196 3301 1253 3374 vel
1271 3301 1444 3376 indultum
1468 3327 1490 3378 a
1510 3305 1639 3402 prede-

226 3429 422 3502 cessoribus
437 3428 560 3502 nostris
579 3427 671 3501 divis
688 3427 847 3522 augustis
862 3423 907 3522 (e)
922 3423 1122 3522 parentibus
1138 3425 1308 3500 nostriset
1325 3449 1372 3501 ex
1390 3437 1482 3503 certe
1495 3430 1639 3504 scientie

225 3561 343 3626 nostra
358 3551 615 3654 confirmatum,
635 3559 670 3625 et
686 3573 798 3647 usque
815 3549 862 3624 ad
883 3551 1007 3623 festum
1028 3549 1222 3622 Natiuitatis
1238 3551 1437 3647 proximum
1458 3553 1494 3625 in
1513 3575 1636 3626 manus

224 3685 360 3750 nostras
384 3677 440 3750 vel
463 3676 698 3750 ordinatorum
719 3687 910 3748 nostrorum
939 3673 1121 3769 irrequisiti
1148 3675 1249 3748 etiam
1278 3698 1349 3750 non
1372 3677 1634 3772 resIgnaverint,

224 3800 459 3898 quadruplum
479 3797 608 3900 [etiam]
625 3799 677 3896 (d)
699 3801 870 3872 fructuum
890 3798 947 3872 vel
963 3797 1136 3872 redituum
1152 3821 1216 3872 seu
1231 3800 1469 3896 cujuscunque
1483 3801 1640 3875 utilitatis

226 3925 321 4020 quod
338 3925 383 4000 de
399 3925 546 4000 detentis
564 3925 616 3998 sic
633 3924 760 4020 injuste
777 3925 1013 4023 perceperint,
1035 3924 1153 4020 procul
1173 3923 1282 3997 dnbio
1307 3924 1404 3998 curie
1426 3936 1540 4000 nostre
1557 3949 1638 3999 cum

227 4051 422 4143 integritate
444 4049 654 4146 persolvant.

268 4241 310 4324 (a)
328 4245 364 4305 In
381 4259 485 4324 graeco
501 4245 566 4308 alle
582 4260 680 4324 poena
698 4261 797 4304 comm
813 4243 864 4325 qai
881 4239 995 4326 alr'qrsid
1008 4243 1135 4303 retincat
1149 4237 1192 4302 ad
1206 4237 1373 4305 &mnium
1380 4244 1542 4324 pertinens.

267 4349 308 4430 (d)
331 4351 368 4412 In
381 4350 448 4412 cod.
462 4359 541 4412 46²5
555 4358 666 4413 cureat.

267 4456 306 4536 (c)
331 4457 478 4518 Addimus
488 4458 621 4540 capeto
632 4463 693 4520 mm
705 4475 743 4519 ex
756 4457 855 4520 codice
866 4455 958 4518 latino
970 4472 1061 4534 mam
1075 4471 1114 4517 ex
1127 4471 1242 4535 graecu

267 4559 311 4636 (d)
329 4561 431 4623 Etiam
444 4563 477 4622 tn
490 4563 558 4626 cod.
574 4571 652 4624 4625
666 4563 761 4638 deest,
778 4566 808 4622 et
819 4576 939 4639 prorsus
952 4563 1074 4621 omntnc
1088 4561 1240 4623 redundat.

323 4855 377 4920 tv.
