4308 5910
521 596 578 658 168
1047 591 1404 656 consttuuttortss

520 731 601 806 talia
618 741 700 804 suut
723 741 895 828 porrecta,
917 703 1022 805 vitam
1040 729 1185 827 proinde
1201 729 1256 802 vel
1275 749 1414 801 sensum
1438 727 1616 820 amittant,
1637 728 1756 803 mortis
1778 731 1930 826 periculo

522 855 649 948 subjici
669 856 832 928 volumus
854 854 934 928 talia
958 865 1206 952 perpetrantes.
1229 853 1265 926 Si
1287 874 1371 926 vero
1393 852 1454 948 qui
1477 851 1633 948 predicta
1657 855 1872 950 susceperint
1894 855 1929 927 iu

522 980 618 1053 nullo
646 978 827 1070 lednutur,
858 988 942 1050 tuuc
977 978 1261 1051 committentium
1290 977 1485 1048 voluntates
1512 976 1640 1049 inultas
1668 999 1738 1050 uon
1770 979 1930 1053 volumus

523 1124 717 1192 remanere,
744 1101 807 1176 sed
829 1101 1014 1198 publicatis
1033 1101 1133 1175 bouis
1158 1103 1312 1198 ipsorum
1330 1100 1510 1192 omuibus,
1532 1103 1694 1175 carcerali
1719 1125 1930 1198 perannum

522 1227 678 1300 custodie
695 1227 789 1321 ipsos
807 1225 1026 1299 deceruimus
1047 1225 1249 1321 mancipari.
1268 1226 1312 1298 Et
1332 1245 1532 1319 quanquam
1553 1225 1733 1298 veritatem
1761 1237 1797 1299 et
1817 1249 1930 1300 rorum

520 1360 678 1424 naturam
694 1349 906 1423 intuentibus
924 1349 1037 1422 videri
1055 1349 1163 1445 possit
1179 1349 1247 1422 hoo
1265 1349 1424 1422 frivolum
1442 1358 1489 1438 et,
1503 1357 1543 1420 ut
1559 1349 1719 1446 proprius
1735 1351 1929 1444 loquamur,

520 1475 714 1548 fabulosum
742 1474 838 1569 quod
862 1495 924 1570 per
950 1474 1047 1546 cibos
1068 1483 1129 1546 aut
1154 1483 1257 1569 potus
1275 1469 1334 1570 [ad
1358 1493 1491 1546 amores
1513 1473 1570 1546 vel
1592 1471 1687 1572 odia]
1710 1485 1844 1548 mentes
1863 1475 1932 1548 ho-

520 1599 654 1670 miuum
671 1606 889 1688 moveantur,
903 1597 970 1669 nisi
984 1607 1155 1691 quatenus
1168 1595 1364 1691 recipientis
1378 1597 1450 1668 lesa
1463 1597 1616 1692 suspicio
1630 1596 1681 1693 (a)
1693 1597 1758 1670 hec
1771 1599 1929 1688 inducat;

519 1723 673 1820 ipsorum
702 1732 817 1795 tamen
844 1722 1137 1818 presumptionem
1164 1723 1377 1795 temerariam
1406 1743 1476 1814 qua
1501 1722 1620 1794 saltem
1647 1743 1770 1796 uouere
1794 1721 1934 1797 desida-

518 1856 608 1941 rant,
629 1847 693 1921 etsi
711 1867 836 1920 nocere
851 1867 920 1918 uon
939 1847 1085 1942 possint,
1106 1845 1300 1940 relinquere
1315 1845 1477 1918 uolumus
1493 1845 1712 1942 impunitam.

931 2152 1133 2226 rrauuus
1157 2154 1323 2226 uxxrv.
1350 2158 1410 2226 nn
1434 2154 1523 2252 (aa).

983 2331 1467 2406 contumacitatem.

1038 2533 1109 2582 aux
1134 2533 1327 2584 nocsarus
1351 2511 1417 2608 (t).

571 2685 700 2780 Legum
720 2683 901 2778 asperitate
918 2685 1042 2778 lenita,
1062 2709 1131 2761 uon
1149 2699 1186 2760 ut
1198 2689 1280 2762 otim
1300 2701 1416 2762 contra
1435 2687 1608 2764 adulteros
1624 2687 1671 2762 ad
1686 2689 1833 2762 aliorum
1849 2711 1936 2763 cou-

517 2809 621 2904 jugcs
642 2805 866 2898 accedentes,
886 2808 1003 2904 gladio
1025 2821 1077 2882 est
1097 2811 1290 2906 agendum3
1311 2812 1373 2886 sed
1396 2837 1510 2886 rerum
1536 2813 1582 2886 ad
1605 2835 1666 2888 eos
1689 2815 1936 2910 pertinentium

521 2931 717 3006 confiscatio
736 2933 932 3022 inducetur,
952 2935 982 3008 si
997 2933 1085 3008 fitios
1103 2937 1275 3032 legitimos
1291 2959 1338 3010 ex
1354 2958 1396 3010 eo
1415 2937 1633 3012 matrimonio
1651 2939 1778 3012 violato
1793 2940 1849 3012 vet
1865 2941 1937 3014 atio

521 3078 591 3130 nou
612 3057 807 3130 habuerint.
834 3057 1056 3153 Periuiquum
1079 3070 1132 3132 est
1153 3061 1245 3133 anim
1270 3083 1330 3134 eos
1358 3061 1575 3136 successione
1600 3062 1751 3136 fraudari
1775 3065 1836 3160 qni
1861 3065 1936 3138 uati

522 3193 603 3254 sunt
629 3203 670 3254 eo
699 3191 852 3278 tempore
875 3203 946 3276 quo
975 3183 1080 3276 hujus
1103 3184 1168 3256 tori
1193 3185 1251 3258 lex
1276 3185 1432 3281 legaliter
1450 3187 1664 3261 servabatur.
1690 3188 1736 3260 At
1760 3189 1836 3261 viro
1860 3198 1937 3262 tra-

522 3304 638 3379 denda
668 3314 720 3378 est
749 3305 874 3379 mutier
901 3307 1098 3380 nullatenus
1123 3308 1195 3381 vite
1217 3309 1368 3405 periculo
1390 3311 1561 3403 sevitnro,
1585 3311 1649 3384 sed
1674 3313 1839 3386 ultionem
1867 3315 1937 3386 tori

522 3431 640 3504 violati
662 3430 736 3502 uasi
763 3430 950 3520 truncatio,
972 3427 1081 3528 [quod
1103 3433 1221 3505 sevius
1243 3445 1278 3505 et
1299 3437 1448 3508 atrocius
1466 3432 1669 3534 inducitur],
1689 3447 1933 3532 prosequatur.

522 3554 614 3628 Ultra
633 3555 726 3627 euim
749 3573 862 3648 unque
880 3554 956 3627 viro
975 3576 1089 3650 neque
1110 3556 1310 3652 parentibus
1330 3560 1442 3632 sevire
1460 3560 1588 3634 licebit.
1610 3559 1713 3646 Quod
1735 3561 1764 3633 si
1784 3560 1839 3634 vir
1857 3563 1937 3655 ejus

521 3679 557 3750 iu
574 3700 650 3751 eam
670 3677 859 3751 vindictam
878 3677 961 3752 dare
976 3681 1135 3770 notuerit,
1155 3701 1219 3754 nos
1235 3681 1435 3772 hujusmodi
1458 3683 1667 3758 maleficium
1686 3705 1755 3758 uou
1779 3687 1937 3760 sinemus

521 3801 682 3896 inultum,
702 3801 767 3876 sed
783 3802 895 3899 ipsam
911 3803 1121 3898 precipimus
1137 3806 1275 3901 publice
1293 3806 1545 3900 flagellandam.

562 3982 604 4054 (a)
623 3979 734 4042 Graece
747 3977 858 4053 tutante
871 3978 1014 4064 ὑπόληψις,
1030 3979 1209 4045 imbecillitas
1221 3983 1334 4046 mentis.

555 4269 590 4342 (tt
609 4269 687 4327 Hunc
708 4271 814 4328 titutum
836 4289 918 4346 quem
940 4274 1075 4334 Friderico
1093 4276 1228 4334 Carcanus
1242 4274 1385 4347 adscribit,
1400 4281 1456 4334 tum
1470 4291 1504 4334 ex
1517 4276 1577 4334 cod.
1600 4278 1684 4350 toas,
1699 4282 1757 4334 mm
1772 4289 1807 4334 ex
1819 4276 1933 4338 desistis

519 4377 550 4422 n⁰
561 4367 623 4426 xvt
636 4367 747 4442 Rogerio
762 4385 869 4443 quoque
881 4371 1032 4432 tribuimus.
