4288 5912
511 573 575 638 tot
1018 567 1233 632 tutotuto!
1262 565 1436 630 securint
1738 565 1820 645 [An.
1839 567 1925 630 1232

515 727 701 808 possumne
716 727 780 780 nec
798 705 967 782 debemus
984 703 1032 780 ed
1048 706 1203 802 culpam,
1222 725 1302 778 cnm
1316 725 1423 802 snper
1436 701 1503 777 hoc
1517 723 1588 777 nou
1605 701 1739 776 lucritie
1754 703 1924 798 requisiti,

515 855 558 908 ac
575 831 727 930 quedam
749 830 899 928 imperiii
916 831 1052 926 negotia
1070 829 1171 904 nobis
1185 828 1351 902 instanter
1367 827 1570 901 immineant
1580 849 1651 923 que
1663 827 1846 900 consilinm
1863 847 1928 902 nec

517 981 587 1035 non
604 958 774 1034 auxilium
791 967 906 1033 vestre
919 955 1093 1032 fidelitatis
1110 963 1325 1053 exposcunt,
1355 953 1613 1027 universitatem
1630 961 1781 1026 vestram
1796 953 1842 1028 de
1856 974 1928 1048 qna

515 1087 618 1182 plene
632 1081 858 1176 confidimns,
879 1081 1065 1178 imperialis
1080 1080 1185 1158 edicti
1199 1079 1401 1154 anctoritate
1414 1077 1561 1152 citamus
1578 1099 1620 1152 ec
1633 1075 1700 1150 sub
1713 1098 1805 1174 pena
1819 1099 1927 1174 roge-

513 1209 599 1282 lium
613 1206 896 1282 constitutionum
911 1205 1121 1303 precipimus
1134 1213 1306 1302 qnatenus
1325 1203 1361 1274 in
1382 1202 1543 1299 proximo
1561 1202 1678 1276 tuturo
1692 1201 1785 1276 mdo
1799 1201 1847 1276 ed
1862 1223 1927 1278 nos

514 1332 663 1406 veniatis
675 1353 757 1404 cnm
768 1339 976 1406 armatorum
987 1330 1155 1406 laudabili
1170 1329 1348 1418 comitivn;
1369 1328 1460 1402 circa
1472 1327 1709 1402 citatiommet
1722 1327 1926 1404 mandatnm

513 1465 669 1529 nostrum
690 1453 801 1528 taliter
817 1475 882 1528 voe
901 1453 1067 1528 habentes
1082 1451 1178 1549 qnod
1195 1451 1415 1528 devotionem
1432 1461 1581 1528 vesbam
1599 1451 1720 1528 merito
1741 1473 1925 1526 commen-

514 1579 598 1654 dare
619 1577 792 1676 possimus
810 1587 845 1652 et
865 1600 928 1674 pro
944 1579 1109 1675 impensis
1122 1577 1223 1652 nobis
1238 1577 1389 1652 servitiis
1399 1587 1496 1673 grato
1512 1575 1703 1652 debeamus
1715 1597 1924 1652 remunera-

513 1703 616 1776 tionis
640 1701 808 1778 beneficio
830 1702 1051 1801 respondere.
1078 1705 1190 1798 Super
1216 1701 1282 1776 hoc
1308 1701 1415 1798 igitur
1442 1699 1573 1774 dictum
1601 1699 1739 1776 fidelem
1768 1711 1923 1778 coebum

512 1827 654 1902 Caillam
668 1827 713 1902 de
729 1826 883 1919 Gnrnau,
904 1828 1048 1902 latorem
1061 1827 1291 1924 presentium,
1313 1826 1357 1902 ad
1379 1847 1443 1902 vos
1457 1827 1647 1918 mittimus,
1670 1837 1923 1902 monenteeot-

508 1961 605 2026 tenta
619 1973 661 2026 ac
681 1951 834 2026 districte
858 1951 1085 2049 precipientes
1106 1951 1173 2026 snb
1190 1950 1306 2026 debito
1330 1949 1506 2026 fidelitatis
1527 1973 1598 2048 qno
1611 1951 1711 2024 nobis
1725 1960 1761 2025 et
1776 1953 1922 2050 imperio

511 2076 870 2172 tenemini,qustenus
886 2099 990 2174 super
1007 2076 1207 2151 exhibendo
1223 2075 1324 2151 nobis
1341 2076 1482 2152 servitio
1494 2075 1591 2173 quod
1605 2099 1627 2150 a
1641 2076 1741 2150 vobis
1756 2079 1918 2174 petimus,

513 2201 639 2276 macte
667 2223 709 2274 ac
737 2201 921 2276 efficaciter
947 2201 1133 2276 intendatis
1160 2201 1287 2277 eidem
1317 2201 1390 2276 Nos
1413 2211 1530 2276 anoem
1555 2201 1622 2298 ipsi
1649 2201 1753 2274 Cailla
1780 2224 1920 2300 presen-

510 2327 598 2400 tium
611 2325 664 2424 (l)
678 2327 880 2400 anctoritate
892 2326 1114 2402 concedimus
1133 2337 1334 2424 potestatem
1350 2336 1390 2400 ut
1410 2327 1487 2402 illoc
1502 2349 1549 2402 ex
1566 2327 1666 2401 vobis
1686 2329 1747 2424 qui
1767 2330 1876 2425 petita
1888 2339 1922 2404 et

511 2449 629 2524 debite
642 2449 743 2529 nobie
756 2451 897 2526 servitia
910 2452 956 2528 ud
970 2453 1205 2528 exorationem
1223 2452 1334 2548 ipsios
1355 2450 1501 2527 reddere
1516 2473 1588 2526 nou
1610 2455 1799 2546 curabunt,
1819 2453 1921 2530 adid

509 2575 618 2670 possit
629 2575 833 2670 compellere
848 2587 952 2672 prout
965 2575 1099 2650 videbit
1110 2575 1291 2674 expedire.

557 2700 681 2772 Datum
701 2699 820 2794 chie,
841 2701 903 2774 xv
924 2701 1139 2795 novembris,
1160 2702 1205 2775 Vl
1219 2701 1419 2778 indictione.

741 3025 770 3034 --
777 3025 796 3033 -
805 3026 825 3034 .,
831 3025 1682 3039 mmmmm—m

354 3345 400 3434 ξω
425 3364 441 3432 ⁸.
559 3327 792 3436 Fridericus,
811 3327 1072 3412 Romanorum
1098 3329 1317 3440 imperator,
1338 3332 1517 3417 omnibns
1535 3332 1760 3420 officialibus
1778 3335 1857 3420 suis
1875 3335 1916 3420 in

504 3486 624 3571 regno
643 3461 791 3546 Siciliae
808 3464 967 3547 mandat
980 3489 1028 3546 ne
1041 3462 1219 3547 abbatem
1231 3475 1269 3548 et
1280 3475 1508 3550 conventum
1523 3469 1743 3552 monasterii
1755 3469 1917 3554 Sanctae

502 3593 669 3680 Marinae
684 3594 733 3678 de
751 3595 867 3680 Stella
886 3594 1108 3707 (Amelfium
1130 3595 1229 3681 inter
1255 3607 1293 3682 ct
1319 3598 1536 3708 Salernum)
1553 3601 1593 3683 in
1611 3603 1915 3712 possessionibus

503 3737 540 3810 et
553 3726 706 3837 juribus
724 3729 867 3814 eisdem
885 3741 971 3842 post
987 3729 1132 3814 curiam
1153 3731 1304 3842 Capuae
1329 3733 1563 3818 confirmatis
1580 3737 1782 3822 molestare
1798 3765 1914 3849 prae-

504 3871 678 3970 sumant,
698 3864 804 3974 quod
820 3891 866 3948 ex
884 3866 1040 3976 querela
1057 3877 1263 3950 conventus
1281 3867 1472 3977 ejusdem,
1492 3869 1627 3954 accidit
1644 3883 1798 3982 propter
1814 3899 1911 3956 mu-

502 3994 683 4080 tationem
714 3995 933 4082 officialium
959 4009 997 4082 et
1018 3997 1236 4109 bajulorum
1263 4025 1361 4112 quos
1392 4003 1589 4085 annuatim
1616 4013 1653 4088 et
1681 4006 1912 4118 quandoque

538 4309 574 4384 (t)
595 4329 609 4362 r
624 4309 739 4370 litterae
750 4314 860 4372 eaedem
875 4315 904 4374 in
917 4316 1016 4392 quibus
1028 4324 1120 4376 nmen
1133 4333 1231 4378 nomen
1245 4319 1366 4380 Gobctii
1377 4319 1408 4378 de
1421 4320 1546 4380 Gurccco
1559 4321 1665 4398 legitur,
1679 4323 1797 4382 insertae
1808 4323 1908 4384 boban-

499 4409 544 4462 tur
565 4403 661 4463 litteris
672 4406 769 4479 (bodie
788 4409 816 4468 in
835 4409 966 4471 tabulario
981 4413 1110 4473 Vaticano
1123 4415 1253 4488 servetis)
1267 4415 1387 4492 ejusdem
1400 4416 1514 4476 Galeatii
1527 4417 1561 4476 de
1574 4419 1698 4478 Gurcsno
1709 4421 1744 4477 ad
1755 4422 1908 4497 episcopum

500 4501 722 4576 avinionensem,
742 4507 790 4580 qui
810 4523 857 4567 eas
875 4517 953 4569 notes
966 4509 1046 4570 iaciat
1058 4513 1190 4589 episcopis
1201 4515 1443 4590 Carpentoratenai
1458 4515 1661 4588 carrilocensi,
1677 4518 1801 4593 Aptenai,
1814 4521 1906 4580 volso

499 4597 575 4654 nansi
586 4605 614 4656 et
626 4600 718 4660 trium
728 4603 915 4678 castellorum,
928 4613 957 4664 et
968 4605 1109 4681 nobilibus,
1123 4609 1288 4684 principibus
1301 4617 1330 4668 et
1341 4611 1488 4671 baronibus
1498 4613 1527 4670 in
1539 4627 1633 4674 eorum
1645 4615 1797 4676 dioceeibos
1809 4617 1907 4676 consto

500 4695 628 4756 tentibus.
643 4697 703 4756 Dat.
712 4697 858 4778 bricione,
872 4707 890 4762 t
904 4703 965 4763 idus
977 4703 1119 4779 tebrcnil,
1132 4721 1203 4766 enno
1214 4709 1295 4782 ttae,
1306 4709 1399 4770 indict.
1411 4713 1427 4768 ³
1444 4710 1515 4788 laic).
1527 4731 1541 4768 r
1552 4713 1654 4772 l’crtat'i
1665 4719 1740 4772 stow.
