4320 5918
522 587 583 650 500
1022 537 1236 650 sariuntur
1265 585 1441 648 statuunt
1745 587 1827 664 [Ars.
1847 585 1931 646 123⁴.

522 721 630 804 densi
648 729 782 804 contra
797 719 996 804 violentias
1014 719 1165 804 Hennci
1182 722 1443 808 Romanorum
1461 719 1562 832 regis
1588 718 1657 800 filii
1685 717 1745 802 sui
1775 717 1931 830 obliga-

521 855 663 938 tionem
686 878 796 938 suam
814 854 864 936 de
889 852 1041 936 duobus
1062 853 1235 939 millibus
1251 865 1289 940 et
1306 853 1482 939 trecentis
1499 851 1638 936 marcis
1656 851 1804 964 argenti
1821 877 1932 962 super

520 988 688 1070 civitates
715 985 884 1093 Laufen,
909 985 1099 1070 sinsheim
1124 999 1162 1072 et
1187 987 1386 1101 Eppingen
1413 985 1674 1099 oppignoratis
1704 985 1867 1070 restituit
1895 999 1930 1070 et

518 1122 731 1208 confirmat.

579 1341 677 1418 (suto.
691 1341 878 1420 Scudrrunr,
891 1339 1002 1404 usse.
1016 1338 1250 1424 lutros-M,
1264 1341 1331 1404 cod.
1346 1341 1484 1420 dlplom„
1502 1345 1526 1402 t.
1543 1339 1596 1415 tv,
1614 1356 1643 1418 p.
1668 1347 1737 1417 tes,
1752 1354 1792 1400 ax
1811 1343 1924 1418 sumgr.

635 1446 789 1528 hedam.)

564 1629 777 1724 Fridaricos,
798 1631 858 1706 Dei
877 1629 987 1727 gratia
1008 1631 1239 1706 Romanorum
1259 1631 1442 1728 imperator
1459 1650 1596 1726 semper
1618 1635 1807 1724 augustus,
1827 1628 1922 1700 Jeru-

515 1757 621 1831 salem
639 1767 674 1830 et
691 1755 806 1830 Sicilie
822 1779 899 1831 rex.
920 1755 985 1830 Per
1000 1777 1142 1852 presens
1160 1755 1324 1854 scripturn
1345 1765 1464 1829 notum
1482 1753 1557 1828 fieri
1575 1752 1738 1828 volumus
1755 1751 1923 1826 universis

516 1881 650 1976 imperii
675 1879 836 1954 fidelibus
859 1890 929 1954 tam
948 1879 1167 1977 presentibus
1188 1903 1293 1976 quam
1316 1881 1442 1954 suturis
1466 1877 1562 1975 quod
1584 1878 1667 1952 olim
1691 1886 1865 1972 presentes
1888 1877 1921 1949 in

513 2005 717 2078 Alemannis
744 2005 964 2078 meminimus
987 2005 1157 2100 obligasse
1180 2007 1375 2079 Hermanno
1404 2003 1593 2078 marchioni
1617 2001 1663 2076 de
1685 2001 1805 2074 Baden
1831 1999 1921 2075 fideli

515 2140 631 2202 nostro
655 2129 981 2222 civitates'lnulen,
1008 2129 1234 2203 Sunnesheim
1254 2127 1305 2228 (α)
1323 2141 1358 2204 et
1386 2129 1567 2227 Eppingeu
1593 2147 1656 2224 pro
1679 2125 1821 2200 duobus
1841 2127 1922 2198 mil-

510 2253 603 2326 libus
617 2263 653 2327 et
667 2253 827 2327 trecentis
845 2255 970 2328 marcis
985 2255 1140 2348 argenti,
1160 2265 1195 2328 et
1218 2255 1254 2326 in
1271 2253 1374 2330 feodo
1389 2254 1456 2326 sibi
1480 2251 1619 2327 dedisse
1637 2252 1811 2325 civitatem
1826 2252 1921 2325 Etle-

511 2377 640 2472 ningcn
652 2387 688 2451 et
705 2377 878 2451 civitatem
902 2379 1008 2452 Durla
1023 2379 1070 2476 (h)
1086 2379 1122 2451 in
1137 2379 1392 2476 proprietatem,
1408 2401 1471 2476 pro
1483 2377 1584 2452 bonis
1599 2399 1669 2471 que
1684 2376 1750 2449 sibi
1764 2397 1810 2448 ex
1825 2385 1920 2472 parta

510 2503 632 2576 uxoris
658 2525 721 2576 sue
743 2502 794 2602 (l)
816 2503 861 2578 de
885 2505 1090 2600 proprietate
1110 2504 1146 2576 iu
1168 2505 1338 2578 Brunsvic
1361 2503 1624 2598 wolingaham,
1641 2503 1743 2595 juxta
1767 2511 1918 2575 tenorem

508 2629 683 2726 privilegii
702 2631 807 2703 nostri
827 2629 957 2704 exinde
978 2631 1045 2704 sibi
1070 2630 1210 2704 indulti.
1231 2631 1274 2704 Et
1292 2631 1376 2727 quia
1394 2651 1457 2728 per
1476 2629 1590 2703 virum
1608 2627 1772 2701 illustrem
1788 2628 1918 2700 Roma-

506 2775 630 2827 norum
657 2775 773 2850 regem
790 2755 976 2829 Henricum
999 2755 1109 2829 filium
1130 2765 1286 2830 nostrum
1310 2766 1449 2830 coactus
1471 2765 1523 2830 est
1546 2753 1592 2828 de
1612 2752 1766 2850 predicta
1784 2775 1918 2827 summa

507 2879 678 2952 remittere
705 2879 798 2953 mille
821 2902 954 2954 marcas
975 2889 1010 2954 et
1032 2880 1206 2954 indultum
1230 2891 1346 2956 nostre
1372 2879 1584 2956 celsitudinis
1611 2877 1831 2976 privilegium
1856 2901 1916 2952 re-

505 3001 659 3096 signare,
685 3013 721 3076 et
737 3002 833 3100 quod
849 3005 1006 3079 civitates
1024 3005 1177 3102 predicte
1201 3027 1271 3080 non
1292 3013 1491 3080 tenerentur
1507 3005 1658 3100 obligate
1676 3003 1743 3077 sihi
1766 3003 1834 3076 nisi
1856 3025 1916 3101 pm

503 3127 598 3199 milla
623 3130 782 3202 trecentis
807 3130 931 3204 marcis
952 3131 1105 3224 argenti,
1125 3152 1189 3204 nos
1210 3131 1365 3205 volantes
1390 3129 1592 3204 mandatum
1614 3138 1649 3202 at
1669 3127 1914 3222 obligationem

503 3261 655 3324 nostram
674 3253 710 3326 in
729 3277 793 3328 sna
810 3255 899 3328 sicut
913 3267 994 3330 aute
1009 3257 1195 3330 consistere
1210 3255 1383 3348 firmitate,
1402 3255 1571 3352 presentis
1583 3253 1703 3350 scripti
1717 3253 1916 3328 auctoritate

503 3377 710 3451 mandamus
724 3389 898 3474 quatenus
913 3381 1071 3454 civitates
1087 3379 1240 3477 predicte
1258 3381 1459 3476 obligationi
1478 3379 1628 3454 duorum
1644 3379 1778 3450 milium
1793 3389 1829 3451 et
1846 3389 1915 3452 trc-

503 3511 679 3575 centarum
701 3525 895 3578 marcarum
915 3506 1048 3599 argenti
1066 3507 1267 3598 subJaceaut
1285 3515 1320 3579 et
1341 3503 1467 3578 amodo
1490 3513 1684 3594 teneantur,
1704 3503 1795 3576 sicot
1816 3503 1915 3576 nohis

502 3625 540 3698 in
569 3626 750 3700 Alemauia
773 3628 1005 3702 existentibus
1034 3629 1183 3724 obligate
1212 3631 1370 3722 luerunt,
1393 3629 1702 3702 nonobstantibus
1727 3607 1846 3702 litteris
1870 3627 1915 3700 ab

501 3751 625 3824 eodem
650 3751 848 3826 marchione
875 3753 969 3828 dicto
991 3755 1065 3848 regi
1088 3753 1158 3829 filio
1180 3765 1298 3828 nostro
1324 3753 1423 3828 lactis
1443 3751 1510 3851 (2).
1535 3753 1726 3828 statuimus
1752 3751 1858 3847 igitur
1882 3759 1915 3825 et

500 3875 706 3950 mandamus
722 3886 895 3972 quatenus
921 3880 1036 3952 nullus
1053 3879 1098 3954 sit
1114 3879 1176 3977 qui
1194 3879 1326 3954 dictum
1346 3879 1581 3955 marchionem
1595 3879 1651 3952 vel
1668 3877 1815 3953 heredes
1833 3899 1914 3952 suos

542 4053 587 4134 (a)
607 4055 724 4118 sdhcet
735 4053 850 4136 lassare
862 4063 893 4118 ct
905 4055 1062 4120 Simitthu.

541 4158 585 4240 (h)
605 4161 722 4224 Scllleat
734 4159 888 4245 Ettlr'ngcrs
901 4169 932 4226 et
943 4161 1082 4228 beloch

535 4449 574 4522 (t)
593 4451 773 4525 irmingardis
784 4455 908 4526 nemius,
922 4457 1100 4533 primogenita
1111 4456 1163 4516 lilia
1176 4459 1313 4533 qnondam
1327 4457 1435 4516 llenrici
1448 4457 1525 4516 ducis
1537 4455 1750 4516 brunesvicensis
1762 4461 1791 4512 at
1802 4454 1910 4529 palatini

497 4545 604 4606 comitis
617 4546 713 4606 llbaui.
729 4549 770 4610 Cl.
785 4566 886 4626 snpra,
902 4569 930 4626 p.
944 4555 1006 4611 ltttl.

533 4645 572 4718 (2)
590 4645 630 4703 lle
640 4645 760 4706 dissidiis
772 4647 843 4706 inter
855 4665 947 4724 regern
965 4651 1145 4711 homanorum
1160 4659 1190 4710 et
1201 4653 1384 4712 marchionem
1403 4655 1550 4712 bedensem
1563 4653 1718 4722 summotis,
1730 4647 1767 4709 cl.
1783 4649 1852 4708 iutra
1865 4649 1910 4706 lit-

468 4831 473 4840 .
498 4747 570 4802 teras
584 4743 690 4802 hennei
703 4746 782 4820 regis,
795 4746 851 4806 dat.
863 4763 907 4824 ap.
922 4749 1089 4824 Bazalmgen,
1104 4754 1135 4810 2⁰
1146 4751 1308 4827 septembris
1321 4752 1401 4827 hujus
1412 4751 1485 4810 anni.
