4298 5906
664 589 676 620 .,
750 549 878 612 REGNI
902 550 1089 614 SICILIAE.
1572 554 1627 618 191

217 682 419 778 punientes,
436 679 629 776 maleficos,
649 692 790 781 utputa
803 685 953 764 famosos
971 687 1120 764 latrones
1140 698 1175 764 et
1193 689 1288 784 iuras
1305 687 1367 783 qui
1383 687 1551 762 maleficia
1566 711 1631 764 sua

216 807 313 880 nulla
333 815 512 902 nequeunt
532 807 815 903 tergiversatione
839 810 968 901 celare,
989 812 1209 908 publicorum
1234 813 1395 886 itinerum
1416 835 1632 908 aggressores

216 952 280 1004 seu
302 931 476 1027 quoslibet
499 941 653 1006 recentes
671 942 706 1008 ct
727 933 887 1032 publicos
908 935 1118 1032 homicidas,
1138 959 1200 1034 per
1218 958 1359 1011 nemora
1377 937 1519 1011 forsitan
1538 939 1631 1034 lugi·

215 1053 309 1128 tivos
326 1056 383 1128 vel
401 1057 499 1129 aliter
519 1055 694 1130 latitantes
719 1056 765 1131 ob
787 1057 1032 1134 conscientiam
1053 1061 1234 1134 criminum
1254 1069 1486 1156 patratorum,
1509 1083 1572 1158 per
1593 1083 1632 1135 sc

216 1176 409 1269 Interdum,
440 1179 616 1254 interdum
643 1202 706 1277 per
728 1181 831 1274 alios,
857 1203 1011 1280 expensa
1035 1185 1139 1259 etiam
1164 1185 1194 1258 si
1221 1183 1372 1258 viderint
1393 1183 1560 1279 expedire
1587 1185 1633 1258 de

216 1302 314 1392 curie
337 1312 452 1378 nostre
469 1305 640 1400 pecunia,
665 1303 928 1410 diligentissimo
954 1309 1177 1406 perquisitos,
1203 1309 1306 1382 nullis
1326 1308 1550 1382 dilationibus
1569 1331 1633 1382 sen

216 1427 477 1502 accusationum
493 1428 769 1504 solemnitatibus
787 1432 994 1528 expectatis,
1008 1433 1047 1535 ,si
1065 1433 1256 1508 deierantes
1273 1435 1331 1506 vel
1350 1443 1551 1509 accusantes
1566 1431 1631 1507 de·

216 1551 363 1645 inerim,
387 1552 433 1628 de
449 1553 628 1649 provincia
647 1575 740 1652 pena
764 1555 918 1654 legitime
937 1557 1131 1632 severitatis
1151 1557 1335 1652 extirpent.
1356 1557 1427 1630 Nec
1450 1579 1631 1654 presump-

217 1675 304 1762 tioni
326 1679 507 1751 temerarie
529 1699 592 1775 per
616 1700 680 1754 nos
697 1688 891 1754 nostrorum
915 1680 1113 1756 officialium
1133 1683 1294 1756 credatur
1315 1681 1456 1754 attribui
1478 1683 1517 1756 id
1536 1683 1632 1778 quod

217 1800 323 1876 officii
339 1801 395 1874 sui
412 1800 529 1876 debito
544 1801 590 1876 ad
604 1805 857 1902 plenitudinem
872 1827 935 1880 sue
949 1807 1142 1902 fragilitatis
1159 1805 1211 1904 (o)
1230 1807 1287 1900 adj
1292 1815 1420 1902 ungant
1438 1804 1452 1904 (
1477 1805 1505 1904 ).

268 1923 501 2022 Causasalias
521 1926 696 2002 ordinario
712 1928 847 2026 judicio
870 1930 1016 2004 audiant
1033 1941 1067 2004 et
1084 1931 1284 2004 examinent
1301 1941 1335 2004 et
1359 1931 1522 2006 decidant
1545 1933 1632 2006 intra

217 2050 400 2142 trimestris
418 2033 581 2149 temporis
597 2053 746 2150 spatium
764 2054 831 2152 (2),
852 2055 920 2128 nisi
938 2057 1079 2130 forsitan
1103 2055 1336 2160 instructionis
1361 2054 1554 2129 desiderate
1572 2079 1633 2130 ne·

219 2175 381 2267 cessitas,
401 2177 509 2250 veluti
528 2177 558 2250 si
581 2177 802 2278 probationes
823 2202 870 2252 ex
893 2181 1082 2280 longinquo
1105 2191 1283 2278 petantur,
1308 2180 1493 2252 terminum
1514 2181 1633 2278 exigat

217 2299 427 2395 longiorem
449 2324 555 2399 super
578 2303 645 2398 hoo
670 2305 862 2401 specialiter
884 2327 908 2380 a
927 2315 1063 2402 petente
1091 2306 1291 2380 dilationem
1315 2314 1528 2380 sacramento
1551 2327 1634 2402 pre-

218 2424 345 2500 stando
363 2425 459 2522 quod
476 2448 545 2522 non
568 2449 673 2502 causa
691 2428 871 2503 differendi
891 2429 1035 2522 judicii,
1061 2430 1124 2504 scd
1151 2452 1198 2504 ex
1220 2430 1422 2504 necessitate
1447 2429 1634 2536 prescripta

219 2547 419 2625 dilationem
444 2562 623 2648 exposcat.
654 2553 726 2646 Nec
748 2552 837 2628 illud
860 2555 1049 2628 omittimus
1073 2555 1169 2650 quod
1195 2554 1375 2628 occasione
1400 2554 1633 2628 faciendarum

219 2673 316 2746 curie
333 2676 573 2770 provisionum
593 2700 655 2778 pro
676 2678 853 2770 sententiis
877 2678 1109 2775 proterendis,
1134 2689 1249 2776 partes
1275 2679 1365 2750 ultra
1388 2677 1544 2751 debitum
1564 2698 1634 2750 non

219 2808 413 2892 aggravent
439 2821 503 2874 nec
528 2801 621 2896 ipsas
646 2822 708 2898 per
731 2803 928 2898 provincias
954 2801 1122 2876 trahendo
1145 2813 1221 2900 post
1247 2801 1379 2876 curiam
1404 2811 1540 2896 propter
1570 2801 1635 2874 hoo

219 2921 378 2996 laborum
396 2936 431 2998 et
454 2936 657 3023 sumptuum
679 2929 864 3028 vexatione
885 2928 1045 3024 fatigent3
1064 2927 1129 3002 sed
1149 2929 1224 3000 illas
1246 2928 1459 3022 provisiones
1476 2935 1635 3022 reputent

221 3057 454 3143 competentes
468 3073 557 3145 quas
569 3053 682 3146 judex
699 3062 735 3126 et
748 3053 901 3128 notarius
915 3063 1087 3142 actorum,
1107 3055 1169 3147 qui
1182 3051 1278 3148 apud
1297 3052 1512 3143 consuerint,
1531 3051 1634 3124 suffi-

221 3191 300 3252 cere
315 3193 380 3268 pro
399 3175 615 3266 negotiorum
631 3177 795 3274 qualitate
812 3177 1013 3250 censebunt.
1035 3175 1180 3250 Predicti
1203 3184 1318 3250 autem
1337 3184 1492 3248 actorum
1510 3176 1635 3250 notarii

222 3303 258 3366 et
285 3317 356 3388 non
374 3297 574 3390 iusticiarii,
593 3299 682 3394 sicot
706 3299 808 3396 olim,
834 3301 1017 3396 pecuniam
1043 3321 1198 3386 omnem,
1221 3307 1291 3371 tam
1306 3321 1353 3372 cx
1379 3299 1636 3394 provisionibus

222 3441 329 3514 quem
361 3420 594 3518 undecunque
623 3445 677 3500 ex,
695 3424 957 3524 justitiariorum
984 3423 1105 3497 officiis
1136 3431 1399 3521 proventuram,
1415 3422 1462 3496 ad
1477 3423 1636 3517 generale

222 3544 361 3640 pondus
378 3547 477 3642 regni
499 3543 666 3646 recipiant
682 3558 716 3622 et
742 3558 958 3623 conservent.
982 3549 1026 3622 Et
1051 3547 1096 3622 de
1119 3548 1265 3644 receptis
1288 3548 1377 3621 inira
1402 3546 1495 3622 diem
1515 3568 1635 3643 recep·

265 3723 306 3804 (a)
329 3724 388 3787 Sca
403 3727 555 3806 potestatis
567 3729 692 3790 Peeebta
704 3729 852 3807 proponit.

227 3901 348 3915 *-
742 3909 821 3918 o-u
827 3901 1634 3917 ..n-——u—-uo———n———o-n-m—-n-a—n--a—-u--ffl

261 4015 296 4090 (t)
313 4015 378 4074 Vult
389 4015 462 4074 enim
478 4017 624 4092 imperator
640 4023 671 4080 ut
685 4017 826 4092 justiciarii
844 4023 936 4076 contra
956 4016 1073 4076 latrones
1086 4015 1122 4075 od
1135 4015 1243 4074 modum
1257 4013 1320 4072 betti
1332 4015 1491 4089 procedant,
1505 4029 1592 4088 neque
1610 4013 1638 4070 in

226 4111 685 4188 hoccasureprebcndilormident.
1593 4121 1595 4128 ’

261 4211 296 4286 (2)
313 4212 469 4270 Notandum
487 4213 552 4286 quid
564 4213 686 4272 Andreas
699 4214 733 4272 de
745 4213 846 4272 lsernia
860 4219 968 4272 moneat
979 4229 1063 4288 super
1079 4211 1133 4270 bac
1144 4209 1349 4269 constitutione:
1362 4229 1376 4263 r
1391 4211 1524 4284 Utraque,
1538 4211 1639 4284 inquit,

227 4307 292 4367 haec
306 4309 357 4383 (sc.
367 4309 464 4368 Omnes
478 4310 576 4386 beloti)
590 4317 618 4368 et
632 4311 678 4370 illa
693 4313 741 4384 (sc.
754 4311 857 4370 Oocscs
867 4311 948 4384 altos)
962 4325 1048 4368 novae
1059 4309 1146 4367 tactae
1159 4315 1222 4366 suut
1237 4309 1333 4381 Fogiae
1344 4314 1405 4382 post
1422 4309 1637 4366 excommunica·

228 4406 326 4464 ticum
340 4407 422 4480 hujus
435 4407 567 4466 Frederici
578 4409 761 4483 imperatoris,
775 4409 844 4467 sicut
854 4408 1007 4466 referebant
1019 4407 1121 4480 antiqui
1132 4405 1279 4480 jnrisperiti
1290 4405 1325 4463 de
1336 4421 1454 4479 regno.»
1470 4405 1547 4464 Unde
1566 4405 1639 4464 illam

229 4509 257 4560 et
265 4503 336 4562 banc
344 4505 430 4564 edita
440 4503 524 4563 luisse
534 4505 696 4563 arbItramur
707 4521 798 4564 mense
809 4505 946 4564 decembri
956 4506 1020 4564 asta
1034 4504 1077 4563 vel
1084 4503 1207 4578 januario
1218 4506 1287 4562 rats
1299 4503 1362 4562 dom
1375 4504 1519 4578 imperator
1526 4503 1640 4578 Foggiae

231 4608 384 4660 moraretur.
394 4601 437 4658 Ad
448 4601 500 4659 boc
511 4602 582 4660 enim
596 4607 702 4676 tempus
713 4601 858 4660 lliccardus
874 4602 908 4659 de
920 4601 1016 4662 Sancto
1034 4601 1170 4659 Germano
1181 4601 1367 4674 inquisitiones
1378 4599 1515 4674 generales
1526 4600 1560 4658 de
1578 4599 1641 4674 qui-

231 4694 282 4754 bus
297 4697 464 4772 infrangitur
476 4703 621 4771 memorat;
636 4699 708 4773 qood
722 4698 830 4756 omniuo
844 4699 1002 4756 adsensum
1016 4706 1137 4756 nostrum
1151 4699 1239 4755 vertit.
1323 4685 1326 4690 ’
