4308 5910
536 562 594 624 160
1065 561 1419 627 consumptiones

536 699 586 772 eis
609 695 841 770 affidationem
868 690 984 791 [juxta
1011 693 1228 771 affidutnram
1251 722 1357 796 qnam
1378 698 1553 796 recipiunt
1577 701 1636 774 alii
1660 698 1766 772 vicini
1792 699 1888 792 ejus,
1914 709 1947 772 et

536 821 622 894 nihil
648 817 745 893 alind
764 811 844 914 (o)].
865 815 901 887 Si
915 837 999 888 vero
1023 819 1171 892 notuerit
1192 823 1242 896 eis
1262 845 1394 919 pascua
1415 823 1584 920 impartiri
1604 825 1709 916 juxta
1730 821 1945 896 affidaturam

535 966 641 1040 quam
660 943 832 1038 recipiunt
844 940 902 1013 eiii
920 941 1025 1013 vicini
1040 945 1190 1040 ejusqui
1203 947 1420 1020 affidaturam
1435 947 1624 1043 aocipinnt,
1639 945 1686 1021 ad
1697 957 1945 1020 sacramentum

535 1069 628 1142 illiue
644 1068 705 1164 qui
723 1066 885 1141 animalia
905 1065 1124 1152 custodierit,
1144 1068 1253 1144 dotet
1270 1071 1395 1146 diebus
1415 1081 1501 1166 quot
1515 1071 1564 1144 ibi
1582 1092 1712 1167 pesona
1732 1070 1943 1166 acceperint,

534 1193 578 1268 ad
600 1193 765 1266 rationem
788 1191 892 1264 totius
909 1192 992 1264 anui
1012 1191 1230 1266 affidaturum
1249 1195 1393 1293 recipiat
1404 1205 1439 1268 et
1456 1217 1525 1268 non
1543 1194 1659 1285 atiud,
1677 1205 1712 1268 et
1727 1215 1768 1267 ea
1786 1195 1862 1268 sine
1881 1193 1947 1266 im-

533 1317 731 1414 pedimento
751 1317 847 1389 abire
868 1316 1054 1412 permittat.
1080 1315 1115 1418 Si
1134 1339 1219 1391 vero
1239 1320 1315 1392 sine
1335 1329 1472 1414 pastore
1494 1319 1637 1392 inventa
1660 1319 1802 1408 inerint,
1823 1319 1854 1390 si
1870 1319 1947 1413 qui·

533 1442 612 1517 dem
637 1441 799 1515 animalia
818 1442 892 1536 ipsu
916 1462 986 1513 non
1009 1439 1056 1537 (b)
1077 1442 1165 1514 ultra
1191 1442 1310 1516 decenn
1336 1442 1471 1516 diesin
1496 1453 1585 1517 terna
1610 1443 1783 1534 steterint,
1807 1453 1949 1538 accepto

535 1577 748 1640 sacramento
768 1589 789 1638 a
811 1565 952 1638 domino
969 1565 1025 1636 vei
1046 1575 1182 1660 pastore
1202 1567 1300 1662 qnod
1325 1567 1391 1663 ipsi
1408 1567 1563 1664 predicta
1581 1568 1742 1640 animalia
1765 1569 1802 1639 in
1822 1576 1947 1640 terram

536 1693 644 1789 ipsam
661 1712 730 1764 non
748 1689 915 1762 duxerint
935 1711 999 1761 nec
1018 1711 1082 1786 per
1099 1691 1343 1764 conscientiam
1361 1715 1460 1764 suam
1479 1693 1527 1764 ibi
1548 1692 1691 1766 inducta
1709 1692 1853 1782 inerint,
1872 1691 1949 1764 sine

534 1816 651 1912 atique
673 1813 812 1888 datione
835 1813 996 1886 dominus
1019 1813 1064 1887 de
1084 1823 1172 1888 terra
1193 1815 1269 1912 ipsa
1288 1817 1449 1890 animalia
1471 1816 1507 1888 in
1533 1837 1619 1912 pace
1641 1816 1737 1889 abire
1758 1815 1946 1912 permittat.

535 1940 571 2013 Si
588 1951 703 2012 autem
724 1939 813 2010 ultra
835 1936 955 2010 decem
978 1936 1053 2010 dies
1075 1937 1125 2009 ihi
1146 1961 1276 2036 pascua
1301 1941 1529 2036 sumpserint,
1551 1941 1641 2012 siout
1658 1940 1852 2036 predictum
1875 1953 1945 2030 eet,

531 2069 635 2158 juxta
655 2061 871 2136 affidatnram
891 2083 995 2158 qnam
1017 2061 1188 2157 recipiunt
1209 2063 1267 2136 alii
1290 2064 1463 2136 convicini
1487 2065 1541 2136 soi
1562 2059 1637 2164 [qui
1659 2061 1705 2160 (c)
1728 2063 1948 2138 affidatnram

535 2185 737 2287 recipiunt],
759 2187 806 2261 ad
829 2195 1079 2260 sacramentum
1099 2187 1192 2259 illins
1215 2188 1277 2284 qui
1301 2187 1461 2262 animalia
1486 2189 1561 2284 ipsa
1582 2185 1800 2282 custodierit,
1827 2187 1874 2263 de
1896 2199 1950 2262 tot

536 2312 661 2387 diebus
672 2323 759 2409 quot
777 2312 826 2384 ibi
846 2331 976 2408 pascua
997 2311 1230 2407 susceperint,
1256 2311 1302 2385 ad
1320 2313 1485 2386 rationem
1505 2313 1610 2387 totins
1627 2312 1709 2386 anni
1727 2312 1948 2388 affidatnram

533 2438 675 2534 recipiat
692 2446 726 2510 et
745 2435 831 2508 nihii
847 2434 963 2527 alind,
980 2443 1015 2508 et
1033 2456 1075 2508 ca
1094 2435 1129 2506 in
1149 2457 1235 2530 pace
1259 2435 1354 2510 abire
1372 2437 1557 2532 permittat.
1578 2439 1669 2510 luter
1692 2437 1891 2511 convicinos
1912 2450 1950 2513 et

533 2562 764 2636 convicinales
780 2557 828 2656 (d)
849 2567 1013 2632 statutum
1035 2568 1143 2631 estut
1161 2559 1190 2630 si
1211 2560 1373 2632 animalia
1390 2561 1497 2633 vicini
1516 2559 1552 2632 in
1578 2571 1667 2635 terra
1690 2561 1837 2654 alicujus
1856 2584 1949 2635 oon·

532 2687 638 2761 vicini
656 2695 691 2759 et
706 2684 930 2758 convicinalis
948 2683 1002 2756 sui
1022 2681 1058 2753 in
1073 2683 1231 2756 fraudem
1246 2683 1352 2757 vicini
1369 2685 1404 2756 in
1420 2684 1477 2758 die
1494 2707 1537 2757 ao
1553 2693 1653 2758 noote
1674 2707 1804 2781 pasena
1824 2708 1948 2782 sump·

532 2813 655 2902 serint,
681 2809 818 2882 vicinus
843 2809 879 2880 iu
905 2807 1004 2900 cujus
1029 2817 1119 2880 terra
1144 2819 1350 2904 pascuntur,
1381 2809 1540 2882 ostendat
1558 2807 1604 2906 (a)
1629 2809 1716 2882 ittud
1739 2809 1856 2883 vicino
1881 2833 1949 2886 suo

533 2939 632 3030 cujus
652 2932 813 3008 animalia
841 2931 985 3021 inerint,
1009 2953 1081 3002 nna
1100 2931 1157 3003 vel
1185 2929 1322 3005 duabus
1345 2931 1482 3006 vicibus
1506 2954 1622 3006 coram
1647 2931 1733 3005 viris
1754 2931 1845 3006 bone
1867 2935 1946 3028 opi·

470 3145 473 3151 ¹
533 3061 646 3133 nionie
660 3069 699 3131 nt
720 3055 806 3129 illud
822 3054 995 3129 emendet.
1015 3055 1163 3141 Quodsi
1185 3077 1254 3129 non
1273 3055 1509 3130 emendaverit
1524 3067 1559 3130 et
1574 3055 1702 3130 deinde
1718 3057 1753 3128 in
1771 3065 1859 3130 terra
1882 3079 1948 3130 sua

532 3185 693 3257 animatia
716 3179 901 3272 invenerit,
927 3180 1017 3252 siout
1040 3179 1234 3274 predictum
1257 3189 1364 3254 estet
1389 3179 1435 3254 de
1456 3181 1534 3256 aliis
1557 3191 1610 3254 est
1635 3189 1820 3270 statutum,
1842 3184 1947 3275 juxta

531 3308 748 3382 affidaturam
766 3327 871 3401 qnam
892 3305 1062 3399 recipiunt
1077 3305 1134 3376 alii
1154 3304 1259 3376 vicini
1279 3305 1433 3401 ejusqui
1452 3303 1669 3380 affidatnram
1687 3305 1876 3401 recipiunt,
1898 3305 1947 3380 ad

532 3442 782 3507 sacramentum
797 3429 889 3502 iilius
902 3429 963 3526 qui
982 3429 1141 3502 animatia
1160 3427 1373 3521 custodierit,
1389 3427 1434 3502 de
1449 3440 1498 3502 tot
1511 3429 1635 3503 diebus
1648 3438 1734 3525 quot
1747 3429 1797 3501 ihi
1813 3451 1949 3526 pascua

531 3558 741 3655 receperint,
763 3555 810 3628 ad
832 3555 999 3627 rationem
1027 3553 1131 3626 totius
1154 3553 1236 3624 anni
1259 3553 1474 3626 affidatnram
1498 3554 1643 3651 recipiat
1664 3564 1699 3627 et
1719 3553 1805 3626 nihil
1830 3554 1945 3628 alind.

531 3685 643 3778 Hujus
665 3689 780 3756 autem
805 3677 1056 3752 constitutionis
1080 3688 1195 3750 nostre
1219 3677 1432 3774 quicumque
1454 3677 1655 3754 temerarius
1681 3676 1826 3750 violator
1851 3679 1948 3751 exti-

572 3965 617 4048 (o)
638 3967 674 4028 In
687 3965 753 4028 eod.
771 3973 848 4026 ⁴6²5
862 3963 951 4041 poulo
964 3961 1078 4022 diverse
1091 3963 1254 4038 concipitur
1270 3979 1279 4022 ε
1293 3961 1416 4041 accipiat
1435 3958 1473 4021 ab
1493 3961 1533 4022 cir
1551 3959 1737 4040 afflicturum
1750 3960 1846 4041 juata
1866 3958 1950 4040 quod

531 4079 610 4135 tuter
623 4090 668 4133 eor
678 4072 786 4152 poterit
797 4069 952 4145 conueniat,
967 4075 996 4130 et
1008 4063 1083 4128 ntttt
1093 4063 1186 4128 aliud.
1194 4067 1303 4129 Graece
1314 4068 1486 4146 simpliciter
1501 4085 1509 4126 t
1524 4065 1719 4146 officiatorum,
1730 4072 1821 4146 prout
1832 4083 1901 4127 mm
1914 4085 1947 4128 eo

532 4180 679 4240 ronoenire
687 4179 808 4258 poterit.

573 4283 616 4364 (b)
637 4284 705 4346 Non
716 4285 817 4346 sensui
830 4283 916 4344 valde
927 4284 1124 4344 necessarlum
1136 4281 1273 4342 addimur
1285 4298 1324 4342 ex
1336 4281 1405 4344 eod.
1417 4289 1494 4342 ⁴62⁵
1509 4289 1591 4342 etex
1604 4296 1719 4359 graecu.

573 4390 613 4472 (r)
636 4391 686 4454 Sic
703 4392 875 4468 configimur
896 4405 932 4449 ex
954 4405 1057 4467 graeco
1077 4395 1108 4448 et
1130 4388 1197 4450 cod.
1213 4397 1303 4450 toto.
1323 4388 1380 4465 Ap.
1397 4389 1519 4450 Curoent
1534 4405 1544 4448 ε
1558 4384 1652 4469 aliqui
1670 4385 1810 4448 memet
1830 4387 1880 4447 rei
1902 4383 1951 4449 oct

532 4497 772 4580 commisto.
1023 4531 1026 4536 -

573 4601 617 4684 (d)
639 4605 750 4666 (imese
762 4608 790 4662 et
801 4597 936 4662 seinata
949 4606 1052 4662 terror.

573 4711 610 4791 (ι)
636 4710 694 4788 Ap.
708 4709 870 4772 Gtretnnm
883 4708 1007 4770 nicini...
1022 4705 1184 4772 ostendant.
