4360 5908
474 630 534 693 308
978 633 1191 697 rulncltlcl
1215 634 1389 698 scconnl
1698 631 1778 717 [Asu.
1796 633 1886 696 1232.

475 765 713 843 munificentia
735 775 851 843 nostre
873 767 1027 863 predicto
1049 771 1165 844 abbati
1185 782 1221 846 at
1241 768 1498 846 successoribus
1521 767 1597 861 ejus
1618 768 1806 842 liberaliter
1828 772 1888 843 in·

477 890 661 986 dulgemus
678 905 717 966 ut
734 895 829 968 nulla
850 895 1050 991 prescriptio
1077 895 1143 969 nisi
1160 896 1355 971 oentenaria
1374 893 1566 992 prejudicat
1582 894 1788 968 monasterio
1810 917 1888 968 me-

475 1027 618 1092 morato.
647 1019 837 1092 Statuimus
859 1017 965 1113 igitur
985 1029 1021 1092 et
1035 1019 1206 1118 imperiali
1231 1021 1374 1094 firmiter
1395 1019 1569 1092 sancimus
1589 1019 1703 1092 edicto
1720 1027 1890 1114 quatenus

475 1141 570 1215 nulla
587 1165 733 1238 persono
749 1144 818 1217 alla
837 1143 895 1218 vel
912 1143 1069 1236 humilis,
1089 1145 1321 1220 ecclesiastica
1339 1143 1399 1218 vel
1418 1143 1603 1230 secularis,
1622 1155 1813 1240 presentem
1832 1144 1886 1217 in·

476 1267 709 1357 novationem,
746 1266 1040 1342 confirmationem
1058 1279 1093 1342 et
1122 1269 1377 1343 concessionem
1407 1277 1557 1342 nostrum
1583 1267 1620 1340 in
1644 1268 1762 1364 aliquo
1788 1291 1885 1342 rum·

474 1413 557 1488 pera
574 1413 637 1465 seu
656 1393 786 1467 violare
805 1403 982 1489 presumat
998 1395 1053 1467 vel
1070 1395 1266 1490 predictum
1288 1393 1533 1468 monasterium
1557 1393 1594 1466 in
1617 1393 1791 1488 premissis
1813 1395 1885 1466 eli-

473 1525 645 1611 quatenus
664 1518 858 1591 molestare.
882 1517 985 1604 Quod
1003 1519 1064 1613 qui
1087 1519 1332 1616 presumpserit
1353 1528 1492 1591 centum
1519 1517 1686 1592 librarum
1708 1517 1784 1590 auri
1805 1519 1884 1614 puri

473 1663 564 1736 pena
586 1643 764 1737 plectatur,
787 1641 973 1716 medietate
998 1665 1133 1717 camere
1157 1654 1272 1718 nostre
1297 1653 1332 1716 st
1353 1643 1488 1738 reliqna
1509 1643 1597 1740 parti
1619 1644 1742 1740 prelati
1763 1664 1884 1717 mona·

473 1767 567 1840 sterii
594 1766 834 1862 persolvenda.
856 1768 900 1840 Ut
922 1778 1039 1842 autern
1061 1769 1228 1865 premissa
1251 1769 1370 1843 omnia
1394 1768 1501 1842 robur
1521 1777 1687 1864 perpetua
1717 1767 1884 1842 firmitatis

474 1891 666 1984 obtineant,
687 1913 827 1988 presens
847 1893 1068 1990 privilegium
1092 1893 1166 1967 lieri
1184 1903 1219 1968 et
1242 1893 1357 1988 sigillo
1377 1894 1566 1988 majestatie
1582 1901 1698 1966 nostre
1715 1892 1884 1986 jussimus

472 2017 689 2090 communiri.

521 2141 633 2233 Hujus
650 2141 700 2215 rei
718 2151 821 2216 testes
837 2153 918 2215 sunt
939 2171 948 2215 :
969 2145 1007 2216 Β.
1026 2143 1218 2239 patriarcha
1231 2142 1486 2240 aquilegensis,
1500 2141 1544 2216 Α.
1560 2141 1881 2238 Magdeburgensis,

471 2263 747 2360 Sslzburgensis,
771 2267 953 2341 Ravennae
977 2283 1012 2342 et
1031 2269 1069 2340 B.
1094 2267 1357 2341 Panormitanus
1377 2267 1644 2364 archiepiscopi,
1666 2265 1708 2339 H.
1736 2266 1884 2362 Pupam-

470 2387 670 2482 bergensie,
706 2391 748 2462 Η.
779 2392 1056 2483 Wormatieusis,
1084 2391 1238 2486 Reginus
1266 2402 1301 2465 et
1327 2391 1507 2466 Imolensis
1533 2390 1707 2486 episcopi,
1733 2388 1778 2462 Α.
1805 2388 1883 2465 dux

470 2513 633 2604 Saxonis,
648 2515 689 2587 0.
710 2513 786 2589 dux
804 2517 972 2610 Meranie,
992 2517 1033 2589 Β.
1054 2517 1131 2592 dux
1148 2517 1338 2608 Karinthia,
1360 2538 1476 2593 comes
1494 2517 1663 2590 Henricus
1684 2515 1729 2590 de
1744 2515 1884 2588 Ortem-

469 2635 577 2732 burg,
597 2635 794 2712 Guernems
812 2639 858 2714 de
872 2640 1038 2716 Bolandia
1056 2639 1122 2739 (a),
1142 2639 1334 2716 Richardus
1354 2641 1544 2738 imperialis
1561 2639 1642 2715 aule
1661 2639 1879 2728 camerarius,

470 2771 505 2834 st
519 2761 578 2836 ulii
595 2765 830 2861 quamplures.

518 2887 663 2982 Signum
682 2887 814 2963 domini
836 2889 1001 2964 Friderici
1019 2887 1182 2978 secundi,
1199 2889 1264 2964 lloi
1282 2891 1393 2986 galia
1413 2889 1633 2964 invictissimi
1650 2891 1881 2964 Romanorum

469 3009 683 3108 imperatoris
699 3035 835 3112 semper
848 3016 1005 3109 augusti,
1028 3016 1241 3089 Hierusalem
1258 3025 1293 3090 et
1310 3015 1427 3090 Sicilie
1445 3015 1539 3110 regis
1555 3013 1805 3111 gloriosissimi.

516 3137 589 3232 Ego
605 3137 764 3212 Siliridus
777 3141 1032 3238 italisponensis
1049 3141 1233 3238 episcopos
1246 3139 1433 3238 imperialis
1448 3141 1528 3214 aule
1543 3139 1785 3232 cancellarius,
1801 3138 1879 3212 vioe

468 3262 601 3337 domini
623 3265 759 3338 Henrici
778 3266 987 3340 venerahilis
1007 3266 1219 3341 Coloniensis
1244 3265 1493 3364 archiepiscopi
1518 3265 1554 3338 in
1580 3265 1677 3340 ltalia
1699 3263 1879 3338 archican-

469 3388 613 3482 cellarii,
631 3391 829 3484 recognovi.

514 3511 601 3587 Ace
619 3524 701 3588 suni
718 3514 784 3588 nee
799 3535 891 3590 anno
908 3495 1082 3590 dominre
1101 3515 1346 3592 inminens
1364 3515 1546 3589 millesimo
1564 3515 1799 3590 namucno
1817 3514 1879 3586 cs-

467 3639 599 3734 gesimo
628 3637 805 3730 secundo,
833 3661 952 3715 mense
978 3641 1119 3734 martio,
1140 3642 1261 3737 quinte
1287 3640 1503 3732 indictionis,
1520 3640 1710 3736 imperante
1737 3639 1878 3714 domino

468 3773 584 3839 nostro
604 3761 796 3857 Friderico,
816 3764 878 3837 llei
894 3766 1005 3859 gratia
1030 3765 1256 3838 invictissimo
1274 3765 1506 3838 Romanorum
1524 3764 1729 3860 imperatore
1743 3783 1880 3860 semper

467 3897 638 3984 augusto,
653 3887 867 3962 Hierusalem
881 3898 917 3962 et
929 3889 1043 3962 Sicilie
1062 3909 1163 3984 rege,
1183 3910 1274 3964 anuo
1293 3889 1428 3986 imperii
1446 3891 1522 3984 ejus
1538 3888 1763 3979 duodecimo,
1783 3887 1878 3982 regni

469 4011 680 4086 Hierusalem
699 4013 865 4110 septimo,
883 4015 982 4110 regni
1001 4035 1084 4088 vero
1099 4013 1215 4088 Sicilie
1226 4015 1403 4109 trigesimo
1417 4023 1554 4110 quarto,
1574 4013 1729 4088 feliciter.
1751 4011 1875 4086 Amen.

517 4137 642 4211 Delum
660 4135 834 4232 Ravenna,
853 4158 958 4230 anno,
979 4159 1097 4212 mense
1111 4148 1146 4213 st
1163 4137 1351 4213 indictione
1363 4139 1573 4237 prescriptis.

689 4386 1051 4399 —n—-u--u—--n—---
1060 4391 1105 4398 ...ι-
1112 4391 1118 4398 =
1126 4391 1160 4398 ..ο
1167 4391 1198 4398 οι.-
1209 4390 1416 4399 ...ι--Π-μ-
1423 4390 1471 4398 ...η
1479 4391 1501 4396 --
1508 4385 1668 4398 ..ιι-φ-ι-κ

287 4633 417 4687 mnu.
522 4614 755 4724 Fridericus,
775 4617 1034 4702 Romanorum
1065 4621 1284 4730 imperator,
1305 4619 1414 4730 jubet
1436 4631 1479 4704 ut
1504 4618 1737 4732 quicumque
1763 4614 1877 4700 leuda

308 4688 397 4732 nouo.

509 4777 552 4859 (a)
572 4779 631 4859 Ap.
647 4779 784 4844 Robollnl
799 4781 961 4844 mesano
978 4780 1167 4860 illorlcndio,
1182 4785 1269 4846 male.
