4320 5918
1012 567 1225 631 FlllllElllCl
1249 567 1424 632 sacurem
1739 561 1820 646 [Arm.
1838 562 1923 626 1234

334 1083 462 1186 Ἢ·
567 1066 694 1152 Mense
710 1063 902 1150 februario
921 1064 969 1148 de
987 1063 1173 1148 Siciliain
1192 1063 1409 1149 Calabriam
1431 1063 1653 1148 transfretat
1668 1063 1875 1174 imperator
1891 1073 1930 1148 et

514 1199 651 1284 exinde
667 1201 707 1282 in
726 1199 906 1309 Apuliam
921 1198 1036 1283 venit.
1058 1197 1159 1280 Rrec.
1181 1225 1227 1280 nn
1245 1197 1286 1282 S.
1305 1198 1496 1305 Garrire,
1513 1196 1684 1283 chronic.
1700 1198 1752 1281 ad
1764 1222 1858 1280 ann.
1872 1241 1927 1258 -

515 1332 593 1418 Alli
611 1333 665 1414 20
682 1333 723 1416 di
740 1331 891 1416 febrarc
910 1333 1079 1416 ritornac
1101 1331 1358 1442 l’imperelare
1375 1359 1399 1416 a
1416 1332 1541 1416 Viesle
1559 1359 1582 1416 a
1599 1331 1835 1416 ‹lismontarc
1855 1355 1926 1414 con

515 1473 669 1576 quattro
691 1465 831 1578 gelere.
854 1465 931 1550 Alli
949 1467 1003 1547 20
1022 1463 1084 1548 del
1107 1465 1211 1549 detto
1234 1491 1338 1549 mese
1355 1469 1516 1573 [marzo]
1533 1490 1656 1550 venne
1672 1463 1928 1574 l'imperalcre

516 1625 540 1682 a
566 1599 681 1683 Trani
705 1627 728 1684 a
749 1601 885 1684 redere
910 1598 950 1682 la
967 1598 1113 1682 fabrica
1143 1598 1245 1686 dello
1272 1599 1441 1686 castello.
1471 1599 1591 1688 Marr.
1617 1625 1656 1682 nr
1678 1597 1925 1704 Grcrarrzrc,

516 1732 714 1840 Dicaearch,
734 1743 754 1836 s
776 1735 825 1817 18
844 1733 960 1845 ete(
987 1733 1019 1844 ).

569 2273 806 2382 Fridericus,
826 2275 1085 2361 Romanorum
1103 2277 1323 2388 imperator,
1343 2303 1413 2388 pra
1431 2277 1551 2388 gratis
1568 2285 1607 2361 et
1624 2277 1787 2389 acceptis
1807 2277 1929 2362 serri-

518 2407 580 2490 liis
598 2409 838 2513 Picenarum,
859 2408 1050 2492 licentiam
1071 2411 1126 2494 eis
1143 2411 1316 2496 concedit
1330 2411 1467 2516 eundi,
1486 2410 1665 2496 morandi
1686 2421 1725 2495 et
1743 2411 1928 2496 redeundi

516 2539 634 2624 libere
652 2541 701 2624 ad
719 2542 992 2652 negotiandum
1009 2543 1050 2626 in
1068 2543 1197 2654 regnis
1215 2544 1309 2648 suis,
1331 2543 1542 2654 specialiter
1559 2553 1687 2630 aulem
1705 2545 1808 2656 apud
1825 2544 1928 2632 ller-

518 2699 652 2757 sanam
670 2685 708 2757 et
722 2676 969 2758 Panormum.

600 2891 724 2971 (Incdlt.
740 2893 772 2952 ln
783 2888 843 2952 cca
858 2891 1001 2974 repasci,
1017 2891 1076 2954 vel.
1093 2891 1147 2969 IV,
1168 2892 1221 2954 iol.
1243 2901 1291 2974 14,
1306 2909 1357 2972 ap.
1371 2893 1486 2958 arclrlv.
1506 2894 1657 2971 Plateam
1679 2895 1765 2974 cujus
1782 2893 1927 2974 privilegii

638 3001 722 3076 copie
728 3003 793 3079 lem
805 3000 857 3060 ‹llu
870 3001 1010 3078 reqnlelts
1023 2999 1063 3060 ed
1075 3015 1131 3061 nos
1142 2999 1277 3062 nondum
1289 2999 1448 3082 pervenit.)

568 3187 693 3258 Datum
698 3239 1095 3278 ...........
1122 3208 1213 3260 anno
1230 3187 1402 3262 dominice
1420 3189 1664 3264 incarnationis
1676 3187 1925 3281 llOEXlleV,

519 3311 595 3384 Xlll
612 3311 748 3406 aprilis,
770 3307 970 3410 [indictione
988 3307 1160 3410 septima}

321 3887 489 3998 nappe
572 3860 803 3968 Friderieus,
828 3859 1088 3944 Romanorum
1119 3857 1343 3966 imperator,
1373 3855 1535 3968 lingerio
1558 3857 1727 3944 Tullensi
1752 3861 1927 3970 episeopo

522 4004 674 4104 propter
697 3991 932 4076 incursiones
958 3991 1126 4074 hostium
1148 3991 1411 4075 auctoritatem
1435 3994 1606 4076 concedit
1630 3993 1809 4077 firmandi
1831 3993 1929 4078 ciri-

520 4138 637 4212 lalem
657 4127 776 4238 ipsius
794 4125 1012 4210 Tullensem
1029 4151 1118 4208 cnm
1135 4125 1256 4208 muris
1274 4133 1312 4210 et
1329 4125 1495 4209 fossatis.

557 4392 593 4468 (4)
610 4394 699 4464 Quum
711 4394 738 4452 in
752 4410 801 4453 sno
814 4394 1005 4454 commentario
1021 4392 1063 4450 vir
1075 4389 1198 4465 egregius
1212 4391 1247 4450 ll.
1263 4391 1298 4450 de
1311 4389 1430 4450 libertis
1442 4391 1477 4450 de
1493 4393 1601 4468 laycos
1612 4389 1761 4450 clarissime
1774 4388 1930 4464 probaverit

522 4492 624 4552 nullam
638 4491 672 4550 de
687 4491 764 4550 annis
778 4493 812 4549 ed
828 4492 955 4550 Matthaei
973 4491 1068 4548 diurne
1085 4505 1226 4564 perperam
1248 4489 1368 4548 consuas
1390 4488 1521 4548 rationem
1537 4505 1599 4548 esse
1619 4489 1786 4560 macedan,
1806 4487 1853 4546 rix
1870 4503 1928 4546 rno-

522 4591 640 4650 nendum
655 4604 796 4648 censemus
809 4605 842 4648 ee
855 4605 924 4664 quae
937 4594 993 4648 tenr
1002 4589 1073 4662 iuste
1083 4587 1118 4645 ed
1135 4601 1235 4646 annum
1250 4587 1320 4644 4234
1335 4584 1508 4657 conveniunt,
1526 4583 1578 4644 σιὼ
1597 4585 1674 4644 annis
1688 4587 1757 4645 4250
1776 4589 1806 4642 et
1815 4586 1886 4643 4248
1899 4585 1930 4642 in

519 4693 594 4747 textu
607 4688 737 4764 impresso
749 4685 866 4764 prodire.
