4308 5910
1010 577 1370 652 CONSTITU'NONES

937 859 1139 932 strutus
1162 859 1243 932 xx.
1271 863 1303 930 x
1326 857 1417 954 (eo).

900 1011 948 1082 De
970 1010 1160 1104 exceptione
1181 1008 1296 1080 hostici
1312 1011 1477 1104 ponendo.

1030 1183 1122 1232 reem
1147 1182 1349 1234 rueusrus.

529 1313 656 1386 Hostici
684 1313 924 1408 exceptionem
948 1335 1054 1408 quom
1080 1313 1116 1384 in
1133 1311 1277 1405 judiciis
1301 1313 1426 1386 nostris
1450 1311 1647 1406 frequenter
1672 1311 1893 1402 audivimus,

482 1437 712 1512 determinare
746 1438 921 1528 volentes,
949 1437 1132 1510 statuimus
1159 1435 1355 1531 siquando
1383 1436 1601 1510 submonitus
1626 1437 1673 1510 ed
1704 1439 1893 1510 exercitum

482 1562 607 1635 citatus
624 1563 788 1654 extiterit,
809 1563 1049 1658 exceptionem
1073 1561 1262 1658 predictam
1279 1583 1341 1657 per
1363 1581 1402 1634 se
1428 1561 1485 1634 vel
1507 1581 1570 1656 per
1589 1561 1698 1634 elium
1714 1583 1830 1636 eorem
1852 1584 1893 1636 eo

482 1687 543 1782 qui
564 1685 679 1782 ipsum
702 1685 821 1758 citavit
842 1694 993 1780 opponat
1017 1707 1115 1778 :que
1132 1685 1289 1780 oppositu
1306 1693 1341 1757 et
1366 1685 1528 1780 probatu,
1552 1685 1753 1779 quindecim
1771 1685 1894 1759 diebus

482 1819 667 1904 antequem
693 1811 756 1882 iter
774 1809 916 1906 arripiet
936 1819 971 1882 et
987 1809 1187 1903 quindecim
1211 1818 1393 1906 postquem
1415 1829 1576 1882 reversus
1601 1810 1705 1884 tuerit
1724 1811 1894 1882 immuni-

482 1943 587 2008 tetcm
606 1933 838 2030 responsionis
860 1933 1024 2025 hebebit3
1047 1933 1094 2006 ite
1116 1932 1212 2028 quod
1230 1934 1316 2006 nulli
1341 1954 1402 2029 per
1424 1954 1463 2006 se
1480 1935 1539 2006 vel
1557 1955 1619 2029 per
1638 1943 1893 2030 procuratorem

484 2061 603 2154 [quem
620 2067 776 2131 teneatur
793 2059 1018 2153 relinquere]
1034 2056 1244 2153 respondere
1257 2067 1412 2152 cogetur.
1427 2057 1530 2144 Quod
1549 2057 1793 2132 inviolabiliter
1803 2059 1892 2134 obti-

483 2203 565 2255 nere
584 2205 782 2274 censemus,
801 2183 904 2256 etium
923 2205 1003 2255 cum
1022 2182 1091 2254 litis
1109 2181 1354 2256 contestatione
1372 2191 1512 2274 secum,
1531 2183 1788 2257 submonitione
1805 2185 1894 2258 tacta

481 2327 579 2379 reum
596 2307 784 2401 reipublice
801 2329 905 2380 causa
932 2307 1086 2403 predicto
1104 2306 1207 2380 mode
1224 2307 1346 2380 abesse
1368 2305 1497 2382 debere
1520 2308 1701 2400 contingit.
1722 2309 1759 2382 Si
1777 2319 1892 2382 temen

480 2429 582 2504 umbe
612 2439 746 2524 partes,
775 2441 869 2504 ector
895 2431 1024 2503 seilicet
1049 2437 1085 2501 et
1112 2451 1214 2522 reus,
1247 2431 1283 2501 iu
1312 2431 1467 2504 exercitu
1487 2430 1727 2524 inveniantur,
1759 2453 1891 2528 excep-

479 2553 607 2628 tionem
631 2553 754 2627 hostici
780 2555 865 2628 uttcr
891 2555 988 2628 elteri
1008 2576 1077 2628 nou
1095 2566 1264 2648 opponet,
1289 2555 1375 2628 dum
1398 2563 1512 2628 tumen
1536 2555 1566 2627 is
1585 2553 1637 2650 (a)
1663 2556 1725 2650 qui
1743 2557 1892 2630 voluerit

477 2679 682 2753 alemunia
709 2679 864 2752 exercitu
889 2681 1093 2770 convenire,
1118 2683 1273 2752 munitus
1298 2681 1343 2752 sit
1374 2681 1409 2752 iu
1434 2681 1590 2754 exercitu
1617 2682 1890 2776 competentibus

477 2803 577 2901 equis
601 2813 637 2877 et
656 2804 763 2876 ermis
783 2813 818 2877 et
832 2805 908 2877 otiis
929 2805 1090 2877 omnibus
1106 2804 1312 2900 opportunis
1334 2815 1370 2878 et
1400 2805 1599 2878 necessariis
1622 2827 1692 2900 que
1716 2814 1889 2902 opportu-

478 2928 569 3002 uites
592 2935 627 3002 et
646 2929 831 3002 necessitas
858 2951 954 3002 more
981 2929 1156 3003 exercitali
1185 2927 1367 3002 inducunt.
1396 2929 1455 3002 lllo
1476 2930 1580 3002 etiem
1603 2949 1673 3001 nou
1697 2929 1824 3002 omisso
1851 2939 1889 3001 ut

478 3053 509 3128 si
534 3063 725 3126 conventus
746 3053 782 3124 iu
807 3055 960 3128 exercitu
978 3074 1092 3150 perse
1111 3066 1145 3125 et
1163 3055 1236 3126 suis
1254 3053 1417 3149 expensis
1435 3054 1576 3144 militet,
1594 3053 1701 3149 isqui
1720 3075 1801 3128 eum
1819 3054 1890 3125 im-

480 3178 585 3275 petit,
614 3186 654 3250 ut
681 3177 919 3252 adversarium
949 3179 1059 3274 possit
1078 3177 1202 3252 hostici
1225 3179 1428 3272 exceptione
1456 3178 1613 3274 privare,
1635 3177 1758 3251 eodem
1785 3177 1890 3252 modo

479 3313 514 3376 et
529 3303 602 3376 suis
620 3303 783 3398 expensis
798 3304 943 3376 mititare
959 3303 1116 3392 debebit,
1133 3323 1179 3376 uc
1193 3303 1334 3376 ulterius
1348 3301 1454 3399 podio
1466 3299 1514 3398 (b)
1526 3302 1593 3374 sub
1610 3303 1711 3394 cujus
1726 3304 1891 3398 expensis

476 3437 511 3500 et
543 3425 744 3500 necessariis
776 3402 880 3500 fiterit
914 3429 950 3500 iu
976 3427 1130 3502 exercitu
1161 3435 1388 3518 sustentatus,
1420 3447 1502 3500 eum
1529 3427 1698 3520 quicum
1727 3428 1890 3522 expensis

475 3551 549 3624 suis
574 3551 676 3624 uobis
705 3550 924 3625 laudabiliter
953 3553 1082 3640 servit,
1115 3551 1294 3648 impugnet
1326 3551 1404 3649 (c);
1429 3571 1499 3646 que
1524 3551 1641 3624 ornuie
1671 3571 1733 3646 per
1756 3571 1890 3624 meres·

475 3676 607 3748 calcum
633 3683 788 3748 nostrum
816 3676 872 3748 vel
902 3697 965 3772 per
990 3677 1096 3749 etium
1124 3676 1185 3771 qui
1212 3675 1381 3750 exercitui
1410 3673 1645 3749 demandato
1675 3684 1792 3748 nostro
1827 3697 1889 3770 pro

474 3807 627 3894 tempore
652 3799 797 3894 precrit,
827 3800 884 3872 cui
910 3821 1030 3874 omues
1053 3800 1116 3894 qui
1139 3799 1186 3874 ed
1207 3800 1397 3874 exercitum
1416 3800 1576 3874 venerint
1597 3799 1730 3894 ubsque
1757 3798 1890 3872 discre-

474 3921 567 3996 tione
583 3924 699 4018 alique
717 3925 880 3998 volumus
899 3927 1100 4021 presentari,
1120 3926 1259 4022 pmberi
1278 3925 1466 4000 debebunt.
1483 3927 1611 3997 Tamen
1627 3924 1657 3996 si
1674 3943 1795 3998 eorum
1811 3943 1890 3996 um-

517 4124 558 4205 (o)
580 4127 629 4188 Sic
642 4128 755 4208 Pelet,
769 4129 892 4193 lindeb.
906 4139 936 4192 et
957 4147 1090 4211 graecus.
1106 4132 1141 4192 In
1153 4129 1267 4210 Sugcn.
1289 4147 1360 4192 vcro
1387 4137 1418 4192 et
1441 4131 1508 4192 uilis
1521 4129 1704 4191 eontrarium
1720 4145 1728 4188 r
1744 4128 1888 4208 coreptio-

474 4242 728 4315 nemmopponot,
743 4233 812 4296 dum
827 4239 1041 4299 tamennonir.
1434 4317 1437 4320 ,

518 4336 560 4419 (b)
579 4341 615 4401 ln
628 4341 767 4403 omuibus
780 4349 810 4404 et
823 4360 870 4422 up.
885 4343 1006 4406 Cerccnt
1019 4361 1056 4404 ne
1066 4341 1188 4408 atterius
1199 4341 1308 4424 toedio5
1318 4343 1398 4424 quod
1410 4345 1491 4406 omni
1502 4359 1589 4406 seusu
1607 4347 1695 4406 curet.
1708 4341 1889 4421 Corrtgtmus

475 4461 513 4506 ex
526 4445 594 4507 cod.
611 4455 701 4522 ⁴625,
716 4449 767 4509 ubl
779 4456 876 4512 tumen
888 4454 985 4512 mtnus
994 4459 1073 4513 recte
1086 4469 1139 4530 pre
1150 4469 1187 4513 ne
1199 4453 1305 4531 legitur
1314 4459 1360 4514 ot.
1370 4449 1495 4513 Pedium
1506 4458 1606 4514 eutem
1615 4453 1744 4513 sumitur
1757 4451 1788 4510 tu
1799 4465 1888 4510 usum

477 4551 599 4630 getltcce
613 4556 694 4617 vocis
707 4559 808 4638 appui.

518 4657 556 4738 (c)
578 4659 688 4723 Graece
703 4683 711 4724 r
727 4681 764 4724 rte
775 4671 953 4727 meruere
965 4665 1101 4746 impensis
1113 4661 1235 4726 alteriue
1247 4661 1371 4748 aliotjrtr
1381 4665 1416 4726 io
1428 4665 1566 4740 moen,
1582 4665 1752 4746 impuprrcre
1760 4677 1886 4742 proem-

475 4771 535 4825 mot
549 4767 601 4846 qoi
612 4784 677 4829 crem
690 4773 823 4851 evernis
833 4773 893 4834 rob
906 4769 1092 4834 laudabiliter
1104 4773 1191 4834 ceruit
1202 4771 1293 4834 note.
