4372 5918
774 580 901 644 REGNI
927 577 1113 642 SICILIAE.

677 821 881 895 TITULUS
906 820 997 894 CIV.
1026 824 1094 894 ΟΘ
1118 813 1208 918 (79).

609 987 657 1059 Ile
672 997 859 1080 conteuptu
876 986 1011 1057 tenuisti
1026 985 1196 1057 constituti
1210 981 1274 1080 (o).

773 1171 867 1220 rnen
899 1169 1102 1220 Incussus.

285 1309 459 1406 Contingit
472 1309 646 1386 interdum
661 1321 810 1386 actorem
828 1313 930 1385 simul
946 1324 981 1384 et
1002 1332 1101 1385 reum
1118 1311 1154 1382 in
1176 1309 1340 1384 civilibus
1360 1312 1492 1404 causis,
1510 1325 1650 1412 recepto

238 1434 282 1506 ab
300 1435 352 1509 eis
368 1436 514 1510 termino
529 1437 586 1511 vel
604 1457 667 1532 per
682 1437 812 1510 curiam
828 1436 895 1510 sibi
914 1435 1009 1521 dato,
1029 1438 1076 1511 ad
1090 1435 1262 1529 judicium
1282 1456 1352 1508 non
1367 1435 1506 1526 uenire;
1524 1459 1595 1531 qua
1612 1436 1651 1510 lit

237 1568 412 1632 uteorum
426 1559 649 1654 dispendium
662 1561 787 1654 judicii
802 1581 1001 1656 processum
1024 1560 1190 1657 impediat
1205 1567 1240 1632 ot
1260 1558 1383 1632 honori
1400 1569 1435 1633 et
1454 1562 1649 1634 auctoritati

234 1681 392 1774 iudiciali
407 1683 543 1757 illudat.
560 1685 669 1780 Igitur
682 1685 898 1759 manifestius
916 1683 1104 1759 definimus
1116 1693 1322 1778 utrumque,
1347 1683 1477 1756 scilieet
1500 1694 1650 1760 actorem

237 1817 392 1902 ctreum,
406 1809 443 1880 in
457 1807 593 1883 decima
610 1819 708 1906 parte
723 1818 814 1882 mote
830 1809 900 1883 litls
914 1815 991 1904 [pro
1006 1807 1188 1904 equalibus
1201 1807 1432 1904 portionibus]
1448 1829 1524 1882 esse
1538 1811 1651 1883 mulc-

236 1931 378 2024 tandos,
398 1934 429 2006 si
443 1933 501 2008 rel
516 1955 682 2030 expresso
696 1953 867 2009 consensu
879 1934 955 2008 sine
971 1932 1109 2006 licentia
1126 1931 1223 2005 curie
1240 1931 1424 2006 terminum
1440 1953 1650 2030 prorogave-

237 2057 304 2130 riut
321 2057 379 2132 vel
397 2080 466 2134 non
484 2058 660 2134 veniendo
679 2055 956 2158 [tautummodo]
975 2055 1115 2132 desides
1131 2066 1333 2150 arguantur.

705 2318 912 2392 TITULUS
935 2319 1007 2394 CV.
1036 2325 1067 2392 ll
1090 2319 1181 2418 (80).

391 2473 438 2542 lle
453 2471 656 2565 poctt'ootbcs
675 2470 820 2544 inhibitis
840 2481 871 2542 et
888 2473 928 2544 do
950 2471 1128 2544 volentibus
1148 2494 1170 2543 a
1191 2471 1249 2544 lite
1266 2471 1426 2546 discedere
1443 2471 1502 2569 (b).

785 2644 876 2694 ronrr
902 2645 1102 2696 sucusrus.

287 2777 414 2870 Sponte
436 2774 669 2848 volentibusa
693 2775 753 2848 lita
771 2774 966 2859 discedere,
987 2783 1087 2870 pacta
1100 2775 1204 2848 etiam
1227 2775 1283 2848 uel
1302 2776 1546 2848 transactiones
1562 2775 1651 2851 inire

241 2905 314 2992 post
331 2898 527 2972 citationem
540 2899 700 2972 emissam
717 2907 797 2972 ante
815 2899 909 2972 litam
923 2907 1159 2985 contestatam,
1177 2907 1309 2971 tantum
1324 2901 1360 2970 iu
1379 2897 1473 2972 civili
1494 2899 1646 2991 judicio,

241 3019 370 3114 absque
378 3019 484 3092 ullius
492 3019 707 3094 contumacis
721 3041 811 3116 pena
825 3019 998 3094 licentiam
1016 3019 1174 3116 partibus
1187 3040 1449 3113 nonnegamus3
1470 3029 1548 3116 post
1564 3043 1647 3094 con-

242 3141 452 3216 testationem
467 3163 551 3216 vero
568 3143 638 3217 litis
661 3144 831 3234 habitam,
860 3144 934 3216 sine
951 3144 1087 3217 licentia
1110 3153 1145 3216 et
1156 3145 1236 3236 jure
1253 3144 1347 3216 curie
1360 3146 1560 3240 expressius
1583 3145 1648 3218 hoc

242 3267 393 3362 partibus
412 3267 622 3342 inhibemus.
641 3268 742 3356 Quod
761 3271 792 3342 si
811 3269 877 3342 hoc
893 3271 1005 3342 facere
1027 3271 1062 3342 iu
1085 3268 1243 3343 fraudem
1258 3269 1346 3360 jnris
1364 3270 1471 3342 nostri
1489 3279 1649 3343 tentave-

243 3389 319 3477 rint,
337 3391 413 3483 eJ'us
426 3391 560 3464 tertiam
578 3391 674 3487 quod
691 3414 755 3489 pro
771 3393 999 3467 transactione
1017 3393 1122 3466 actori
1139 3392 1289 3468 exsolvit
1302 3403 1506 3484 conventus,
1517 3394 1649 3489 absque

244 3510 468 3588 diminutione
488 3516 605 3611 aliqua
623 3515 707 3590 lisco
729 3527 844 3590 nostro
864 3525 1058 3612 componat.
1081 3517 1115 3590 Si
1141 3527 1257 3591 antem
1284 3539 1364 3591 reus
1385 3518 1517 3612 aliquid
1542 3521 1648 3592 actori

246 3633 317 3732 [pro
330 3639 484 3734 predicta
501 3639 695 3740 occasione]
709 3641 861 3734 dederit,
879 3652 913 3715 et
932 3641 1017 3714 nibil
1032 3651 1093 3715 aut
1111 3643 1226 3716 minus
1244 3665 1283 3716 se
1295 3642 1433 3717 dedisse
1448 3643 1485 3714 in
1503 3642 1645 3739 dispen-

245 3759 337 3834 dium
356 3765 451 3837 cun'e
469 3765 668 3855 mentiatur,
696 3767 732 3838 iu
751 3765 906 3860 ejusdem
925 3763 1145 3838 inficiationis
1161 3787 1286 3862 penam
1302 3766 1447 3862 duplum
1471 3769 1569 3841 tertia
1587 3791 1649 3840 su-

245 3883 394 3978 pradicte
412 3909 518 3982 quam
541 3889 720 3964 conlessns
735 3891 819 3964 dare
835 3890 1029 3982 debuisset,
1049 3891 1220 3966 exsolvat.
1241 3892 1317 3978 Que
1332 3892 1449 3965 omnia
1468 3891 1650 3985 diligenter

245 4031 300 4102 per
316 4010 481 4086 officiales
497 4023 633 4087 nostros
655 4015 783 4110 inquiri
805 4016 983 4106 volumus,
1004 4025 1043 4088 ut
1058 4016 1147 4090 sicut
1164 4015 1304 4088 cuilibet
1323 4017 1382 4108 jus
1404 4037 1507 4088 suum
1529 4019 1649 4091 invio-

245 4131 345 4208 latum
359 4157 553 4230 servamus,
572 4139 624 4211 sic
642 4139 768 4231 injure
781 4149 898 4212 nostro
912 4139 1084 4213 delectum
1102 4141 1233 4236 perpeti
1248 4161 1318 4212 non
1333 4141 1516 4235 possimus.

281 4280 323 4362 (a)
349 4284 480 4346 Graece:
493 4285 536 4346 De
543 4303 641 4366 pom
653 4287 786 4368 inposita
799 4289 891 4350 actori
903 4295 932 4350 et
944 4305 993 4350 rco
1005 4290 1090 4368 [noo]
1103 4288 1343 4351 convenientibus.
1354 4291 1391 4352 In
1403 4291 1649 4369 quibuscomes

248 4392 336 4450 oete
349 4405 404 4452 sen
417 4395 547 4454 tracum
559 4393 687 4468 emet,
701 4396 801 4456 uulnus
812 4401 900 4458 recle.
913 4397 949 4457 In
961 4397 1047 4458 elllsr
1062 4397 1106 4456 Dc
1113 4395 1248 4476 portibus
1257 4395 1482 4478 monebar
1494 4399 1650 4460 meum

251 4491 564 4579 eilidotoernjedice.
586 4501 698 4562 Inood
716 4503 1650 4586 torre:macrescerroeonrompareotttmiojcdotoet

248 4595 707 4684 &commemoraturos

285 4706 323 4787 (I)
343 4709 455 4774 Graece
467 4713 586 4776 addltnr
598 4721 667 4778 arta
675 4712 736 4778 tlte
748 4716 991 4779 armatiorem.
