<?xml version="1.0" encoding="UTF-8"?>
<!DOCTYPE html PUBLIC "-//W3C//DTD XHTML 1.0 Transitional//EN"
    "http://www.w3.org/TR/xhtml1/DTD/xhtml1-transitional.dtd">
<html xmlns="http://www.w3.org/1999/xhtml" xml:lang="en" lang="en">
 <head>
  <title>
</title>
<meta http-equiv="Content-Type" content="text/html;charset=utf-8" />
  <meta name='ocr-system' content='tesseract 3.04.00' />
  <meta name='ocr-capabilities' content='ocr_page ocr_carea ocr_par ocr_line ocrx_word'/>
</head>
<body>
  <div class='ocr_page' id='page_1' title='image "./historiadiploma07fredgoog_0455.png"; bbox 0 0 4288 5912; ppageno 0'>
   <div class='ocr_carea' id='block_1_1' title="bbox 222 587 1640 1936">
    <p class='ocr_par' dir='ltr' id='par_1_1' title="bbox 222 587 1640 1562">
     <span class='ocr_line' id='line_1_1' title="bbox 222 587 1625 677; baseline -0.004 -21"><span class='ocrx_word' id='word_1_1' title='bbox 222 599 319 657; x_wconf 79' lang='lat' dir='ltr'>lenter.</span> <span class='ocrx_word' id='word_1_2' title='bbox 335 592 377 677; x_wconf 87' lang='grc'>6.]</span> <span class='ocrx_word' id='word_1_3' title='bbox 670 587 869 650; x_wconf 81' lang='lat' dir='ltr'>HISTORIA</span> <span class='ocrx_word' id='word_1_4' title='bbox 892 587 1185 650; x_wconf 71' lang='lat' dir='ltr'>nlenonraulua,</span> <span class='ocrx_word' id='word_1_5' title='bbox 1566 588 1625 650; x_wconf 72' lang='lat'>441</span> 
     </span>
     <span class='ocr_line' id='line_1_2' title="bbox 223 721 1623 825; baseline -0.004 -25"><span class='ocrx_word' id='word_1_6' title='bbox 223 741 280 802; x_wconf 88' lang='lat' dir='ltr'>tur</span> <span class='ocrx_word' id='word_1_7' title='bbox 304 728 374 825; x_wconf 84' lang='lat' dir='ltr'>(t),</span> <span class='ocrx_word' id='word_1_8' title='bbox 396 748 502 822; x_wconf 90' lang='lat' dir='ltr'>quam</span> <span class='ocrx_word' id='word_1_9' title='bbox 523 725 590 798; x_wconf 90' lang='lat' dir='ltr'>sub</span> <span class='ocrx_word' id='word_1_10' title='bbox 607 723 719 818; x_wconf 79' lang='lat' dir='ltr'>sigillo</span> <span class='ocrx_word' id='word_1_11' title='bbox 744 723 854 818; x_wconf 87' lang='lat' dir='ltr'>ipsius</span> <span class='ocrx_word' id='word_1_12' title='bbox 880 722 1011 797; x_wconf 88' lang='lat' dir='ltr'>domini</span> <span class='ocrx_word' id='word_1_13' title='bbox 1033 743 1121 818; x_wconf 88' lang='lat' dir='ltr'>pape</span> <span class='ocrx_word' id='word_1_14' title='bbox 1145 722 1336 816; x_wconf 74' lang='lat' dir='ltr'><strong>recepimus</strong></span> <span class='ocrx_word' id='word_1_15' title='bbox 1357 721 1393 793; x_wconf 94' lang='lat' dir='ltr'>in</span> <span class='ocrx_word' id='word_1_16' title='bbox 1422 722 1540 794; x_wconf 87' lang='lat' dir='ltr'>Gaieta</span> <span class='ocrx_word' id='word_1_17' title='bbox 1561 743 1623 817; x_wconf 89' lang='lat' dir='ltr'>per</span> 
     </span>
     <span class='ocr_line' id='line_1_3' title="bbox 224 844 1640 944; baseline -0.004 -20"><span class='ocrx_word' id='word_1_18' title='bbox 224 873 350 924; x_wconf 87' lang='lat' dir='ltr'>manus</span> <span class='ocrx_word' id='word_1_19' title='bbox 367 849 522 944; x_wconf 81' lang='lat' dir='ltr'>magistri</span> <span class='ocrx_word' id='word_1_20' title='bbox 545 848 635 921; x_wconf 90' lang='lat' dir='ltr'>Petri</span> <span class='ocrx_word' id='word_1_21' title='bbox 657 846 703 921; x_wconf 90' lang='lat' dir='ltr'>de</span> <span class='ocrx_word' id='word_1_22' title='bbox 726 847 891 922; x_wconf 88' lang='lat' dir='ltr'>Guartino</span> <span class='ocrx_word' id='word_1_23' title='bbox 912 844 965 944; x_wconf 88' lang='lat' dir='ltr'>(a)</span> <span class='ocrx_word' id='word_1_24' title='bbox 983 846 1187 920; x_wconf 85' lang='lat' dir='ltr'>venerabilis</span> <span class='ocrx_word' id='word_1_25' title='bbox 1205 844 1249 942; x_wconf 78' lang='lat' dir='ltr'>(l)</span> <span class='ocrx_word' id='word_1_26' title='bbox 1268 845 1439 941; x_wconf 87' lang='lat' dir='ltr'>scriptoris</span> <span class='ocrx_word' id='word_1_27' title='bbox 1454 853 1490 916; x_wconf 91' lang='lat' dir='ltr'>et</span> <span class='ocrx_word' id='word_1_28' title='bbox 1505 846 1640 918; x_wconf 80' lang='lat' dir='ltr'>nuncii.</span> 
     </span>
     <span class='ocr_line' id='line_1_4' title="bbox 223 967 1624 1068; baseline -0.005 -20"><span class='ocrx_word' id='word_1_29' title='bbox 223 975 380 1067; x_wconf 90' lang='lat' dir='ltr'>ejnsdem</span> <span class='ocrx_word' id='word_1_30' title='bbox 397 974 528 1049; x_wconf 82' lang='lat' dir='ltr'>domiui</span> <span class='ocrx_word' id='word_1_31' title='bbox 539 993 651 1068; x_wconf 84' lang='lat' dir='ltr'>pape,</span> <span class='ocrx_word' id='word_1_32' title='bbox 672 970 890 1047; x_wconf 78' lang='lat' dir='ltr'>affectuosius</span> <span class='ocrx_word' id='word_1_33' title='bbox 903 978 1134 1065; x_wconf 77' lang='lat' dir='ltr'>acceptantes,</span> <span class='ocrx_word' id='word_1_34' title='bbox 1156 969 1221 1063; x_wconf 89' lang='lat' dir='ltr'>ipsi</span> <span class='ocrx_word' id='word_1_35' title='bbox 1233 967 1372 1041; x_wconf 92' lang='lat' dir='ltr'>domino</span> <span class='ocrx_word' id='word_1_36' title='bbox 1390 989 1524 1041; x_wconf 88' lang='lat' dir='ltr'>summo</span> <span class='ocrx_word' id='word_1_37' title='bbox 1537 991 1624 1064; x_wconf 93' lang='lat' dir='ltr'>pon-</span> 
     </span>
     <span class='ocr_line' id='line_1_5' title="bbox 224 1093 1625 1189; baseline -0.001 -21"><span class='ocrx_word' id='word_1_38' title='bbox 224 1097 306 1172; x_wconf 86' lang='lat' dir='ltr'>tifici</span> <span class='ocrx_word' id='word_1_39' title='bbox 325 1097 513 1172; x_wconf 92' lang='lat' dir='ltr'>cumomni</span> <span class='ocrx_word' id='word_1_40' title='bbox 527 1095 720 1170; x_wconf 88' lang='lat' dir='ltr'>hnmilitate</span> <span class='ocrx_word' id='word_1_41' title='bbox 735 1095 862 1188; x_wconf 77' lang='lat' dir='ltr'>gratias</span> <span class='ocrx_word' id='word_1_42' title='bbox 876 1096 1011 1189; x_wconf 81' lang='lat' dir='ltr'>agimus</span> <span class='ocrx_word' id='word_1_43' title='bbox 1023 1093 1118 1188; x_wconf 90' lang='lat' dir='ltr'>quod</span> <span class='ocrx_word' id='word_1_44' title='bbox 1138 1103 1313 1188; x_wconf 86' lang='lat' dir='ltr'>paternam</span> <span class='ocrx_word' id='word_1_45' title='bbox 1330 1093 1375 1167; x_wconf 91' lang='lat' dir='ltr'>de</span> <span class='ocrx_word' id='word_1_46' title='bbox 1394 1093 1494 1166; x_wconf 93' lang='lat' dir='ltr'>nobis</span> <span class='ocrx_word' id='word_1_47' title='bbox 1508 1093 1543 1164; x_wconf 91' lang='lat' dir='ltr'>in</span> <span class='ocrx_word' id='word_1_48' title='bbox 1559 1094 1625 1167; x_wconf 90' lang='lat' dir='ltr'>hoo</span> 
     </span>
     <span class='ocr_line' id='line_1_6' title="bbox 222 1216 1626 1314; baseline -0.004 -17"><span class='ocrx_word' id='word_1_49' title='bbox 222 1223 345 1297; x_wconf 86' lang='lat' dir='ltr'>habuit</span> <span class='ocrx_word' id='word_1_50' title='bbox 363 1243 479 1294; x_wconf 87' lang='lat' dir='ltr'>curam</span> <span class='ocrx_word' id='word_1_51' title='bbox 496 1229 530 1294; x_wconf 90' lang='lat' dir='ltr'>et</span> <span class='ocrx_word' id='word_1_52' title='bbox 548 1221 694 1294; x_wconf 88' lang='lat' dir='ltr'>salutem</span> <span class='ocrx_word' id='word_1_53' title='bbox 711 1228 860 1292; x_wconf 87' lang='lat' dir='ltr'>nostram</span> <span class='ocrx_word' id='word_1_54' title='bbox 885 1219 1011 1314; x_wconf 89' lang='lat' dir='ltr'>pietate</span> <span class='ocrx_word' id='word_1_55' title='bbox 1025 1217 1211 1313; x_wconf 87' lang='lat' dir='ltr'>apostolica</span> <span class='ocrx_word' id='word_1_56' title='bbox 1226 1217 1433 1312; x_wconf 81' lang='lat' dir='ltr'><strong>procuravit.</strong></span> <span class='ocrx_word' id='word_1_57' title='bbox 1457 1216 1513 1290; x_wconf 81' lang='lat' dir='ltr'>Ad</span> <span class='ocrx_word' id='word_1_58' title='bbox 1527 1219 1626 1310; x_wconf 90' lang='lat' dir='ltr'>cnjus</span> 
     </span>
     <span class='ocr_line' id='line_1_7' title="bbox 222 1341 1626 1439; baseline -0.003 -21"><span class='ocrx_word' id='word_1_59' title='bbox 222 1346 272 1418; x_wconf 92' lang='lat' dir='ltr'>rei</span> <span class='ocrx_word' id='word_1_60' title='bbox 286 1345 484 1418; x_wconf 79' lang='lat' dir='ltr'><strong>memoriam</strong></span> <span class='ocrx_word' id='word_1_61' title='bbox 498 1365 639 1439; x_wconf 85' lang='lat' dir='ltr'>presens</span> <span class='ocrx_word' id='word_1_62' title='bbox 658 1343 822 1439; x_wconf 89' lang='lat' dir='ltr'>scriptum</span> <span class='ocrx_word' id='word_1_63' title='bbox 841 1344 876 1416; x_wconf 91' lang='lat' dir='ltr'>iu</span> <span class='ocrx_word' id='word_1_64' title='bbox 897 1342 1014 1416; x_wconf 89' lang='lat' dir='ltr'>Gaieta</span> <span class='ocrx_word' id='word_1_65' title='bbox 1038 1341 1112 1416; x_wconf 85' lang='lat' dir='ltr'>fieri</span> <span class='ocrx_word' id='word_1_66' title='bbox 1134 1365 1196 1437; x_wconf 89' lang='lat' dir='ltr'>per</span> <span class='ocrx_word' id='word_1_67' title='bbox 1216 1343 1340 1416; x_wconf 88' lang='lat' dir='ltr'>manus</span> <span class='ocrx_word' id='word_1_68' title='bbox 1359 1341 1476 1414; x_wconf 87' lang='lat' dir='ltr'>lacobi</span> <span class='ocrx_word' id='word_1_69' title='bbox 1496 1343 1626 1438; x_wconf 83' lang='lat' dir='ltr'>publici</span> 
     </span>
     <span class='ocr_line' id='line_1_8' title="bbox 223 1467 1253 1562; baseline -0.001 -24"><span class='ocrx_word' id='word_1_70' title='bbox 223 1467 377 1542; x_wconf 87' lang='lat' dir='ltr'>Gaietani</span> <span class='ocrx_word' id='word_1_71' title='bbox 394 1469 517 1542; x_wconf 87' lang='lat' dir='ltr'>notarii</span> <span class='ocrx_word' id='word_1_72' title='bbox 529 1477 564 1542; x_wconf 91' lang='lat' dir='ltr'>et</span> <span class='ocrx_word' id='word_1_73' title='bbox 582 1468 773 1542; x_wconf 90' lang='lat' dir='ltr'>communis</span> <span class='ocrx_word' id='word_1_74' title='bbox 788 1468 899 1562; x_wconf 81' lang='lat' dir='ltr'>sigillo</span> <span class='ocrx_word' id='word_1_75' title='bbox 909 1467 1073 1559; x_wconf 89' lang='lat' dir='ltr'>jussimus</span> <span class='ocrx_word' id='word_1_76' title='bbox 1089 1467 1253 1540; x_wconf 88' lang='lat' dir='ltr'>roborari.</span> 
     </span>
    </p>

    <p class='ocr_par' dir='ltr' id='par_1_2' title="bbox 226 1590 1626 1936">
     <span class='ocr_line' id='line_1_9' title="bbox 273 1590 1626 1688; baseline 0.001 -24"><span class='ocrx_word' id='word_1_77' title='bbox 273 1593 397 1666; x_wconf 86' lang='lat' dir='ltr'>Actum</span> <span class='ocrx_word' id='word_1_78' title='bbox 411 1592 529 1666; x_wconf 87' lang='lat' dir='ltr'>Gaiete</span> <span class='ocrx_word' id='word_1_79' title='bbox 538 1613 599 1688; x_wconf 89' lang='lat' dir='ltr'>par</span> <span class='ocrx_word' id='word_1_80' title='bbox 614 1614 737 1664; x_wconf 88' lang='lat' dir='ltr'>manus</span> <span class='ocrx_word' id='word_1_81' title='bbox 749 1592 893 1687; x_wconf 88' lang='lat' dir='ltr'>predicti</span> <span class='ocrx_word' id='word_1_82' title='bbox 909 1591 1048 1681; x_wconf 87' lang='lat' dir='ltr'>notarii,</span> <span class='ocrx_word' id='word_1_83' title='bbox 1076 1613 1188 1664; x_wconf 88' lang='lat' dir='ltr'>coram</span> <span class='ocrx_word' id='word_1_84' title='bbox 1210 1591 1369 1684; x_wconf 85' lang='lat' dir='ltr'>magistro</span> <span class='ocrx_word' id='word_1_85' title='bbox 1392 1590 1626 1665; x_wconf 87' lang='lat' dir='ltr'>Bartholomeo</span> 
     </span>
     <span class='ocr_line' id='line_1_10' title="bbox 226 1713 1622 1810; baseline -0.001 -20"><span class='ocrx_word' id='word_1_86' title='bbox 226 1715 272 1790; x_wconf 87' lang='lat' dir='ltr'>de</span> <span class='ocrx_word' id='word_1_87' title='bbox 283 1717 406 1788; x_wconf 73' lang='lat' dir='ltr'>Senmo</span> <span class='ocrx_word' id='word_1_88' title='bbox 424 1716 591 1788; x_wconf 90' lang='lat' dir='ltr'>Germano</span> <span class='ocrx_word' id='word_1_89' title='bbox 602 1715 759 1808; x_wconf 84' lang='lat' dir='ltr'>ejusdem</span> <span class='ocrx_word' id='word_1_90' title='bbox 775 1715 906 1788; x_wconf 91' lang='lat' dir='ltr'>domiui</span> <span class='ocrx_word' id='word_1_91' title='bbox 924 1737 1012 1810; x_wconf 86' lang='lat' dir='ltr'>pape</span> <span class='ocrx_word' id='word_1_92' title='bbox 1026 1716 1220 1810; x_wconf 89' lang='lat' dir='ltr'>capellano,</span> <span class='ocrx_word' id='word_1_93' title='bbox 1238 1713 1380 1788; x_wconf 86' lang='lat' dir='ltr'>Girardo</span> <span class='ocrx_word' id='word_1_94' title='bbox 1401 1715 1622 1804; x_wconf 88' lang='lat' dir='ltr'>Brontusula‚</span> 
     </span>
     <span class='ocr_line' id='line_1_11' title="bbox 227 1839 977 1936; baseline -0.003 -24"><span class='ocrx_word' id='word_1_95' title='bbox 227 1841 380 1916; x_wconf 78' lang='lat' dir='ltr'><strong>Iohanne</strong></span> <span class='ocrx_word' id='word_1_96' title='bbox 394 1839 557 1916; x_wconf 86' lang='lat' dir='ltr'>Gaictano</span> <span class='ocrx_word' id='word_1_97' title='bbox 572 1849 606 1914; x_wconf 88' lang='lat' dir='ltr'>et</span> <span class='ocrx_word' id='word_1_98' title='bbox 619 1840 696 1914; x_wconf 89' lang='lat' dir='ltr'>aliis</span> <span class='ocrx_word' id='word_1_99' title='bbox 709 1840 900 1914; x_wconf 82' lang='lat' dir='ltr'>astantibus</span> <span class='ocrx_word' id='word_1_100' title='bbox 912 1839 977 1936; x_wconf 61' lang='grc' dir='ltr'>(Ω).</span> 
     </span>
    </p>
   </div>
   <div class='ocr_carea' id='block_1_2' title="bbox 230 2379 1812 2888">
    <p class='ocr_par' dir='ltr' id='par_1_3' title="bbox 230 2379 1812 2888">
     <span class='ocr_line' id='line_1_12' title="bbox 282 2379 1812 2510; baseline 0.003 -50"><span class='ocrx_word' id='word_1_101' title='bbox 282 2379 513 2486; x_wconf 85' lang='lat' dir='ltr'>Friderious,</span> <span class='ocrx_word' id='word_1_102' title='bbox 539 2379 798 2464; x_wconf 86' lang='lat' dir='ltr'>Romanorum</span> <span class='ocrx_word' id='word_1_103' title='bbox 822 2381 1042 2490; x_wconf 81' lang='lat' dir='ltr'>imperator,</span> <span class='ocrx_word' id='word_1_104' title='bbox 1075 2379 1203 2462; x_wconf 80' lang='lat' dir='ltr'>scribit</span> <span class='ocrx_word' id='word_1_105' title='bbox 1229 2406 1349 2490; x_wconf 85' lang='lat' dir='ltr'>papae</span> <span class='ocrx_word' id='word_1_106' title='bbox 1374 2381 1422 2463; x_wconf 91' lang='lat' dir='ltr'>de</span> <span class='ocrx_word' id='word_1_107' title='bbox 1449 2407 1631 2490; x_wconf 87' lang='lat' dir='ltr'>compro·</span> <span class='ocrx_word' id='word_1_108' title='bbox 1684 2401 1812 2510; x_wconf 57' lang='lat' dir='ltr'>effi·</span> 
     </span>
     <span class='ocr_line' id='line_1_13' title="bbox 230 2513 1630 2624; baseline 0.001 -30"><span class='ocrx_word' id='word_1_109' title='bbox 230 2513 409 2596; x_wconf 86' lang='lat' dir='ltr'>missione</span> <span class='ocrx_word' id='word_1_110' title='bbox 422 2515 544 2623; x_wconf 40' lang='lat' dir='ltr'>*super</span> <span class='ocrx_word' id='word_1_111' title='bbox 570 2515 722 2624; x_wconf 82' lang='lat' dir='ltr'>negotio</span> <span class='ocrx_word' id='word_1_112' title='bbox 749 2515 1012 2620; x_wconf 84' lang='lat' dir='ltr'>Lombnrdiae‚</span> <span class='ocrx_word' id='word_1_113' title='bbox 1032 2515 1243 2624; x_wconf 90' lang='lat' dir='ltr'>quodcum</span> <span class='ocrx_word' id='word_1_114' title='bbox 1270 2515 1414 2597; x_wconf 87' lang='lat' dir='ltr'>litterae</span> <span class='ocrx_word' id='word_1_115' title='bbox 1437 2542 1527 2597; x_wconf 88' lang='lat' dir='ltr'>suae</span> <span class='ocrx_word' id='word_1_116' title='bbox 1553 2540 1630 2624; x_wconf 88' lang='lat' dir='ltr'>pa-</span> 
     </span>
     <span class='ocr_line' id='line_1_14' title="bbox 232 2646 1632 2758; baseline -0.002 -29"><span class='ocrx_word' id='word_1_117' title='bbox 232 2656 351 2730; x_wconf 88' lang='lat' dir='ltr'>tentes</span> <span class='ocrx_word' id='word_1_118' title='bbox 377 2673 446 2730; x_wconf 87' lang='lat' dir='ltr'>nec</span> <span class='ocrx_word' id='word_1_119' title='bbox 472 2673 549 2730; x_wconf 93' lang='lat' dir='ltr'>non</span> <span class='ocrx_word' id='word_1_120' title='bbox 577 2659 613 2730; x_wconf 91' lang='lat' dir='ltr'>et</span> <span class='ocrx_word' id='word_1_121' title='bbox 639 2647 739 2758; x_wconf 84' lang='lat' dir='ltr'>regis</span> <span class='ocrx_word' id='word_1_122' title='bbox 769 2646 837 2728; x_wconf 90' lang='lat' dir='ltr'>lilii</span> <span class='ocrx_word' id='word_1_123' title='bbox 865 2647 924 2729; x_wconf 91' lang='lat' dir='ltr'>sui</span> <span class='ocrx_word' id='word_1_124' title='bbox 952 2673 974 2729; x_wconf 89' lang='lat' dir='ltr'>a</span> <span class='ocrx_word' id='word_1_125' title='bbox 1006 2648 1100 2730; x_wconf 87' lang='lat' dir='ltr'>Sede</span> <span class='ocrx_word' id='word_1_126' title='bbox 1132 2646 1347 2756; x_wconf 81' lang='lat' dir='ltr'>Apostolica</span> <span class='ocrx_word' id='word_1_127' title='bbox 1377 2647 1632 2756; x_wconf 78' lang='lat' dir='ltr'>requirantur,</span> 
     </span>
     <span class='ocr_line' id='line_1_15' title="bbox 232 2776 1635 2888; baseline 0.004 -32"><span class='ocrx_word' id='word_1_128' title='bbox 232 2803 456 2887; x_wconf 90' lang='lat' dir='ltr'>responsum</span> <span class='ocrx_word' id='word_1_129' title='bbox 487 2776 636 2860; x_wconf 84' lang='lat' dir='ltr'>differre</span> <span class='ocrx_word' id='word_1_130' title='bbox 666 2778 843 2888; x_wconf 88' lang='lat' dir='ltr'>proponit</span> <span class='ocrx_word' id='word_1_131' title='bbox 868 2805 990 2888; x_wconf 90' lang='lat' dir='ltr'>usque</span> <span class='ocrx_word' id='word_1_132' title='bbox 1022 2778 1072 2860; x_wconf 90' lang='lat' dir='ltr'>ad</span> <span class='ocrx_word' id='word_1_133' title='bbox 1105 2777 1268 2860; x_wconf 89' lang='lat' dir='ltr'>reditum</span> <span class='ocrx_word' id='word_1_134' title='bbox 1299 2777 1471 2888; x_wconf 87' lang='lat' dir='ltr'>magistri</span> <span class='ocrx_word' id='word_1_135' title='bbox 1498 2778 1635 2862; x_wconf 90' lang='lat' dir='ltr'>domus</span> 
     </span>
    </p>
   </div>
   <div class='ocr_carea' id='block_1_3' title="bbox 232 2909 1428 3019">
    <p class='ocr_par' dir='ltr' id='par_1_4' title="bbox 232 2909 1428 3019">
     <span class='ocr_line' id='line_1_16' title="bbox 232 2909 1428 3019; baseline 0 -29"><span class='ocrx_word' id='word_1_136' title='bbox 232 2909 573 3015; x_wconf 86' lang='lat' dir='ltr'>Theutonicorum,</span> <span class='ocrx_word' id='word_1_137' title='bbox 594 2909 682 2991; x_wconf 88' lang='lat' dir='ltr'>huic</span> <span class='ocrx_word' id='word_1_138' title='bbox 700 2919 737 2992; x_wconf 88' lang='lat' dir='ltr'>et</span> <span class='ocrx_word' id='word_1_139' title='bbox 755 2937 832 2992; x_wconf 94' lang='lat' dir='ltr'>non</span> <span class='ocrx_word' id='word_1_140' title='bbox 852 2909 916 2990; x_wconf 87' lang='lat' dir='ltr'>olii</span> <span class='ocrx_word' id='word_1_141' title='bbox 934 2911 1123 3019; x_wconf 88' lang='lat' dir='ltr'>quaedam</span> <span class='ocrx_word' id='word_1_142' title='bbox 1141 2909 1428 2992; x_wconf 88' lang='lat' dir='ltr'>commissurus.</span> 
     </span>
    </p>
   </div>
   <div class='ocr_carea' id='block_1_4' title="bbox 238 3119 1633 3316">
    <p class='ocr_par' dir='ltr' id='par_1_5' title="bbox 238 3119 1633 3316">
     <span class='ocr_line' id='line_1_17' title="bbox 312 3119 1633 3206; baseline 0.001 -22"><span class='ocrx_word' id='word_1_143' title='bbox 312 3123 432 3198; x_wconf 87' lang='lat' dir='ltr'>(lnedit</span> <span class='ocrx_word' id='word_1_144' title='bbox 447 3142 486 3186; x_wconf 85' lang='lat' dir='ltr'>ex</span> <span class='ocrx_word' id='word_1_145' title='bbox 498 3131 606 3204; x_wconf 83' lang='lat' dir='ltr'>regest.</span> <span class='ocrx_word' id='word_1_146' title='bbox 623 3125 744 3204; x_wconf 83' lang='lat' dir='ltr'>Gregor.</span> <span class='ocrx_word' id='word_1_147' title='bbox 759 3124 819 3198; x_wconf 89' lang='lat' dir='ltr'>IX,</span> <span class='ocrx_word' id='word_1_148' title='bbox 833 3142 904 3186; x_wconf 89' lang='lat' dir='ltr'>ann.</span> <span class='ocrx_word' id='word_1_149' title='bbox 921 3134 951 3206; x_wconf 81' lang='lat'>7,</span> <span class='ocrx_word' id='word_1_150' title='bbox 967 3127 1053 3204; x_wconf 84' lang='lat' dir='ltr'>epist.</span> <span class='ocrx_word' id='word_1_151' title='bbox 1068 3134 1137 3201; x_wconf 75' lang='lat'><strong>267,</strong></span> <span class='ocrx_word' id='word_1_152' title='bbox 1153 3129 1184 3186; x_wconf 91' lang='lat' dir='ltr'>in</span> <span class='ocrx_word' id='word_1_153' title='bbox 1198 3125 1267 3186; x_wconf 90' lang='lat' dir='ltr'>coll.</span> <span class='ocrx_word' id='word_1_154' title='bbox 1282 3125 1406 3206; x_wconf 79' lang='lat' dir='ltr'>Laportc</span> <span class='ocrx_word' id='word_1_155' title='bbox 1420 3121 1460 3186; x_wconf 81' lang='lat' dir='ltr'>du</span> <span class='ocrx_word' id='word_1_156' title='bbox 1477 3119 1571 3204; x_wconf 80' lang='lat' dir='ltr'>Tlm&#39;l,</span> <span class='ocrx_word' id='word_1_157' title='bbox 1586 3141 1633 3204; x_wconf 88' lang='lat' dir='ltr'>ap.</span> 
     </span>
     <span class='ocr_line' id='line_1_18' title="bbox 238 3231 1023 3316; baseline 0.004 -24"><span class='ocrx_word' id='word_1_158' title='bbox 238 3306 243 3316; x_wconf 95' lang='lat'><em>.</em></span> <span class='ocrx_word' id='word_1_159' title='bbox 351 3233 428 3295; x_wconf 89' lang='lat' dir='ltr'>Bibt.</span> <span class='ocrx_word' id='word_1_160' title='bbox 442 3250 503 3312; x_wconf 84' lang='lat' dir='ltr'>reg.</span> <span class='ocrx_word' id='word_1_161' title='bbox 519 3235 690 3308; x_wconf 69' lang='lat' dir='ltr'>Parlslcns„</span> <span class='ocrx_word' id='word_1_162' title='bbox 705 3231 754 3294; x_wconf 85' lang='lat' dir='ltr'>iol.</span> <span class='ocrx_word' id='word_1_163' title='bbox 768 3233 852 3295; x_wconf 85' lang='lat' dir='ltr'>xL11</span> <span class='ocrx_word' id='word_1_164' title='bbox 864 3239 893 3294; x_wconf 86' lang='lat' dir='ltr'>et</span> <span class='ocrx_word' id='word_1_165' title='bbox 906 3233 1023 3308; x_wconf 85' lang='lat' dir='ltr'><strong>LXVI.)</strong></span> 
     </span>
    </p>
   </div>
   <div class='ocr_carea' id='block_1_5' title="bbox 236 3419 1641 3892">
    <p class='ocr_par' dir='ltr' id='par_1_6' title="bbox 236 3419 1641 3892">
     <span class='ocr_line' id='line_1_19' title="bbox 284 3419 1639 3520; baseline 0.005 -29"><span class='ocrx_word' id='word_1_166' title='bbox 284 3419 503 3492; x_wconf 88' lang='lat' dir='ltr'>Sanctissimo</span> <span class='ocrx_word' id='word_1_167' title='bbox 521 3420 558 3492; x_wconf 91' lang='lat' dir='ltr'>in</span> <span class='ocrx_word' id='word_1_168' title='bbox 576 3419 708 3492; x_wconf 87' lang='lat' dir='ltr'>Christo</span> <span class='ocrx_word' id='word_1_169' title='bbox 730 3421 820 3515; x_wconf 88' lang='lat' dir='ltr'>patri</span> <span class='ocrx_word' id='word_1_170' title='bbox 838 3419 979 3494; x_wconf 89' lang='lat' dir='ltr'>domino</span> <span class='ocrx_word' id='word_1_171' title='bbox 996 3421 1159 3516; x_wconf 81' lang='lat' dir='ltr'>Gregorio</span> <span class='ocrx_word' id='word_1_172' title='bbox 1175 3423 1238 3496; x_wconf 92' lang='lat' dir='ltr'>Dei</span> <span class='ocrx_word' id='word_1_173' title='bbox 1256 3424 1366 3518; x_wconf 78' lang='lat' dir='ltr'>gratia</span> <span class='ocrx_word' id='word_1_174' title='bbox 1389 3445 1524 3498; x_wconf 90' lang='lat' dir='ltr'>summo</span> <span class='ocrx_word' id='word_1_175' title='bbox 1542 3445 1639 3520; x_wconf 89' lang='lat' dir='ltr'>pon-</span> 
     </span>
     <span class='ocr_line' id='line_1_20' title="bbox 236 3542 1636 3644; baseline 0.007 -31"><span class='ocrx_word' id='word_1_176' title='bbox 236 3542 339 3634; x_wconf 83' lang='lat' dir='ltr'>tifici,</span> <span class='ocrx_word' id='word_1_177' title='bbox 361 3543 552 3617; x_wconf 86' lang='lat' dir='ltr'>Fridericus</span> <span class='ocrx_word' id='word_1_178' title='bbox 570 3544 692 3618; x_wconf 85' lang='lat' dir='ltr'>cadom</span> <span class='ocrx_word' id='word_1_179' title='bbox 711 3545 821 3636; x_wconf 80' lang='lat' dir='ltr'>gratia</span> <span class='ocrx_word' id='word_1_180' title='bbox 837 3547 1068 3620; x_wconf 86' lang='lat' dir='ltr'>Romanorum</span> <span class='ocrx_word' id='word_1_181' title='bbox 1090 3547 1273 3644; x_wconf 88' lang='lat' dir='ltr'>imperator</span> <span class='ocrx_word' id='word_1_182' title='bbox 1295 3569 1428 3644; x_wconf 90' lang='lat' dir='ltr'>semper</span> <span class='ocrx_word' id='word_1_183' title='bbox 1450 3558 1636 3644; x_wconf 81' lang='lat' dir='ltr'>augustus,</span> 
     </span>
     <span class='ocr_line' id='line_1_21' title="bbox 236 3667 1638 3769; baseline 0.006 -31"><span class='ocrx_word' id='word_1_184' title='bbox 236 3667 423 3740; x_wconf 85' lang='lat' dir='ltr'>Jerusalem</span> <span class='ocrx_word' id='word_1_185' title='bbox 444 3677 478 3740; x_wconf 91' lang='lat' dir='ltr'>et</span> <span class='ocrx_word' id='word_1_186' title='bbox 495 3669 608 3769; x_wconf 68' lang='lat' dir='ltr'>Sicilie</span> <span class='ocrx_word' id='word_1_187' title='bbox 629 3691 711 3761; x_wconf 85' lang='lat' dir='ltr'>rex,</span> <span class='ocrx_word' id='word_1_188' title='bbox 732 3671 877 3742; x_wconf 86' lang='lat' dir='ltr'>salutem</span> <span class='ocrx_word' id='word_1_189' title='bbox 895 3680 930 3743; x_wconf 92' lang='lat' dir='ltr'>et</span> <span class='ocrx_word' id='word_1_190' title='bbox 946 3672 1171 3744; x_wconf 84' lang='lat' dir='ltr'>reverentiam</span> <span class='ocrx_word' id='word_1_191' title='bbox 1191 3671 1343 3746; x_wconf 86' lang='lat' dir='ltr'>filialem.</span> <span class='ocrx_word' id='word_1_192' title='bbox 1366 3673 1502 3746; x_wconf 88' lang='lat' dir='ltr'>Honore</span> <span class='ocrx_word' id='word_1_193' title='bbox 1521 3673 1638 3748; x_wconf 89' lang='lat' dir='ltr'>debito</span> 
     </span>
     <span class='ocr_line' id='line_1_22' title="bbox 237 3791 1641 3892; baseline 0.008 -30"><span class='ocrx_word' id='word_1_194' title='bbox 237 3801 271 3862; x_wconf 89' lang='lat' dir='ltr'>at</span> <span class='ocrx_word' id='word_1_195' title='bbox 289 3791 466 3866; x_wconf 83' lang='lat' dir='ltr'>affectione</span> <span class='ocrx_word' id='word_1_196' title='bbox 486 3793 619 3866; x_wconf 84' lang='lat' dir='ltr'>sincero</span> <span class='ocrx_word' id='word_1_197' title='bbox 639 3794 768 3868; x_wconf 87' lang='lat' dir='ltr'>litteras</span> <span class='ocrx_word' id='word_1_198' title='bbox 785 3805 899 3868; x_wconf 88' lang='lat' dir='ltr'>vestre</span> <span class='ocrx_word' id='word_1_199' title='bbox 917 3795 1129 3890; x_wconf 86' lang='lat' dir='ltr'>paternitatis</span> <span class='ocrx_word' id='word_1_200' title='bbox 1146 3797 1341 3892; x_wconf 86' lang='lat' dir='ltr'>accepimus</span> <span class='ocrx_word' id='word_1_201' title='bbox 1359 3807 1394 3870; x_wconf 86' lang='lat' dir='ltr'>et</span> <span class='ocrx_word' id='word_1_202' title='bbox 1409 3798 1641 3873; x_wconf 85' lang='lat' dir='ltr'>intelleximus</span> 
     </span>
    </p>
   </div>
   <div class='ocr_carea' id='block_1_6' title="bbox 278 3963 880 4151">
    <p class='ocr_par' dir='ltr' id='par_1_7' title="bbox 278 3963 880 4151">
     <span class='ocr_line' id='line_1_23' title="bbox 278 3963 880 4042; baseline 0.01 -18"><span class='ocrx_word' id='word_1_203' title='bbox 278 3963 318 4042; x_wconf 86' lang='lat' dir='ltr'>(a)</span> <span class='ocrx_word' id='word_1_204' title='bbox 340 3965 421 4026; x_wconf 76' lang='lat' dir='ltr'>Alias</span> <span class='ocrx_word' id='word_1_205' title='bbox 441 3963 475 4026; x_wconf 82' lang='lat' dir='ltr'>de</span> <span class='ocrx_word' id='word_1_206' title='bbox 495 3967 615 4028; x_wconf 83' lang='lat' dir='ltr'>Varcino</span> <span class='ocrx_word' id='word_1_207' title='bbox 628 3974 658 4029; x_wconf 87' lang='lat' dir='ltr'>et</span> <span class='ocrx_word' id='word_1_208' title='bbox 670 3967 704 4028; x_wconf 79' lang='lat' dir='ltr'>de</span> <span class='ocrx_word' id='word_1_209' title='bbox 724 3969 880 4030; x_wconf 79' lang='lat' dir='ltr'>Grmrcr‘nc.</span> 
     </span>
     <span class='ocr_line' id='line_1_24' title="bbox 281 4069 773 4151; baseline 0.014 -20"><span class='ocrx_word' id='word_1_210' title='bbox 281 4069 319 4151; x_wconf 84' lang='lat' dir='ltr'>(l)</span> <span class='ocrx_word' id='word_1_211' title='bbox 341 4074 377 4134; x_wconf 94' lang='lat' dir='ltr'>In</span> <span class='ocrx_word' id='word_1_212' title='bbox 391 4073 456 4134; x_wconf 86' lang='lat' dir='ltr'>cod.</span> <span class='ocrx_word' id='word_1_213' title='bbox 472 4075 610 4137; x_wconf 85' lang='lat' dir='ltr'>mendose</span> <span class='ocrx_word' id='word_1_214' title='bbox 627 4083 773 4138; x_wconf 77' lang='lat' dir='ltr'>uenerant.</span> 
     </span>
    </p>
   </div>
   <div class='ocr_carea' id='block_1_7' title="bbox 243 4239 352 4251">
    <p class='ocr_par' dir='ltr' id='par_1_8' title="bbox 243 4239 352 4251">
     <span class='ocr_line' id='line_1_25' title="bbox 243 4239 352 4251; baseline 0.018 -3"><span class='ocrx_word' id='word_1_215' title='bbox 243 4239 352 4251; x_wconf 74' lang='grc' dir='ltr'>,ι--..</span> 
     </span>
    </p>
   </div>
   <div class='ocr_carea' id='block_1_8' title="bbox 240 4339 1647 4616">
    <p class='ocr_par' dir='ltr' id='par_1_9' title="bbox 240 4339 1647 4616">
     <span class='ocr_line' id='line_1_26' title="bbox 286 4339 592 4399; baseline 0.013 -5"><span class='ocrx_word' id='word_1_216' title='bbox 286 4342 298 4394; x_wconf 89' lang='lat' dir='ltr'>t</span> <span class='ocrx_word' id='word_1_217' title='bbox 330 4339 370 4396; x_wconf 83' lang='lat' dir='ltr'>Gi.</span> <span class='ocrx_word' id='word_1_218' title='bbox 433 4355 463 4398; x_wconf 87' lang='lat' dir='ltr'>ra</span> <span class='ocrx_word' id='word_1_219' title='bbox 508 4343 592 4399; x_wconf 56' lang='lat' dir='ltr'>dic.</span> 
     </span>
     <span class='ocr_line' id='line_1_27' title="bbox 275 4339 1647 4518; baseline 0.013 -27"><span class='ocrx_word' id='word_1_220' title='bbox 275 4339 312 4510; x_wconf 56' lang='lat'>{23</span> <span class='ocrx_word' id='word_1_221' title='bbox 333 4457 347 4492; x_wconf 78' lang='lat' dir='ltr'>r</span> <span class='ocrx_word' id='word_1_222' title='bbox 361 4353 453 4496; x_wconf 54' lang='grc' dir='ltr'>Μῗιιξο</span> <span class='ocrx_word' id='word_1_223' title='bbox 466 4357 527 4512; x_wconf 44' lang='lat' dir='ltr'>&#39;rufini</span> <span class='ocrx_word' id='word_1_224' title='bbox 540 4439 634 4498; x_wconf 83' lang='lat' dir='ltr'>civitas</span> <span class='ocrx_word' id='word_1_225' title='bbox 646 4439 754 4498; x_wconf 86' lang='lat' dir='ltr'>Galatae</span> <span class='ocrx_word' id='word_1_226' title='bbox 768 4441 801 4498; x_wconf 88' lang='lat' dir='ltr'>ad</span> <span class='ocrx_word' id='word_1_227' title='bbox 813 4441 969 4500; x_wconf 83' lang='lat' dir='ltr'>mandatum</span> <span class='ocrx_word' id='word_1_228' title='bbox 989 4442 1058 4500; x_wconf 88' lang='lat' dir='ltr'>redit</span> <span class='ocrx_word' id='word_1_229' title='bbox 1082 4442 1249 4518; x_wconf 83' lang='lat' dir='ltr'>imperatoris</span> <span class='ocrx_word' id='word_1_230' title='bbox 1270 4449 1299 4502; x_wconf 83' lang='lat' dir='ltr'>ct</span> <span class='ocrx_word' id='word_1_231' title='bbox 1315 4443 1495 4518; x_wconf 84' lang='lat' dir='ltr'>juramentum</span> <span class='ocrx_word' id='word_1_232' title='bbox 1514 4447 1647 4509; x_wconf 81' lang='lat' dir='ltr'>fidelitatis</span> 
     </span>
     <span class='ocr_line' id='line_1_28' title="bbox 240 4532 1645 4616; baseline 0.012 -28"><span class='ocrx_word' id='word_1_233' title='bbox 240 4532 290 4590; x_wconf 89' lang='lat' dir='ltr'>sibi</span> <span class='ocrx_word' id='word_1_234' title='bbox 301 4540 421 4607; x_wconf 87' lang='lat' dir='ltr'>praestat</span> <span class='ocrx_word' id='word_1_235' title='bbox 432 4541 459 4593; x_wconf 85' lang='lat' dir='ltr'>et</span> <span class='ocrx_word' id='word_1_236' title='bbox 469 4536 590 4594; x_wconf 86' lang='lat' dir='ltr'>Conrado</span> <span class='ocrx_word' id='word_1_237' title='bbox 601 4536 656 4595; x_wconf 89' lang='lat' dir='ltr'>lilio</span> <span class='ocrx_word' id='word_1_238' title='bbox 668 4553 731 4608; x_wconf 88' lang='lat' dir='ltr'>suo;</span> <span class='ocrx_word' id='word_1_239' title='bbox 744 4538 779 4594; x_wconf 89' lang='lat' dir='ltr'>ad</span> <span class='ocrx_word' id='word_1_240' title='bbox 792 4555 872 4612; x_wconf 88' lang='lat' dir='ltr'>quam</span> <span class='ocrx_word' id='word_1_241' title='bbox 886 4541 984 4596; x_wconf 88' lang='lat' dir='ltr'>Hector</span> <span class='ocrx_word' id='word_1_242' title='bbox 992 4540 1026 4597; x_wconf 90' lang='lat' dir='ltr'>dc</span> <span class='ocrx_word' id='word_1_243' title='bbox 1039 4539 1241 4611; x_wconf 81' lang='lat' dir='ltr'>Monteluscolo,</span> <span class='ocrx_word' id='word_1_244' title='bbox 1248 4541 1408 4615; x_wconf 88' lang='lat' dir='ltr'>justitiarius</span> <span class='ocrx_word' id='word_1_245' title='bbox 1418 4545 1515 4601; x_wconf 85' lang='lat' dir='ltr'>Terrae</span> <span class='ocrx_word' id='word_1_246' title='bbox 1526 4545 1645 4616; x_wconf 86' lang='lat' dir='ltr'>Laboris,</span> 
     </span>
    </p>
   </div>
   <div class='ocr_carea' id='block_1_9' title="bbox 241 4630 1645 4800">
    <p class='ocr_par' dir='ltr' id='par_1_10' title="bbox 241 4630 1645 4800">
     <span class='ocr_line' id='line_1_29' title="bbox 241 4630 1645 4722; baseline 0.013 -38"><span class='ocrx_word' id='word_1_247' title='bbox 241 4630 379 4703; x_wconf 85' lang='lat' dir='ltr'>accedens,</span> <span class='ocrx_word' id='word_1_248' title='bbox 392 4633 469 4704; x_wconf 87' lang='lat' dir='ltr'>jussu</span> <span class='ocrx_word' id='word_1_249' title='bbox 484 4633 651 4707; x_wconf 88' lang='lat' dir='ltr'>imperatoris</span> <span class='ocrx_word' id='word_1_250' title='bbox 673 4635 787 4722; x_wconf 84' lang='lat' dir='ltr'>doenum</span> <span class='ocrx_word' id='word_1_251' title='bbox 801 4636 913 4695; x_wconf 87' lang='lat' dir='ltr'>instituit</span> <span class='ocrx_word' id='word_1_252' title='bbox 931 4637 960 4694; x_wconf 93' lang='lat' dir='ltr'>in</span> <span class='ocrx_word' id='word_1_253' title='bbox 974 4654 1006 4695; x_wconf 88' lang='lat' dir='ltr'>ea</span> <span class='ocrx_word' id='word_1_254' title='bbox 1019 4643 1047 4694; x_wconf 91' lang='lat' dir='ltr'>at</span> <span class='ocrx_word' id='word_1_255' title='bbox 1060 4638 1196 4697; x_wconf 86' lang='lat' dir='ltr'>consulatu</span> <span class='ocrx_word' id='word_1_256' title='bbox 1211 4637 1327 4714; x_wconf 79' lang='lat' dir='ltr'>privarit</span> <span class='ocrx_word' id='word_1_257' title='bbox 1340 4640 1471 4701; x_wconf 87' lang='lat' dir='ltr'>camdem.</span> <span class='ocrx_word' id='word_1_258' title='bbox 1488 4661 1502 4696; x_wconf 79' lang='lat' dir='ltr'>r</span> <span class='ocrx_word' id='word_1_259' title='bbox 1520 4643 1594 4701; x_wconf 86' lang='lat' dir='ltr'>ltrco.</span> <span class='ocrx_word' id='word_1_260' title='bbox 1608 4659 1645 4702; x_wconf 85' lang='lat' dir='ltr'>nn</span> 
     </span>
     <span class='ocr_line' id='line_1_30' title="bbox 241 4726 696 4800; baseline 0.024 -16"><span class='ocrx_word' id='word_1_261' title='bbox 241 4726 269 4784; x_wconf 89' lang='lat' dir='ltr'>S.</span> <span class='ocrx_word' id='word_1_262' title='bbox 284 4727 569 4800; x_wconf 63' lang='lat' dir='ltr'>susurracione.</span> <span class='ocrx_word' id='word_1_263' title='bbox 584 4733 618 4790; x_wconf 86' lang='lat' dir='ltr'>ad</span> <span class='ocrx_word' id='word_1_264' title='bbox 632 4749 696 4796; x_wconf 85' lang='lat' dir='ltr'>aun.</span> 
     </span>
    </p>
   </div>
   <div class='ocr_carea' id='block_1_10' title="bbox 343 4813 1493 4906">
    <p class='ocr_par' dir='ltr' id='par_1_11' title="bbox 343 4813 1493 4906">
     <span class='ocr_line' id='line_1_31' title="bbox 343 4813 1493 4906; baseline 0.013 -16"><span class='ocrx_word' id='word_1_265' title='bbox 343 4829 381 4890; x_wconf 91' lang='lat' dir='ltr'>v.</span> <span class='ocrx_word' id='word_1_266' title='bbox 1286 4813 1288 4818; x_wconf 63' lang='grc'><strong>’</strong></span> <span class='ocrx_word' id='word_1_267' title='bbox 1455 4852 1493 4906; x_wconf 82' lang='lat' dir='ltr'>se</span> 
     </span>
    </p>
   </div>
   <div class='ocr_carea' id='block_1_11' title="bbox 0 0 2159 5908">
    <p class='ocr_par' dir='ltr' id='par_1_12' title="bbox 0 0 2159 5908">
     <span class='ocr_line' id='line_1_32' title="bbox 0 0 2159 5908; baseline 0 0"><span class='ocrx_word' id='word_1_268' title='bbox 0 0 2159 5908; x_wconf 95' lang='lat' dir='ltr'> </span> 
     </span>
    </p>
   </div>
  </div>
 </body>
</html>
