4320 5918
206 573 303 634 lauros.
320 569 363 654 'l.]
663 561 858 628 HISTORIA
883 555 1175 624 DlPLOMA'l'lCll.

263 1134 495 1240 Fridericus,
516 1133 777 1218 Romanorum
804 1131 1024 1240 imperator,
1046 1129 1096 1212 ad
1119 1127 1433 1237 supplicationem
1457 1126 1622 1210 Conradi
1728 1155 1777 1244 ‘l'

207 1265 370 1376 junioris
396 1267 611 1378 landgravii
630 1265 861 1374 Thuringiae
878 1281 921 1352 ct
942 1263 1093 1347 Hearici
1119 1261 1353 1372 landgravii,
1373 1261 1523 1344 comitis
1543 1287 1623 1369 pa-

211 1399 320 1484 latini
338 1400 540 1507 Senoniae,
552 1399 681 1482 fratris
699 1397 798 1509 ejus,
808 1397 996 1508 hospitale
1014 1396 1142 1480 Sancti
1160 1394 1349 1479 Francisci
1367 1394 1407 1476 in
1426 1394 1623 1504 Marburg,

212 1561 237 1616 a
254 1533 366 1618 beata
382 1534 578 1618 Elisabeth
595 1559 729 1617 eorum
748 1557 877 1616 sorore
898 1541 1160 1616 constructum
1182 1539 1220 1613 et
1247 1529 1296 1614 ab
1320 1529 1412 1638 ipsis
1434 1529 1623 1636 dotatum,

211 1669 253 1751 in
271 1669 543 1780 protectionem
561 1694 673 1753 suam
692 1693 780 1752 cum
803 1667 983 1751 omnibus
1002 1665 1113 1750 bonis
1132 1664 1301 1773 suscipit.

294 1896 431 1992 (Editum
444 1915 494 1976 ap.
510 1901 625 1978 rann,
646 1897 810 1960 Ualerrtcdt
821 1915 877 1960 uon
887 1899 935 1959 des
948 1897 1049 1960 Hauon
1066 1895 1224 1960 recoctus
1236 1892 1459 1971 ditm-ardens,
1476 1893 1627 1956 imbuun-

334 2003 401 2066 dere
413 2004 465 2066 der
478 2003 571 2086 halley
584 2007 702 2083 Hessos,
717 2007 801 2086 chl.
816 2007 844 2082 1,
858 2015 893 2067 n·
907 2015 923 2067 '1
929 2005 950 2086 .)

263 2203 475 2298 Fridericus,
496 2207 559 2281 Dei
577 2207 688 2298 gratia
704 2206 934 2280 Romanorum
956 2205 1139 2301 imperator
1163 2223 1298 2299 semper
1315 2209 1501 2296 augustus,
1526 2203 1628 2276 Ieru-

215 2328 323 2401 salem
339 2339 375 2401 et
390 2329 506 2402 Sicilia
523 2351 600 2402 rex.
623 2331 687 2402 Per
697 2351 837 2426 presens
855 2330 1022 2425 scriptum
1034 2337 1154 2401 notum
1162 2327 1307 2402 tacimus
1315 2327 1485 2400 universis
1494 2327 1628 2422 imperii

216 2451 379 2526 fidelibus
394 2463 463 2526 tam
481 2454 700 2550 presentibus
720 2477 826 2549 quam
845 2455 969 2526 suturis
987 2453 1083 2548 quod
1097 2451 1243 2526 dilectus
1260 2453 1417 2548 princeps
1433 2461 1467 2525 ct
1483 2475 1627 2524 consan-

217 2578 366 2670 guineus
396 2588 513 2652 noster
540 2579 720 2652 Conredus
741 2579 860 2672 junior
892 2579 1122 2674 lantgravius,
1159 2580 1261 2650 trater
1285 2576 1421 2650 Henrici
1442 2575 1628 2672 Thuringie

217 2701 419 2796 lantgravii,
443 2704 594 2776 Saxonis
621 2703 755 2778 comitis
771 2703 931 2799 palatini,
952 2706 1157 2777 constitutus
1170 2703 1206 2775 in
1225 2701 1394 2798 presentia
1409 2712 1543 2793 nostra,
1564 2723 1627 2797 pro

216 2838 313 2922 parte
331 2849 395 2901 sua
413 2835 448 2902 et
462 2828 619 2922 ejusdem
636 2828 751 2902 fratris
767 2829 821 2901 sui
839 2829 1035 2904 celsitudini
1053 2838 1167 2902 nostre
1182 2825 1389 2922 supplicavit
1406 2824 1583 2897 humiliter
1595 2833 1630 2898 at

218 2950 343 3027 devote
365 2961 404 3025 ut
426 2953 596 3050 hospitale
614 2953 729 3026 Sancti
747 2953 919 3026 Francisci
944 2953 980 3024 in
1004 2954 1179 3050 Murpurg‚
1200 2950 1296 3046 quod
1310 2972 1373 3046 pro
1386 2949 1510 3022 Christi
1524 2971 1628 3023 rave-

217 3078 327 3150 rentia
342 3087 460 3151 sancte
477 3077 724 3154 recordationis
740 3081 865 3154 nobilis
880 3079 1003 3152 mulier
1012 3079 1187 3152 Elisabeth
1198 3099 1293 3150 soror
1305 3099 1424 3149 eorum
1438 3077 1631 3150 construxit

217 3211 252 3275 at
270 3201 335 3299 ipsi
349 3205 471 3278 fratres
485 3205 577 3280 idem
596 3203 765 3300 hospitale
784 3205 940 3279 debonis
958 3206 1030 3277 suis
1052 3204 1110 3300 pie
1127 3202 1246 3276 dotare
1259 3211 1443 3292 curarunt,
1464 3203 1531 3274 sub
1547 3224 1630 3298 pro·

218 3329 365 3405 tectione
382 3355 423 3406 ac
440 3333 640 3407 defensione
658 3334 766 3407 nostri
787 3331 945 3406 culminis
963 3333 1115 3428 recipere
1138 3353 1179 3404 ac
1200 3330 1401 3403 confirmare
1424 3329 1491 3402 sibi
1514 3329 1631 3403 omnia

220 3477 289 3552 qus
301 3479 394 3530 nunc
402 3460 497 3551 juste
515 3467 607 3532 tenet
625 3469 659 3533 et
677 3457 831 3556 possidet
855 3466 890 3530 et
912 3479 982 3553 que
1007 3458 1043 3529 in
1062 3467 1161 3530 antea
1173 3457 1269 3548 justo
1283 3456 1382 3528 titulo
1396 3454 1541 3551 adipisci
1561 3476 1630 3550 po-

222 3583 317 3672 terit,
344 3581 589 3677 dignaremur;
609 3579 802 3681 specialiter
824 3592 940 3656 autam
966 3603 1082 3655 aream
1102 3581 1137 3652 in
1161 3603 1230 3675 qua
1249 3579 1343 3652 idem
1359 3579 1463 3652 situm
1481 3587 1533 3652 est
1551 3579 1631 3652 hos·

222 3707 325 3803 pitala
339 3730 417 3780 cum
437 3707 582 3782 decimis
600 3718 634 3782 et
650 3709 824 3782 universis
840 3709 1063 3804 proventibus
1078 3708 1256 3781 novalium
1274 3706 1415 3778 sitorum
1434 3705 1631 3778 inserviam

222 3853 290 3926 que
307 3831 352 3906 de
366 3833 531 3930 Marpurg
548 3833 659 3908 tendit
672 3833 903 3907 Oclrirshusen
918 3842 953 3906 et
969 3855 1116 3906 acumen
1134 3831 1260 3906 montis
1271 3831 1332 3925 qui
1347 3831 1473 3904 dicitur
1487 3831 1632 3904 Cessen-

222 3956 331 4050 burg,
356 3959 558 4054 quaomnia
583 3958 716 4032 dictum
735 3957 905 4054 hospitale
928 3958 1083 4052 possidet
1105 3979 1151 4030 ex
1178 3956 1271 4029 dono
1293 3957 1446 4051 ipsorum
1468 3957 1629 4048 fratrum,

224 4079 312 4152 sicut
329 4083 365 4154 in
383 4083 583 4158 eorumdem
604 4083 788 4179 privilegio
812 4081 974 4156 diffusius
993 4091 1028 4154 et
1045 4083 1180 4177 plenius
1197 4081 1404 4154 continetur.
1431 4082 1500 4154 Nos
1516 4092 1631 4154 autem

225 4205 305 4279 dicti
324 4207 471 4280 Conradi
488 4218 522 4282 et
540 4210 677 4282 Henrici
692 4211 847 4296 fratrum,
865 4208 1068 4281 dilectorum
1088 4207 1281 4302 principum
1298 4207 1634 4301 consanguineorum

226 4339 434 4422 nostrorum,
457 4334 620 4430 precibus
639 4344 736 4428 grato
758 4343 999 4407 concurrentes
1023 4353 1184 4422 assensu,
1205 4332 1337 4405 dictum
1365 4332 1534 4428 hospitale
1552 4355 1632 4405 cum

227 4455 385 4529 omnibus
403 4457 562 4550 justitiis,
587 4459 776 4532 rationibus
795 4467 829 4532 at
847 4458 1120 4555 possessionibus
1138 4457 1211 4530 suis
1233 4478 1303 4552 qus
1327 4457 1363 4528 in
1386 4458 1633 4552 presentiarum

225 4581 314 4673 justa
330 4591 423 4654 tenet
435 4593 469 4654 et
482 4583 639 4679 possidet
650 4607 691 4660 ac
703 4585 739 4656 in
751 4593 851 4658 antea
865 4584 921 4681 pia
934 4581 1089 4656 fidelium
1103 4582 1283 4676 largitione
1292 4584 1387 4676 justo
1399 4581 1635 4676 acquisitionis

228 4705 324 4779 titulo
341 4707 465 4803 poterit
481 4708 644 4806 adipisci,
664 4732 743 4783 cum
758 4711 889 4807 prelata
905 4708 1036 4782 arcein
1052 4729 1122 4802 qua
1138 4707 1231 4780 idem
1249 4706 1354 4780 situm
1368 4715 1420 4779 est
1443 4705 1632 4802 hospitale,
