4298 5906
724 607 849 670 REGNI
870 607 1064 672 SICILIAE.

597 850 737 928 LIBER
761 852 792 945 l,
819 851 1020 926 TITULUS
1043 849 1178 924 XCIII.

568 1003 616 1075 Dc
633 1002 876 1098 opperitcnbos
894 1013 927 1076 ct
943 1023 1057 1076 corum
1073 1001 1214 1076 salerio.

235 1155 275 1227 ln
296 1153 459 1230 civilibus
485 1155 599 1230 causis
622 1154 758 1248 bajulos
772 1163 808 1231 st
826 1153 965 1247 judices
984 1154 1082 1250 regni
1106 1153 1213 1228 nostri
1231 1153 1375 1226 formam
1396 1151 1597 1245 hujusmodi

186 1281 353 1356 volumus
367 1281 552 1354 observare
572 1303 581 1350 ι
599 1279 763 1355 videlicet
779 1278 876 1375 quod
896 1278 943 1354 ad
961 1279 1161 1376 petitionem
1178 1299 1282 1374 agere
1299 1278 1446 1352 volentis
1459 1279 1598 1374 bajulus

187 1427 286 1480 reum
308 1405 464 1478 futurum
489 1404 587 1480 citari
608 1405 710 1479 faciet
732 1425 795 1502 per
819 1404 1031 1502 apparitores
1054 1425 1136 1478 suos
1161 1403 1221 1499 qui
1242 1404 1360 1497 jurent
1379 1401 1424 1478 de
1451 1405 1597 1478 veritate

189 1529 356 1622 dicenda,
377 1528 570 1625 dequibus
590 1551 699 1602 unum
715 1539 776 1603 aut
796 1529 905 1620 duos,
926 1539 995 1603 tres
1011 1539 1072 1602 aut
1095 1531 1230 1626 plures,
1249 1538 1352 1625 prout
1367 1529 1514 1623 qualitas
1532 1529 1598 1603 looi

188 1655 327 1750 exiget,
353 1653 482 1729 habere
514 1653 670 1729 debebit.
697 1653 892 1751 Apparitori
916 1662 1032 1728 autem
1058 1673 1121 1749 pro
1145 1652 1300 1748 qualibet
1325 1652 1484 1727 citatione
1511 1654 1600 1727 inira

190 1779 366 1854 civitatem
392 1791 453 1854 aut
478 1781 593 1854 locum
616 1779 774 1855 iacienda
798 1801 945 1876 granum
965 1779 1042 1853 auri
1065 1779 1111 1853 ab
1135 1787 1250 1852 actore
1273 1778 1473 1875 prebeatur;
1502 1788 1601 1852 extra

192 1905 367 1979 civitatem
392 1915 452 1980 aut
479 1926 543 2002 pro
568 1905 724 2000 quolibet
746 1905 892 1978 miliario
915 1926 1063 1998 granum
1085 1925 1196 1976 unum
1218 1903 1281 2000 (a).
1303 1903 1347 1976 Et
1369 1903 1433 1977 erit
1450 1903 1604 1999 quelibet

192 2030 308 2104 citatio
323 2030 432 2124 bajuli
445 2030 689 2128 peremptoria,
706 2029 885 2104 continens
900 2031 1084 2104 terminum
1098 2030 1188 2104 tertii
1205 2028 1276 2103 diei
1289 2029 1325 2102 in
1339 2029 1490 2122 civitate,
1505 2050 1602 2103 com·

192 2155 322 2252 putatis
344 2155 403 2229 die
417 2155 588 2228 citationis
603 2164 637 2228 et
658 2153 717 2228 die
736 2175 807 2250 quo
832 2155 905 2228 sisti
923 2155 1064 2228 debebit
1081 2155 1116 2226 in
1135 2153 1283 2246 judicio.
1304 2155 1412 2228 Extra
1430 2155 1604 2228 civitatem

194 2299 291 2372 vero,
312 2280 343 2352 si
358 2279 517 2355 citandus
532 2280 569 2353 in
586 2280 709 2355 eedem
727 2281 906 2376 provincia
925 2281 1039 2370 luerit,
1054 2281 1168 2377 quarti
1187 2289 1248 2352 aut
1260 2279 1372 2376 quinti
1385 2291 1446 2352 aut
1463 2279 1604 2355 demum

195 2406 326 2496 octavi3
354 2413 454 2478 extra
477 2405 690 2502 provinciam
707 2425 789 2479 vero
814 2405 943 2479 mensis
968 2406 1093 2495 unius,
1117 2405 1281 2502 predictis
1303 2405 1427 2480 diebus
1452 2405 1604 2478 similiter

196 2528 424 2625 computatis;
444 2529 501 2602 his
515 2549 584 2624 que
601 2551 663 2625 per
681 2551 796 2603 sacras
816 2532 923 2604 nostri
941 2531 1091 2604 nominis
1109 2531 1302 2604 sanctiones
1327 2529 1363 2601 in
1386 2529 1604 2603 citationibus

198 2674 260 2748 per
278 2653 482 2746 magistrum
495 2653 718 2746 justitiarium
741 2655 837 2729 curie
854 2663 968 2729 nostre
985 2657 1041 2730 vol
1058 2655 1263 2748 justitiarios
1281 2653 1462 2750 regionum
1484 2653 1604 2728 edixi·

199 2799 291 2867 mus,
309 2777 346 2850 in
363 2798 427 2852 suo
444 2777 570 2852 robore
587 2777 761 2853 duraturis
780 2779 845 2876 (t).

435 3091 598 3102 ο--υιιο-ιι-ο-ι-

257 3368 374 3477 §VIL
397 3368 690 3456 Constitutiones
707 3369 886 3480 speciales
904 3397 1019 3480 super
1037 3369 1228 3482 memsuis
1249 3371 1557 3480 procuratoribus
1575 3381 1613 3456 et

203 3503 397 3614 magistris
413 3503 635 3589 lundicariis
650 3514 688 3588 et
706 3529 820 3615 super
832 3503 984 3615 juribus
1002 3506 1128 3590 curiae
1145 3505 1353 3616 exigendis.

577 3748 717 3821 LIBER
747 3749 780 3840 1,
811 3749 1013 3824 TITULUS
1041 3749 1242 3823 LXXXVI.

503 3899 552 3972 Ile
571 3900 673 3996 office
691 3901 927 3994 magistrorum
942 3912 1200 3995 procuratorum
1216 3902 1320 3973 curie.

256 4047 470 4140 Fridericus,
496 4060 562 4124 etc.
588 4049 678 4124 Inter
699 4053 824 4124 multas
845 4062 880 4124 et
899 4050 1028 4124 arduas
1055 4051 1303 4125 sollicitudines
1329 4060 1462 4124 nostras
1486 4053 1615 4148 quibus

208 4172 366 4248 ordirmta
374 4173 630 4272 dispensatione
641 4175 823 4273 disponere
836 4199 942 4272 regno
956 4188 1071 4251 nostro
1084 4177 1285 4274 satagimus,
1295 4187 1489 4252 nostrarum
1500 4200 1614 4252 rerum

210 4296 378 4372 fiscalium
396 4321 534 4394 curam,
555 4323 625 4396 qne
640 4303 736 4375 velut
757 4323 813 4376 res
837 4313 951 4376 nostre
972 4302 1230 4398 quodammodo
1255 4303 1390 4399 private
1412 4313 1611 4396 censentur,

251 4471 295 4557 (a)
311 4476 450 4540 Fortasse
468 4483 601 4540 torosam
614 4493 728 4555 onom
739 4495 845 4557 nempe
857 4497 895 4541 cx
908 4480 1040 4542 locorum
1053 4480 1195 4542 distantia
1207 4481 1306 4542 salarii
1319 4481 1484 4544 dirersltes.

250 4739 289 4815 μ)
304 4740 495 4818 usupare.
509 4742 532 4815 r,
550 4741 591 4799 ut.
610 4741 733 4803 xeno
747 4742 858 4817 xcvo,
872 4761 902 4821 p.
918 4748 951 4802 ee
968 4711 1053 4802 ater.
1190 4777 1193 4784 ι
