4372 5918
501 564 540 628 12
1028 569 1383 634 cousrtrurtottns

497 702 582 796 julie
597 701 756 777 exsolute
774 701 929 796 inerunt,
954 705 1105 780 iocorum
1128 709 1269 804 prelatis
1285 709 1468 782 exsolvere
1489 707 1621 802 absque
1640 707 1735 780 omni
1760 705 1909 782 difficul-

500 836 570 900 tate
589 836 773 924 procurent
793 825 856 923 (t).
877 829 946 903 Nos
960 831 1071 923 enim,
1092 833 1153 927 qui
1171 834 1311 908 favente
1327 831 1491 921 Domino,
1509 832 1598 906 inter
1614 830 1772 906 homines
1788 837 1909 906 sumus

498 951 535 1024 in
556 953 784 1048 preeminenti
808 953 959 1029 culmine
984 957 1179 1047 constituti,
1206 967 1375 1053 quantum
1395 957 1471 1030 sine
1494 955 1621 1050 injuria
1640 965 1834 1030 nostrorum
1853 979 1908 1032 re·

496 1077 627 1170 galium
652 1099 837 1174 possumus
858 1079 1022 1172 tolerare,
1047 1083 1270 1156 ecclesiarum
1287 1084 1367 1176 jura
1389 1091 1423 1155 et
1447 1082 1625 1177 presertim
1643 1103 1761 1155 earnm
1781 1104 1852 1178 que
1869 1083 1905 1154 in

495 1224 604 1298 regno
626 1203 829 1296 consistunt,
847 1214 882 1277 et
906 1227 994 1299 qnns
1010 1207 1077 1278 sub
1094 1209 1304 1302 protectione
1324 1215 1440 1280 nostra
1455 1206 1649 1303 recepimus
1669 1215 1704 1279 et
1720 1205 1901 1296 habemus,

495 1328 532 1401 in
550 1327 645 1402 nullo
675 1327 870 1402 diminuere
892 1331 1073 1421 volumus,
1090 1331 1168 1406 sed
1194 1355 1335 1428 augere.
1354 1333 1523 1426 Snbjectis
1548 1331 1674 1405 nostris
1690 1332 1793 1406 etiem
1814 1333 1904 1406 indi·

493 1453 617 1547 cimus,
638 1462 677 1526 ut
695 1455 865 1547 decimes,
883 1477 971 1550 ques
984 1455 1030 1529 de
1043 1456 1158 1530 feudis
1176 1467 1210 1531 et
1228 1459 1329 1531 bonis
1349 1458 1422 1531 suis
1437 1467 1669 1531 antecessores
1686 1478 1806 1531 eurum
1824 1481 1903 1555 pre·

494 1579 577 1652 dicti
595 1579 688 1673 regis
702 1579 872 1654 Guiilclmi
891 1590 1044 1678 ternpore
1061 1584 1294 1678 prestiterunt,
1314 1583 1679 1676 venerabilibnslocis,
1699 1585 1828 1681 quibus
1841 1583 1902 1659 de-

491 1705 580 1778 cime
594 1705 670 1801 ipse
686 1705 869 1796 debentur,
889 1729 967 1780 cum
983 1707 1177 1804 integritate
1194 1711 1403 1805 persolvant.

955 1967 1160 2042 TITULUS
1183 1968 1285 2040 vtlt.
1312 1973 1341 2040 E
1365 1965 1436 2064 (5).

686 2147 735 2218 Dc
751 2146 844 2219 catto
854 2147 966 2243 pocr's,
987 2157 1019 2219 et
1034 2147 1183 2242 peceati
1197 2171 1281 2244 poce
1294 2149 1330 2220 in
1345 2171 1445 2242 regno
1460 2147 1622 2220 aer-condo
1640 2145 1704 2246 (ο).

1018 2349 1119 2398 tuna
1150 2348 1368 2400 tacueras·

534 2499 631 2574 Pacis
647 2501 798 2594 cultum,
816 2503 876 2596 qui
893 2503 1059 2596 ajustitia
1076 2513 1110 2576 et
1125 2525 1147 2576 a
1165 2524 1236 2598 quo
1250 2503 1386 2598 justitia
1399 2503 1521 2576 abesse
1538 2525 1608 2577 uon
1626 2483 1736 2599 potest
1749 2503 1817 2601 (b),
1838 2527 1900 2601 per

486 2610 669 2698 universas
687 2635 721 2699 et
736 2626 891 2722 singulas
907 2637 1022 2723 partes
1038 2627 1137 2722 regui
1154 2629 1262 2702 nostri
1280 2629 1490 2725 precipimus
1506 2629 1699 2720 observari;
1721 2639 1762 2702 ut
1781 2631 1899 2704 nulius

487 2752 688 2825 auctoritate
706 2752 845 2848 propria
861 2752 906 2826 de
923 2753 1057 2846 injuriis
1074 2762 1108 2826 et
1125 2753 1329 2828 excessibus
1347 2752 1483 2827 dudum
1499 2753 1616 2844 factis,
1636 2755 1695 2828 vel
1712 2755 1894 2845 iaciendis,

487 2879 523 2949 in
549 2886 723 2974 posterum
750 2899 788 2950 se
812 2877 938 2952 debeat
962 2877 1140 2951 vindicare
1166 2877 1229 2976 (c),
1251 2900 1317 2951 nec
1338 2879 1504 2975 presulias
1529 2900 1590 2953 seu
1620 2881 1822 2975 represalias
1846 2883 1898 2954 ia·

489 3023 583 3094 cere,
605 3003 662 3075 vel
688 3024 848 3096 guerram
875 3002 911 3075 in
937 3023 1044 3098 regno
1067 2997 1223 3096 movere3
1246 3003 1311 3077 sed
1332 3025 1448 3077 coram
1473 3003 1639 3098 magistro
1659 3004 1844 3096 justitiario
1863 3015 1899 3079 et

529 3179 570 3259 (α)
592 3181 628 3242 In
642 3196 748 3259 graecu
760 3187 860 3243 autem
875 3201 884 3244 τ
901 3181 968 3264 Περὶ
981 3183 1035 3242 τῶν
1051 3179 1140 3263 βίανῆ
1155 3177 1230 3266 ὕβριν
1245 3177 1428 3258 ὑπομενόντων
1451 3179 1497 3240 καὶ
1515 3178 1645 3264 repectu:
1662 3177 1896 3264 δερενδεοομίνων.

495 3311 499 3322 ’
528 3285 568 3366 (h)
591 3289 626 3348 ln
639 3287 738 3349 codice
749 3289 879 3366 puattnc
891 3292 1063 3368 simpiciter
1074 3310 1082 3349 ι
1092 3290 1179 3351 Parit
1190 3287 1301 3352 cattum
1313 3291 1364 3370 qai
1375 3307 1395 3348 ο
1400 3289 1521 3371 justitio
1533 3287 1628 3350 atae
1639 3295 1812 3369 conpetat,
1827 3305 1896 3350 cum

486 3411 546 3474 quo
559 3394 619 3456 iere
631 3397 768 3457 conv-lt
779 3412 902 3476 graecus
917 3415 926 3457 :
943 3395 1054 3472 Ἐπειδὴ
1068 3395 1099 3458 τὸ
1113 3395 1213 3459 δίκοων
1225 3399 1274 3470 τῆς
1288 3394 1392 3480 εἰρήνης
1404 3395 1443 3456 tet
1458 3395 1595 3480 θεραπεία,
1607 3395 1654 3480 ἄρ’
1665 3385 1727 3470 {cri
1742 3393 1894 3469 δικαιοσύνη

484 3501 692 3586 διαχωριαθῆναι
705 3503 735 3562 οὔ
749 3499 867 3564 δύναται.

523 3605 561 3688 (ι)
588 3609 714 3672 Sensum
726 3627 879 3690 perperam
893 3627 1016 3692 graecm
1027 3619 1143 3676 mutare
1154 3614 1282 3688 videtur,
1289 3613 1361 3676 dum
1374 3612 1451 3675 ttinrl
1462 3612 1496 3672 tc
1503 3619 1652 3694 portarem
1660 3608 1897 3690 verbosacimdic

482 3715 629 3791 adnectat,
641 3723 677 3777 ut
686 3719 820 3796 sequitur
834 3717 914 3800 ιπερὶ
923 3717 1099 3798 πταισμάτων
1112 3721 1151 3802 τῷ
1165 3718 1321 3803 παρελθόντι
1333 3721 1418 3804 καιρῷ
1431 3716 1613 3800 γεγενημένων
1626 3715 1644 3792 ἤ
1655 3719 1691 3786 εἷς
1704 3715 1735 3778 τὸ
1748 3714 1895 3802 ἔμπροσθεν

482 3820 678 3901 γενησομίνων,
691 3821 725 3882 δί’
739 3824 833 3884 ἑαυτοῦ
847 3822 1007 3898 διεκδίιιηαιν
1019 3823 1165 3906 λαμβάνειν
1180 3824 1310 3910 θαῤῥήαη.

518 4030 551 4105 (t)
569 4031 610 4088 Er
621 4031 737 4090 diversis
749 4033 849 4093 chartis
858 4052 873 4092 a
883 4035 1012 4109 Gregorio
1025 4036 1141 4094 laudatis
1154 4037 1392 4112 (Onutdcrccpro
1407 4037 1435 4094 tc
1448 4037 1537 4094 storin
1550 4035 1581 4093 di
1593 4035 1837 4109 Stcr't.‚iib.1‚cep.
1849 4035 1892 4106 tv,

482 4130 706 4204 not.2t)constat
713 4130 832 4191 decimas
840 4135 1141 4208 praelatisecclesiarum
1148 4136 1182 4194 dc
1190 4135 1338 4194 redditibus
1346 4142 1468 4195 veterum
1476 4134 1639 4194 cebemrum
1650 4139 1677 4190 et
1681 4131 1781 4207 jurium
1790 4132 1891 4203 curiae,

478 4229 550 4286 sicut
563 4231 615 4287 sub
632 4230 792 4289 Normsnnis
804 4247 864 4290 mos
874 4239 947 4306 erat,
960 4233 1061 4292 exsolvi
1074 4235 1259 4306 consuevissc3
1275 4235 1311 4294 de
1321 4234 1468 4293 redditibus
1480 4249 1545 4293 vero
1555 4249 1687 4290 ιιοοοιιιπι
1700 4237 1865 4288 startutoram
1878 4246 1894 4287 a

481 4327 615 4386 Friderico
625 4328 742 4386 secundo
752 4327 935 4403 impositorum
947 4348 1084 4406 nunquam
1095 4337 1236 4408 perceptas
1247 4332 1339 4390 inisse.
1357 4331 1499 4390 «Ecclesia
1515 4329 1686 4405 agrigentina
1701 4343 1809 4402 semper
1823 4341 1893 4383 eon-

482 4426 569 4486 suevit
584 4428 723 4502 percipere
736 4433 764 4486 et
779 4427 880 4487 hebere
897 4429 1014 4488 decimas
1031 4431 1150 4490 omnium
1164 4431 1294 4506 regalium
1308 4437 1487 4506 proventuum
1498 4435 1569 4488 torre
1581 4426 1716 4502 Agrigenti
1735 4431 1764 4484 et
1780 4425 1891 4482 aliarum

484 4530 614 4580 terrorum
633 4524 714 4582 totins
728 4540 777 4582 sue
796 4525 911 4584 diocesis
914 4567 1040 4585 ......
1060 4519 1232 4603 preterquam
1252 4528 1380 4603 regalium
1393 4534 1573 4604 proventuum
1590 4525 1625 4584 de
1643 4539 1714 4582 novo
1733 4527 1891 4580 statutorum

481 4635 532 4695 per
544 4622 678 4695 quonum
696 4621 885 4698 imperatorem
903 4624 1088 4698 creterram,
1107 4627 1229 4686 neenec
1248 4627 1367 4710 rueras,
1389 4634 1504 4696 sucre,
1524 4623 1665 4700 eguus,
1681 4620 1746 4680 sne
1765 4625 1793 4679 c
1810 4618 1890 4690 rere,

484 4719 622 4793 bardenie,
638 4721 737 4780 cambii
750 4727 778 4780 et
788 4722 893 4782 cabelle
902 4723 1058 4798 joculatorie
1071 4726 1141 4784 inter
1152 4727 1259 4786 Judcos.
1271 4747 1285 4781 a
1296 4727 1387 4786 chart.
1401 4743 1466 4786 sun.
1477 4727 1561 4798 taos,
1571 4722 1683 4782 ibidem.
