4308 5910
809 625 935 688 nvom
955 625 1141 688 statutas
1624 619 1683 682 129

270 761 354 858 ipsis
370 761 543 835 dotarium
558 760 765 834 constituam
782 762 925 856 poterit,
948 761 1034 836 dum
1049 771 1164 834 mutan
1180 767 1330 834 nastrum
1349 755 1443 831 unda
1459 757 1600 832 baronia
1623 760 1680 832 vel

269 887 450 961 eomitatus
463 907 589 962 nomen
600 885 785 982 assumpsit
802 885 867 983 (a),
887 887 924 958 iu
939 886 1110 962 dotamum
1125 885 1330 959 constituere
1346 903 1416 956 uon
1434 882 1554 980 possit.

714 1176 917 1252 TITULUS
940 1178 1038 1252 XIV.
1066 1179 1126 1248 ΞΔ
1150 1173 1240 1271 (bl).

473 1329 520 1398 lle
535 1327 721 1402 adhibendo
738 1328 950 1422 fidejussione
966 1327 1173 1400 domiaontm
1188 1347 1248 1398 seo
1264 1323 1479 1397 notationem.

711 1501 949 1552 turnasset
979 1498 1248 1550 vesuntinus

237 1717 249 1740 ρ
318 1631 356 1704 Si
380 1630 544 1706 dominus
560 1633 732 1706 vasallum
753 1654 857 1706 suum
880 1632 943 1728 qui
968 1653 1033 1728 pro
1049 1631 1150 1706 eoin
1175 1629 1342 1704 criminali
1366 1638 1400 1702 et
1422 1627 1558 1725 eapitali
1576 1647 1681 1700 eausa

270 1753 496 1849 fidejusserit,
516 1778 538 1830 a
558 1755 781 1850 fidejussione
805 1779 875 1830 non
900 1757 1119 1848 liberaverit,
1144 1757 1221 1852 ipso
1246 1757 1324 1848 jure
1349 1754 1456 1850 ipsius
1480 1753 1680 1848 homagium

271 1881 416 1956 amittat.
431 1881 469 1956 Si
483 1903 568 1956 vero
581 1883 618 1954 in
635 1881 729 1956 oivili
748 1903 851 1955 eausa
864 1881 919 1954 vel
937 1901 998 1976 pro
1017 1863 1136 1954 debito
1149 1881 1263 1975 ipsum
1278 1878 1521 1972 fidejubentem
1536 1877 1683 1950 liberare

272 2026 341 2078 nou
376 2007 568 2098 curaverit,
605 2005 653 2080 ad
684 2025 787 2079 omna
818 2003 984 2079 mutuum
1011 2003 1105 2100 quod
1138 2002 1284 2101 proinde
1320 2004 1473 2078 vasallus
1503 2002 1684 2076 incurrerit

274 2127 436 2203 domiuus
468 2139 642 2222 teneatur3
669 2127 752 2204 data
779 2128 916 2203 lioautia
940 2127 1148 2226 pignorandi
1174 2127 1332 2202 vassallis
1357 2125 1516 2200 dominos
1540 2145 1622 2200 suos
1645 2121 1682 2196 iu

273 2252 459 2328 mobilibus
482 2262 544 2328 aut
568 2252 698 2328 deinde
725 2253 762 2326 in
788 2251 1013 2347 bereditagiis
1035 2261 1072 2326 et
1097 2251 1219 2324 ultimo
1240 2251 1277 2322 iu
1298 2250 1495 2325 feudalibus
1525 2259 1560 2324 at
1580 2249 1683 2322 etiam

274 2375 450 2450 vendendi
467 2376 625 2468 mobilia,
648 2385 831 2471 postquam
851 2396 911 2470 pro
931 2373 1080 2448 dominis
1096 2374 1169 2447 suis
1189 2373 1370 2466 solverint,
1389 2383 1424 2446 et
1445 2373 1680 2467 hareditagia,

275 2509 454 2594 postquam
472 2500 520 2598 (b)
539 2523 601 2596 per
620 2522 750 2574 aunum
768 2499 871 2602 adia
888 2499 1067 2573 solutionis
1083 2507 1119 2571 et
1135 2499 1384 2595 pignorationis
1398 2520 1440 2574 ea
1454 2499 1628 2572 tenuerint
1645 2509 1685 2572 ut

273 2643 318 2696 ex
334 2623 567 2719 predictorum
582 2626 690 2721 pretio
705 2646 768 2698 sue
789 2623 1006 2698 indemnitati
1024 2621 1242 2718 provideant.
1263 2622 1428 2696 Feudalia
1447 2633 1561 2696 umen
1583 2632 1683 2720 capta

276 2747 414 2843 pignori
435 2748 590 2844 obligare
612 2770 682 2822 nou
705 2757 885 2845 potarunt,
906 2747 969 2822 sed
989 2769 1037 2820 ax
1057 2768 1177 2820 eorum
1200 2746 1370 2820 fructibus
1388 2746 1604 2820 indemnitati
1623 2769 1687 2822 sua

275 2871 430 2945 similiter
443 2874 638 2969 prospioera
656 2873 839 2946 curabunt.
858 2873 886 2946 E
905 2871 1076 2946 eontrario
1092 2871 1122 2943 si
1140 2872 1292 2944 vasallus
1310 2870 1490 2944 dominum
1508 2892 1571 2966 pro
1589 2891 1631 2944 ao
1648 2871 1685 2942 in

276 2996 444 3070 criminali
465 3019 570 3071 eausa
589 2995 835 3090 fidejubautem
860 2997 1006 3070 liberare
1031 2995 1240 3090 neglexerit,
1264 2995 1432 3091 quioquid
1455 2996 1502 3070 ab
1527 3015 1570 3068 ao
1596 3006 1688 3070 tanat

276 3121 408 3192 amittat
425 3146 434 3191 ε
454 3119 490 3192 in
510 3121 692 3216 questione
716 3144 800 3196 varo
818 3121 912 3194 eivili
935 3141 998 3193 seu
1025 3141 1089 3216 pro
1115 3119 1250 3212 debito,
1276 3119 1306 3192 si
1331 3120 1511 3195 domiuum
1537 3117 1686 3213 fidejus-

275 3265 386 3317 sorem
404 3265 505 3318 suum
523 3247 675 3320 vasallus
693 3245 933 3320 detrectaverit
950 3243 1135 3340 expedire,
1157 3241 1236 3317 data
1261 3243 1363 3339 plena
1386 3243 1524 3320 lieentia
1543 3245 1684 3320 domiuo

275 3369 494 3464 pignorandi,
513 3369 560 3444 ad
577 3391 680 3444 omna
688 3369 856 3444 damnum
870 3367 967 3465 quod
982 3369 1128 3466 proinde
1142 3368 1322 3443 incurrerit
1340 3367 1516 3465 domiuus,
1531 3373 1682 3446 vasallus

275 3495 350 3587 ojus
367 3495 501 3588 integre
517 3503 686 3570 teneatur.
901 3498 906 3507 '

726 3790 927 3866 TITULUS
950 3793 1029 3865 XV.
1058 3795 1117 3864 ΞΕ
1144 3791 1229 3886 (65).

844 3945 891 4012 lle
909 3941 1037 4014 delibata
1059 3941 1113 4038 ().

807 4118 905 4168 tos!
934 4115 1147 4166 AUGUSTU&

323 4242 508 4316 bioentiam
532 4244 719 4319 baronibus
745 4255 780 4318 at
802 4247 967 4319 militibus
985 4244 1203 4342 impartimur
1229 4263 1331 4340 posse
1357 4241 1463 4315 etiam
1482 4241 1527 4316 de
1546 4242 1684 4317 duobus

274 4366 390 4441 leodis
407 4367 577 4442 datarium
595 4371 813 4458 constituere,
830 4380 865 4444 at
880 4371 910 4444 si
928 4393 1037 4444 uuum
1054 4379 1186 4443 tautum
1205 4376 1239 4440 at
1254 4367 1438 4442 dimidium
1456 4367 1595 4462 habeat,
1613 4365 1683 4466 [di-

315 4549 356 4624 (α)
376 4549 412 4608 ln
428 4547 492 4608 eod
508 4557 586 4610 teat
600 4565 706 4610 noman
716 4549 824 4630 mepta
835 4545 881 4612 aet
890 4549 1021 4610 manmit.
1332 4593 1341 4612 .

317 4647 358 4730 (b)
378 4651 549 4734 Postquam,
564 4658 663 4716 seusul
676 4655 762 4717 valde
774 4659 988 4730 messanum
1001 4653 1139 4716 addtmus
1151 4669 1190 4714 ax
1202 4651 1268 4714 eod.
1277 4661 1355 4715 teat
1371 4659 1401 4715 at
1412 4669 1449 4715 ax
1462 4669 1579 4733 graeoo.

317 4755 356 4836 (c)
382 4759 491 4822 timaee
506 4778 514 4820 :
528 4761 571 4822 De
587 4759 692 4824 barem
703 4763 890 4824 constituente
903 4759 1050 4824 mmmm
1062 4757 1177 4820 malim
1189 4776 1268 4821 auae.

359 4866 411 4926 ¹V·
1489 4874 1524 4926 rt
