4360 5908
202 590 299 652 tuurcc
315 588 361 667 5.]
651 581 849 646 lllS'l'Olllll
873 580 1167 644 alatonarrcs.

254 1099 485 1185 Bartholdus
502 1099 718 1212 patriarcha
736 1099 1002 1212 Aquilcgensis
1024 1109 1062 1183 ct
1083 1098 1261 1183 undecim
1282 1097 1472 1210 principes
1489 1098 1619 1208 impe·
1722 1126 1752 1168 u

202 1235 267 1340 rii,
289 1235 480 1318 assidente
510 1235 701 1319 Friderioo
726 1235 988 1320 Romanorum
1015 1237 1260 1344 imperatore,
1286 1243 1473 1318 testantur
1500 1260 1541 1316 se
1572 1235 1621 1319 ab
1701 1288 1774 1319 n.

202 1366 365 1452 Henrico
382 1368 646 1453 Romanorum
673 1395 763 1480 rege
794 1368 876 1478 ejus
904 1368 983 1451 filio
1010 1368 1128 1452 fuisse
1153 1369 1355 1482 requisitos
1383 1377 1426 1452 ut
1448 1369 1623 1479 jurarent

203 1505 309 1614 quod
336 1504 368 1586 si
395 1503 631 1616 contingeret
651 1505 797 1588 dictum
822 1529 953 1615 regem
975 1513 1108 1587 contra
1134 1503 1300 1614 capitula
1317 1530 1415 1615 quas
1437 1503 1533 1613 patri
1552 1528 1621 1585 suo

200 1635 343 1748 juravit
360 1639 505 1744 venire,
527 1638 651 1722 eidem
677 1638 896 1750 imperatori
923 1639 1141 1722 assisterent
1161 1649 1200 1722 ct
1216 1666 1240 1720 a
1254 1637 1472 1748 juramento
1489 1631 1621 1720 fideli-'-
1729 1675 1734 1683 =

202 1773 292 1856 tatis
310 1800 388 1884 quo
406 1774 530 1858 eidem
547 1772 711 1858 Henrico
728 1771 955 1857 tenebantur
973 1771 1273 1858 absolverentur.

285 1959 427 2042 (Edtder.
441 1963 565 2038 Sarsss,
581 1957 821 2044 Aaffitnmcpea,
836 1979 867 2040 p.
889 1970 960 2024 aaa.
980 1995 1021 2008 -
1037 1963 1136 2035 Runa,
1153 1959 1217 2022 cut
1234 1957 1350 2041 diplom.
1364 1957 1486 2030 natet..
1502 1967 1574 2022 tom.
1589 1961 1620 2036 1,

326 2082 356 2144 p.
375 2074 450 2141 ³66,
464 2071 495 2128 et
507 2067 622 2138 ΡΜ,
637 2064 1088 2140 andstandandans
1107 2065 1159 2142 tv,
1174 2081 1205 2144 p.
1221 2063 1305 2144 aas.)

250 2226 323 2300 Nos
345 2225 552 2301 Bartholdus
575 2226 768 2322 patriarcba
789 2225 1059 2322 aquilegiensis,
1090 2223 1131 2297 G.
1158 2223 1209 2322 (a)
1233 2225 1509 2322 Salzeburgsnsis
1524 2237 1559 2300 st
1575 2227 1619 2300 Α.

203 2349 516 2445 blagdsburgensis
530 2351 798 2450 archicpiscopi,
816 2352 856 2426 E.
875 2352 1200 2447 pabembergensis,
1221 2352 1258 2424 S.
1277 2351 1534 2450 Ratisponensis
1553 2353 1623 2426 inr-

203 2475 346 2572 psrialis
363 2477 444 2550 aule
462 2477 705 2570 cancellarius,
726 2479 769 2552 H.
788 2477 1046 2574 Herbipolensis
1060 2487 1095 2550 et
1108 2477 1151 2550 H.
1165 2477 1430 2552 wormaciensis
1449 2481 1620 2578 episcopi,

204 2601 241 2674 G.
261 2602 395 2675 electus
411 2601 656 2698 Frisingsnsis,
683 2602 720 2675 C.
746 2603 855 2676 abbas
869 2603 985 2676 Sancti
1007 2601 1112 2692 Galli,
1141 2600 1185 2674 Α.
1203 2601 1279 2675 dux
1296 2603 1466 2696 Saxonis,
1489 2607 1530 2678 0.
1547 2606 1621 2679 dux

203 2726 359 2801 bleranis
376 2737 411 2800 et
425 2729 467 2800 B.
485 2725 562 2800 dux
575 2727 768 2802 Karinthia.
791 2729 924 2800 Tronus
944 2727 1132 2823 imperialis
1157 2727 1215 2798 cui
1232 2728 1327 2798 velut
1349 2727 1453 2823 capiti
1469 2729 1622 2802 membra

203 2851 469 2946 conjungimur,
489 2853 541 2926 sic
555 2853 682 2928 nostris
699 2849 828 2928 insidet
840 2852 993 2926 humeris
1009 2861 1044 2926 et
1057 2861 1171 2924 nostra
1186 2873 1353 2948 compage
1367 2849 1522 2926 firmatur
1536 2865 1574 2926 ut
1591 2864 1625 2928 et

204 2975 392 3074 imperium
413 2976 565 3073 quadam
584 2977 769 3052 excellenti
786 2978 965 3070 majestate
988 2977 1197 3073 praemineat
1212 2985 1247 3048 et
1264 2986 1379 3050 noster
1396 2978 1442 3052 ab
1458 2999 1501 3052 co
1518 2980 1624 3054 retul-

204 3111 286 3195 geat
312 3103 538 3200 principatus.
566 3103 636 3177 Nos
661 3123 801 3201 quoque
829 3101 877 3176 ad
900 3101 1083 3176 subeunda
1105 3123 1223 3174 secum
1251 3101 1492 3176 sollicitudinis
1520 3126 1625 3178 onera

204 3237 378 3322 tenemur,
398 3228 460 3324 qui
478 3227 702 3324 tranquillum
717 3237 844 3300 statum
862 3237 896 3302 et
917 3227 1071 3324 requiem
1089 3227 1184 3300 sedis
1202 3247 1265 3298 suc
1279 3225 1459 3322 diligimus
1477 3230 1572 3324 pacis
1592 3239 1626 3302 st

202 3353 344 3446 justicie
363 3351 515 3426 cultibus
537 3353 707 3428 inherere.
733 3354 798 3426 Psr
822 3353 891 3426 boc
914 3352 1032 3450 itaque
1055 3375 1196 3448 pressus
1221 3352 1388 3450 scripturn
1411 3363 1531 3426 notum
1551 3355 1625 3428 fieri

204 3477 370 3551 volumus
383 3475 560 3552 modernis
578 3487 612 3551 et
627 3478 774 3573 posteris
783 3478 955 3551 universis
967 3477 1064 3575 quod
1081 3478 1180 3550 nobis
1193 3478 1230 3550 in
1241 3478 1328 3552 Foro
1342 3479 1359 3552 J
1362 3479 1423 3550 ulii
1438 3489 1522 3575 aput
1534 3481 1624 3552 Sibi·

207 3599 331 3676 datum
352 3601 593 3676 assistentibus
617 3603 836 3676 serenissimo
866 3601 1008 3676 domino
1036 3611 1153 3676 nostro
1179 3601 1353 3676 Fridsrico
1383 3604 1538 3677 secundo
1563 3607 1624 3677 Dei

206 3725 320 3820 gratia
338 3725 457 3799 inclito
473 3727 705 3800 Rornanorum
723 3727 918 3824 imperatori
936 3749 1071 3824 semper
1089 3729 1448 3824 augustcterusatem
1464 3739 1498 3800 et
1512 3730 1624 3803 Sicilie

205 3851 299 3946 regi,
321 3849 482 3924 dominus
495 3853 662 3926 Hsnricus
675 3853 816 3925 illustris
830 3853 1061 3925 Romanorum
1073 3875 1136 3928 rex
1151 3853 1243 3926 filius
1257 3854 1333 3946 ejus
1346 3875 1412 3926 nos
1424 3875 1505 3926 cum
1518 3856 1624 3928 multa

206 3997 350 4072 precum
365 3977 532 4051 instancia
543 3978 724 4074 requisivit
734 3987 770 4051 et
785 3977 995 4074 requirendo
1009 3977 1144 4074 rogavit
1155 3987 1326 4074 quatenus
1340 4001 1455 4054 coram
1470 3979 1623 4076 predicto

209 4099 352 4174 domino
368 4101 574 4198 imperatore
591 4103 747 4196 genitore
761 4125 825 4176 suc
838 4103 1046 4178 mediatores
1059 4125 1213 4178 essemus
1231 4125 1294 4199 pro
1311 4125 1365 4198 so,
1383 4113 1419 4177 et
1427 4105 1624 4198 juraremus

208 4225 308 4321 qnod
328 4227 359 4300 si
372 4227 585 4323 contingeret
601 4225 733 4302 dictum
751 4249 868 4324 regern
886 4249 956 4302 non
973 4237 1090 4303 tenere
1101 4251 1381 4304 necconservare
1392 4231 1543 4327 capitula
1555 4255 1625 4327 que

210 4351 305 4426 dicto
323 4352 467 4426 domino
482 4353 678 4450 imperatori
696 4354 784 4451 patri
801 4375 867 4428 suo
887 4354 1018 4448 jurarit
1042 4363 1077 4428 et
1101 4353 1172 4429 fids
1196 4355 1276 4429 data
1298 4355 1454 4452 promisit
1472 4355 1544 4453 (l),
1566 4379 1624 4430 sa-

254 4501 298 4586 (a)
318 4505 385 4581 Slc;
401 4506 558 4586 legendum
575 4522 646 4568 vero
659 4506 696 4568 n.

248 4739 287 4815 (t)
305 4741 424 4802 Aderant
434 4742 469 4802 da
482 4741 694 4816 bocjurarusuto
705 4743 771 4802 item
782 4749 810 4802 et
823 4744 857 4804 ds
870 4745 1048 4820 promissione
1061 4746 1116 4807 duo
1128 4747 1304 4806 iustrumenta
1315 4746 1394 4806 bodie
1405 4747 1556 4822 deperdita,
1569 4747 1624 4805 sci·
