4308 5910
482 608 524 669 84
1011 606 1370 670 cortsrrrurlottus

484 743 587 816 cerali
617 741 774 816 custodia
795 743 989 840 specialiter
1012 753 1048 816 et
1071 743 1262 840 expressim
1285 743 1431 818 detineri
1455 744 1662 820 mandamus
1686 774 1695 818 :
1718 749 1774 821 vel
1793 750 1896 842 justi·

482 872 666 945 ciariorum
696 881 889 946 nostrorum
917 873 1043 968 aliquis
1068 872 1135 948 boo
1159 873 1334 970 injungat,
1359 895 1439 948 cum
1465 875 1523 948 vel
1548 897 1694 970 persone
1717 875 1841 950 levitas
1861 888 1897 952 et

483 995 678 1068 immanitas
696 994 850 1070 criminis
867 996 961 1071 istud
980 998 1148 1092 exegerit,
1169 998 1265 1093 quod
1283 1007 1402 1072 contra
1423 999 1569 1072 salutem
1586 1010 1735 1074 nostram
1760 1001 1895 1096 aliquid

482 1128 667 1192 attentasse
694 1119 842 1194 dicatur.
872 1119 1031 1204 Quodsi
1059 1119 1299 1214 bdejussomm
1328 1123 1596 1196 committeretur
1620 1123 1797 1216 custodie,
1825 1146 1894 1199 non

483 1245 567 1316 tanti
593 1243 735 1316 baberet
761 1242 980 1336 fidejussores
1010 1245 1204 1340 relinquere
1229 1269 1319 1343 pene
1348 1247 1470 1342 quanti
1497 1245 1593 1342 quod
1621 1270 1685 1343 pro
1712 1250 1894 1324 commisso

480 1366 633 1440 facinore
649 1387 774 1460 penam
797 1366 950 1442 debitam
968 1379 1084 1465 posset
1104 1370 1253 1445 evadere
1279 1378 1341 1444 aut
1365 1391 1433 1444 non
1462 1370 1682 1444 commissum
1706 1373 1893 1467 aliquando

480 1489 734 1584 lacinus,quod
747 1500 837 1564 esset
848 1492 1021 1578 acerbius,
1032 1503 1305 1584 consummaret;
1324 1495 1397 1586 [vel
1407 1493 1473 1566 nisi
1484 1495 1571 1568 levis
1581 1497 1850 1570 conversationis
1858 1508 1893 1571 et

478 1613 551 1686 vite
566 1634 627 1709 per
641 1615 816 1709 publicam
829 1617 958 1690 lamam
976 1617 1031 1690 vel
1045 1617 1286 1713 inquisitiones
1300 1618 1345 1692 de
1358 1619 1409 1692 eis
1421 1619 1608 1713 aliquando
1622 1620 1728 1694 lactas
1741 1622 1891 1695 accusati

478 1739 564 1812 sorte
580 1739 758 1812 extiterint
771 1750 832 1814 ant
845 1741 966 1832 delati,
980 1743 1240 1840 autaliquando
1254 1745 1350 1840 quod
1363 1744 1418 1817 sui
1430 1744 1565 1841 copiam
1574 1744 1699 1838 judicii
1709 1745 1890 1820 subtraxe-

476 1861 546 1934 rint
569 1863 785 1958 lorbanuiti].
808 1865 974 1940 Prodictis
1001 1877 1115 1942 autem
1146 1869 1377 1960 cessantibus,
1407 1869 1452 1944 de
1478 1869 1628 1964 regulari
1656 1877 1691 1942 et
1716 1871 1889 1943 communi

474 1987 554 2079 jure
577 1987 824 2062 sufficientium
840 1988 1081 2084 fidejussorum
1102 1991 1185 2068 fidei
1203 1993 1370 2068 committi
1393 1993 1612 2068 decernimus
1632 2003 1832 2083 accusatos,
1851 2004 1889 2066 ut

477 2132 548 2183 non
572 2112 828 2186 incarcerantur
859 2127 1040 2212 propterea
1065 2117 1160 2210 quod
1189 2117 1341 2190 accusati
1371 2127 1453 2191 sunt
1484 2127 1617 2191 tantum
1640 2119 1701 2212 qui
1734 2117 1771 2190 in
1796 2119 1890 2190 nullo

479 2237 618 2310 forsitan
635 2236 868 2332 deliquerunt,
882 2248 916 2312 et
932 2239 1132 2314 incarcerati
1145 2241 1249 2314 etiam
1264 2241 1324 2336 qui
1343 2241 1619 2314 incarcerationis
1632 2251 1786 2338 tempore
1805 2241 1889 2315 fide-

472 2360 625 2452 jussores
647 2360 791 2435 idoneos
808 2360 891 2436 dare
908 2385 977 2436 non
997 2373 1172 2460 poterent,
1193 2364 1284 2438 datis
1299 2363 1562 2456 fidejussoribus
1580 2365 1779 2438 liberentur.
1800 2366 1887 2439 Con-

476 2483 631 2578 tingebat
648 2486 740 2558 enim
757 2487 943 2582 aliquando
968 2488 1064 2582 quod
1085 2489 1131 2562 ob
1154 2489 1311 2560 timorem
1331 2490 1477 2562 carceris
1499 2489 1652 2562 accusati
1668 2489 1772 2562 etiam
1789 2490 1888 2563 inuo-

477 2618 595 2680 centes
611 2630 649 2682 se
663 2631 683 2682 a
695 2609 838 2702 judiciis
852 2611 1113 2699 subtrahebant,
1128 2623 1260 2708 etpeue
1270 2613 1465 2685 nocentium
1480 2613 1541 2708 qui
1557 2615 1718 2686 carcerali
1731 2614 1888 2688 custodia

477 2731 695 2824 tenebantur,
718 2733 967 2808 differebantur
989 2735 1182 2826 interdum,
1203 2737 1287 2810 dum
1312 2757 1453 2810 causam
1470 2758 1517 2810 ex
1534 2737 1682 2810 vinculis
1700 2759 1769 2810 uon
1791 2737 1887 2812 dice·

473 2855 570 2928 baut.
591 2856 817 2952 Contingebat
835 2859 901 2932 hoc
919 2881 1001 2956 sepe
1018 2869 1159 2956 propter
1176 2871 1412 2934 accusatorum
1433 2859 1643 2954 absentiam,
1660 2862 1721 2956 qui
1742 2862 1789 2936 ad
1809 2864 1887 2938 vic·

474 2979 593 3052 teriam
620 2979 688 3052 sibi
720 2979 862 3055 abunde
892 2983 1049 3057 sufficere
1083 2983 1229 3056 credunt
1256 2984 1351 3078 quod
1387 2982 1606 3056 adversarios
1638 3006 1721 3058 snos
1756 2987 1887 3058 faciunt

474 3103 601 3176 carceri
620 3104 823 3200 mancipari.
840 3105 930 3179 lllud
946 3107 1048 3180 etiam
1067 3107 1217 3204 presenti
1231 3107 1453 3202 adjungimus
1466 3107 1634 3180 sanctioni
1649 3118 1688 3179 ut
1701 3107 1730 3178 si
1743 3107 1884 3204 quando

473 3236 653 3300 accusatus
681 3229 738 3300 rel
765 3229 898 3303 delatus
928 3241 1110 3328 propterea
1137 3233 1334 3305 incarcere
1362 3240 1519 3304 teneatur
1542 3231 1638 3326 quod
1666 3229 1885 3324 fidejussores

474 3348 558 3424 dare
576 3371 643 3423 noo
669 3352 776 3446 possit
795 3363 830 3426 et
856 3375 894 3428 ss
920 3354 1108 3430 defendere
1124 3355 1168 3428 sit
1188 3365 1344 3452 paratus,
1364 3354 1512 3456 [solutus
1525 3355 1674 3428 vinculis
1693 3355 1728 3426 iu
1749 3355 1885 3449 judicio

473 3485 687 3570 presentatur
707 3497 752 3550 ne
773 3499 818 3549 ex
841 3478 992 3552 vinculis
1012 3501 1152 3553 causam
1176 3480 1288 3569 dicat,
1307 3489 1342 3553 et
1366 3478 1494 3554 deinde
1516 3488 1594 3576 post
1613 3479 1810 3552 instantiam
1826 3501 1883 3552 so·

471 3599 535 3672 luti
545 3599 670 3692 judicii
684 3599 731 3674 ad
746 3581 885 3675 vincula
899 3599 1122 3700 deducatur].
1139 3603 1363 3678 Accusatores
1376 3603 1541 3678 instanter
1554 3603 1805 3676 accusationem
1820 3625 1882 3678 vo·

470 3723 586 3796 lumus
600 3725 759 3819 prosequi
776 3725 978 3800 institutam.
996 3728 1110 3823 Aqua
1128 3730 1157 3802 si
1173 3732 1259 3802 sorte
1271 3729 1307 3801 in
1330 3728 1450 3803 odium
1469 3727 1669 3800 incarcerati
1690 3726 1883 3802 destiterint

471 3857 511 3918 ut
536 3849 708 3944 supplicio
735 3851 880 3924 carceris
909 3853 1100 3948 affligatur,
1129 3853 1327 3927 desistentis
1353 3875 1476 3950 penam
1511 3851 1636 3924 nostris
1669 3853 1881 3926 constitutio·

471 3969 575 4042 nibus
605 3971 788 4046 stabilitam
821 3975 916 4070 ipsos
948 3975 1166 4050 decernimus
1196 3977 1376 4050 sustinere.
1411 3976 1670 4068 [Custodiantur
1699 3985 1815 4049 autem
1845 3977 1881 4049 in

470 4095 566 4167 curia
577 4095 763 4187 justiciarii
777 4099 976 4174 incarcerati
993 4101 1059 4174 sub
1076 4102 1241 4199 expensis
1257 4101 1331 4174 suis
1343 4101 1399 4174 uel
1413 4101 1442 4173 si
1459 4101 1604 4172 nimium
1618 4121 1784 4195 pauperes
1797 4099 1878 4190 siut,

467 4219 535 4293 sub
552 4221 715 4316 expensis
733 4225 840 4298 curie.
861 4226 899 4297 lu
917 4236 1062 4322 utroque
1076 4249 1159 4300 casu
1178 4225 1320 4300 cuilibet
1337 4225 1470 4299 custodi
1487 4247 1549 4323 per
1568 4225 1661 4298 diem
1677 4225 1755 4296 Xlll
1773 4246 1881 4320 granu

467 4343 660 4418 secundum
683 4347 840 4421 assisiam
862 4351 957 4424 curie
977 4351 1184 4443 tribuantur,
1206 4360 1246 4423 ut
1267 4373 1328 4446 pro
1349 4351 1564 4447 captivorum
1585 4348 1765 4439 custodiis,
1791 4347 1880 4422 siout

469 4469 655 4562 hactenus,
671 4471 828 4546 homines
853 4495 923 4547 non
940 4479 1155 4568 graventur}
1179 4476 1308 4548 Eorum
1330 4483 1444 4547 tamen
1468 4471 1590 4547 causas
1615 4494 1704 4568 quos
1726 4472 1773 4546 de
1796 4493 1879 4546 con·

468 4633 594 4710 pressim
614 4634 796 4718 injucpimar
817 4633 887 4714 [rel]
904 4635 956 4697 abi
967 4645 1131 4698 cortromm
1145 4639 1378 4720 justitiariorum
1398 4635 1504 4722 aliquit
1521 4636 1573 4700 boc
1591 4638 1744 4719 injaoqat,
1758 4653 1824 4698 mm
1835 4634 1881 4699 vet

468 4757 605 4818 peronae
611 4787 622 4820 ,
637 4745 701 4822 stc.)
717 4743 834 4826 pronde
846 4751 948 4806 contra
960 4743 1084 4810 sulutem
1096 4753 1227 4810 metram
1239 4745 1354 4829 aliquid
1363 4753 1541 4810 attentatum
1553 4764 1610 4808 csse
1622 4743 1748 4808 dicatur.
