4360 5908
286 633 384 694 lrmcr.
398 633 447 712 5.]
737 633 935 696 HISTORIA
961 633 1254 698 ult’tolltlllclt.
1640 636 1701 698 aot

285 769 428 842 sterium
446 769 689 865 imperaturum
709 769 945 846 munificentia
965 782 1001 844 et
1017 793 1139 865 regum
1164 770 1312 843 ditatum
1334 769 1461 845 debeat
1483 771 1608 864 subjici
1630 794 1697 846 cu*

282 895 446 988 jusquam
476 892 651 989 potestati,
685 914 749 970 uos
769 892 931 968 divorum
954 895 1197 992 imperatorum
1219 903 1346 968 statuta
1369 904 1554 990 sequentes
1576 895 1696 970 decer-

287 1018 400 1090 uimus
422 1027 461 1090 ut
478 1017 595 1090 nullus
615 1017 800 1114 imperator
825 1029 886 1094 aut
904 1020 1002 1112 dux,
1024 1021 1178 1099 marchio
1201 1021 1257 1093 uel
1282 1042 1398 1094 comes
1426 1030 1487 1092 aut
1504 1021 1697 1095 vicecomes

286 1151 461 1239 presumat
483 1143 587 1216 alicui
604 1145 801 1216 mortalium
815 1143 861 1218 de
883 1145 927 1218 iis
943 1146 1220 1241 possessionibus
1241 1167 1329 1240 quas
1352 1145 1614 1241 supradiximus
1630 1145 1699 1220 ali-

284 1267 372 1362 quid
390 1265 521 1340 donare
534 1268 590 1341 rel
610 1268 646 1340 in
667 1267 833 1342 beneficio
857 1271 1068 1364 concedere,
1092 1293 1158 1344 nco
1181 1270 1289 1343 alicui
1312 1269 1619 1367 archiepiscopatui
1641 1271 1697 1343 vsl

285 1391 498 1488 episcopatui
517 1391 612 1466 idom
635 1393 880 1466 monasterium
903 1395 1064 1468 subiciat.
1091 1395 1153 1468 Cui
1176 1395 1280 1468 etium
1303 1392 1527 1467 consedimus
1549 1401 1589 1466 ut
1613 1393 1699 1466 nulli

280 1517 441 1607 civitati,
457 1519 543 1591 nulli
559 1519 752 1611 communi,
771 1519 855 1592 nulli
873 1521 1078 1614 persouedc
1094 1517 1194 1594 fodro
1206 1519 1375 1615 imperiali
1392 1517 1613 1614 respoudeat,
1628 1516 1697 1592 nisi

286 1642 387 1716 uobis
412 1643 467 1716 vel
494 1653 588 1717 certo
610 1644 733 1717 nuntio
754 1654 882 1718 nostro.
905 1645 948 1718 Ut
963 1646 1070 1741 igitur
1086 1646 1152 1720 hoo
1174 1655 1288 1718 nostre
1308 1643 1537 1718 concessionis
1558 1651 1593 1718 ct
1614 1664 1696 1718 oon·

285 1767 486 1842 firmationis
509 1768 684 1842 indultum
697 1791 797 1842 suum
814 1770 850 1842 iu
865 1781 1072 1866 perpetuum
1090 1771 1284 1844 firmitatem
1306 1770 1478 1858 obtineat,
1502 1779 1695 1865 presentem

285 1893 369 1966 iude
383 1894 545 1990 pagiuam
566 1894 737 1968 conscribi
752 1895 923 1988 jussimus
938 1905 973 1968 et
989 1896 1094 1990 sigilli
1111 1895 1219 1969 nostri
1236 1895 1459 1990 impressione
1474 1894 1691 1968 communiri.

286 2019 389 2112 Cujus
411 2019 649 2092 auctoritatam
674 2020 806 2115 siquis
832 2043 920 2095 ausu
946 2021 1128 2095 temerario
1152 2041 1371 2116 corrumpere
1399 2019 1645 2115 presumpserit
1660 2027 1697 2092 et

285 2144 419 2240 aliquid
438 2144 484 2218 de
498 2144 544 2218 iis
560 2165 631 2239 qus
646 2145 814 2241 premissa
826 2156 909 2220 sunt
928 2146 1131 2239 infringere,
1153 2154 1293 2218 neutum
1310 2144 1416 2216 libras
1429 2143 1504 2216 auri
1523 2165 1585 2239 pru
1607 2160 1695 2238 pena

285 2279 485 2366 componat;
506 2292 654 2365 quarum
671 2271 836 2346 medietas
850 2271 1017 2368 imperiali
1036 2291 1171 2344 camere
1186 2279 1220 2344 et
1236 2269 1366 2364 reliqua
1381 2267 1549 2342 medietas
1570 2288 1694 2342 mona·

284 2395 386 2468 sterio
405 2395 533 2488 injuria
551 2395 624 2470 leso
647 2397 874 2492 persolvatur.
895 2397 1006 2489 Hujus
1023 2395 1074 2469 rei
1094 2404 1199 2470 testes
1219 2404 1301 2468 suut
1322 2421 1333 2466 r
1351 2393 1528 2468 Comedus
1545 2395 1698 2488 Magou-

285 2521 355 2592 tins
371 2521 466 2594 sedis
484 2521 775 2618 archiepiscopus,
797 2521 1002 2618 liudolphus
1019 2521 1240 2596 Trevereusis
1258 2521 1387 2594 electus
1404 2518 1693 2615 archiepiscopus,

285 2644 478 2720 Willelmus
497 2645 650 2720 detensis
671 2647 876 2744 episcopus,
898 2647 1012 2721 Wallo
1036 2647 1274 2743 Pergameusis
1296 2649 1496 2742 episcopus,
1519 2643 1698 2718 Conradus

284 2770 485 2844 Lubiceusia
503 2773 650 2864 electus,
671 2771 881 2868 liudulphus
900 2773 1087 2870 imperialis
1109 2774 1189 2846 aule
1208 2769 1499 2868 prothonotarius,
1521 2767 1699 2842 conradus

284 2895 360 2967 dux
387 2895 533 2992 Spoleti,
556 2917 676 2972 comcs
701 2897 876 2972 Debuldus
897 2898 942 2972 ds
964 2895 1268 2994 Lechsgemuuda‚
1295 2917 1411 2970 comos
1432 2893 1629 2970 Gerhardus
1652 2893 1698 2968 de

284 3020 372 3110 lou,
393 3041 509 3094 comes
525 3022 656 3118 Symou
674 3022 718 3096 de
734 3026 928 3120 Spauaym‚
949 3023 1145 3096 Guerusrus
1162 3021 1208 3095 ds
1221 3022 1386 3113 doulam,
1411 3021 1481 3094 Leo
1502 3019 1548 3093 ds
1573 3019 1696 3094 Mcuu·

283 3154 399 3218 meuto
413 3147 586 3240 prefectus
599 3147 710 3220 urbia.

331 3270 476 3363 Signum
494 3271 626 3345 domiui
641 3271 805 3346 Fridsrici
820 3273 1051 3347 Romanorum
1071 3271 1285 3370 imperatoris
1301 3270 1529 3346 invictissimi.

331 3389 406 3487 ligo
425 3393 647 3469 Gotholridus
662 3397 850 3493 imperialis
868 3399 949 3471 auls
966 3397 1209 3490 cancellarius,
1229 3396 1306 3469 vice
1322 3394 1471 3492 Philippi
1484 3393 1697 3469 coloniensis

282 3517 532 3615 archiepiscopi
549 3527 585 3593 et
600 3521 696 3594 Italic
710 3521 1014 3615 archicancellarii,
1032 3523 1229 3618 recognovi.
1330 3563 1332 3571 ·

330 3640 505 3717 Actosunt
514 3643 580 3718 hec
592 3665 684 3719 anno
693 3645 868 3722 dominice
879 3648 1124 3722 incarnationis
1137 3647 1317 3720 millesimo
1329 3645 1515 3734 centesimo
1526 3643 1693 3734 LXXXV,

286 3764 475 3842 indictione
492 3769 605 3860 tertia
624 3781 791 3864 regnante
811 3771 952 3846 dominc
968 3771 1142 3846 Fridcrioo
1153 3773 1384 3846 Romanorum
1403 3768 1696 3864 imparatoreglo-

284 3890 488 3985 nouissimo,
501 3915 592 3967 anno
602 3895 698 3990 regui
709 3899 785 3988 ojus
793 3897 949 3988 ΧΧΧΙΙΙ,
960 3897 1187 3993 imperiivsro
1198 3898 1274 3990 ejus
1284 3894 1407 3968 xxxi.
1422 3894 1547 3966 Datum
1561 3892 1692 3987 Laude,

282 4014 357 4088 xvl
373 4016 542 4092 kalendas
559 4019 735 4113 februarii,
752 4020 906 4094 feliciter.
925 4021 1049 4094 Amen.

328 4140 397 4213 Nos
415 4141 522 4236 igitur
543 4142 687 4239 predicti
710 4144 845 4219 abbatis
865 4145 933 4241 piis
955 4143 1266 4242 supplicationibus
1287 4142 1457 4235 inclinati,
1478 4140 1693 4216 attendentes

282 4261 385 4338 fidem
404 4275 439 4339 et
457 4265 677 4342 devotionem
701 4269 809 4365 ipsius
832 4292 965 4345 necnon
990 4281 1090 4366 gratu
1111 4271 1253 4344 servitia
1277 4291 1346 4366 que
1364 4269 1464 4343 nobis
1491 4277 1526 4341 et
1547 4267 1693 4364 imperio

281 4389 426 4482 prestitit
438 4399 472 4462 et
487 4393 635 4485 gratiora
652 4406 805 4490 prestare
822 4396 944 4492 poterit
961 4397 997 4467 in
1015 4397 1182 4484 futurum,
1200 4394 1392 4491 predictum
1410 4392 1631 4490 privilegium
1646 4390 1692 4465 de

280 4513 387 4586 umbo
404 4515 451 4588 ad
471 4517 617 4589 verbum
635 4519 716 4592 huic
733 4535 849 4595 nostro
866 4521 1048 4618 privilegio
1066 4523 1170 4594 inseri
1191 4531 1226 4593 et
1247 4519 1405 4592 innovari
1429 4517 1688 4608 mandavimus,

280 4659 322 4710 ea
345 4640 462 4712 omnia
485 4661 555 4736 quc
577 4642 612 4714 in
638 4643 714 4738 ipso
738 4645 919 4741 privilegio
942 4645 1159 4718 continentur
1184 4646 1316 4741 prelato
1333 4643 1540 4717 monasterio
1566 4644 1689 4715 Sancte

281 4761 447 4837 Christius
477 4766 513 4838 iu
543 4779 749 4866 perpetuum
777 4769 1031 4844 confirmantes.
1056 4772 1106 4844 De
1135 4769 1378 4846 abundantiori
1407 4789 1547 4866 quoque
1576 4766 1689 4862 gratia
