4308 5910
780 616 905 677 araur
927 615 1120 700 svcrnrpn.
1592 617 1650 680 rte

235 750 380 825 militem
402 752 581 826 nobilioris
597 751 729 849 gradus
752 751 934 825 verberare
957 753 1150 826 tentaverit.
1172 752 1329 825 Ceterum
1347 751 1377 822 si
1395 771 1485 845 eque
1501 752 1651 828 nobilem

234 873 419 950 verberare
436 877 636 969 tentaverit,
662 875 792 950 bonnm
811 875 934 950 militie
957 876 1072 972 ipsum
1094 877 1131 948 in
1159 885 1362 974 perpetuum
1388 877 1550 950 volumus
1575 899 1651 952 esse

234 1001 429 1093 privatum,
451 1011 487 1076 et
499 1011 539 1075 ut
552 1001 720 1075 nobilium
738 1000 882 1093 iudiciis
896 1021 966 1073 non
987 1001 1122 1075 intersit
1138 1001 1283 1096 etquod
1298 1022 1505 1097 perannum
1524 999 1650 1076 debeat

233 1145 311 1198 esse
333 1134 434 1200 extra
452 1147 612 1222 regnum.
627 1125 664 1199 Si
679 1146 764 1200 vero
788 1125 906 1200 minus
931 1125 1084 1200 nobilem
1104 1127 1285 1200 verberare
1307 1123 1506 1214 tentaverit,
1526 1127 1649 1201 eadem

234 1269 325 1341 pena
360 1249 579 1344 [privationis
608 1249 730 1324 militie
756 1257 792 1324 et
810 1249 1026 1342 judiciorum
1051 1251 1196 1342 scilicet]
1229 1259 1396 1324 teneatur.
1425 1251 1562 1346 Equum
1597 1261 1649 1325 est

233 1373 426 1456 enimcum
449 1375 570 1448 militie
586 1374 711 1449 decore
731 1375 860 1472 privari
879 1374 942 1470 qui
963 1375 1137 1466 militiam,
1160 1374 1339 1469 dignitatis
1361 1373 1548 1466 cujuslibet
1567 1377 1648 1448 lun·

233 1497 454 1588 domomum,
481 1499 650 1595 pudicitie
671 1499 808 1574 nescius
831 1509 867 1572 et
886 1499 1030 1596 pudoris
1051 1499 1194 1596 ignarus
1219 1497 1426 1572 dedecorare
1448 1501 1644 1574 tentaverit.

230 1621 391 1716 Denique
407 1623 439 1694 si
452 1623 551 1696 miles
569 1624 712 1698 militem
733 1623 987 1718 verberaverit,
1011 1634 1109 1699 extra
1130 1646 1275 1719 regnum
1296 1623 1408 1720 spatio
1425 1625 1540 1700 annali
1564 1647 1646 1722 pro·

230 1745 400 1841 scriptum
433 1747 577 1840 injurias
604 1749 807 1824 inferentem
842 1771 1015 1822 armorum
1048 1758 1082 1822 et
1114 1770 1280 1844 equorum
1318 1768 1459 1820 suorum
1491 1749 1647 1822 omnium

229 1870 419 1946 amissione
436 1872 675 1946 mulctandum
699 1895 775 1948 esse
796 1873 973 1966 jubemus.
999 1873 1173 1965 [Ceterum
1195 1873 1225 1945 si
1251 1872 1459 1966 burgensem
1483 1881 1544 1944 aut
1568 1895 1646 1946 rus·

229 1994 358 2084 ticum,
377 1995 439 2090 qui
453 1997 605 2070 vasallus
619 2018 704 2070 suus
718 2017 788 2070 non
806 1996 869 2089 sit,
890 1997 1123 2072 verberaverit
1138 1995 1258 2085 miles,
1274 1994 1498 2069 consideratis
1515 2018 1537 2070 a
1547 1997 1645 2090 judi·

135 2171 136 2175 κ
227 2119 331 2192 cibus
360 2119 508 2217 singulis
538 2144 609 2218 que
635 2121 672 2194 in
700 2121 916 2196 estimatione
936 2121 1141 2214 injuriarum
1172 2119 1423 2196 consideranda
1454 2143 1531 2196 esee
1561 2145 1644 2218 pre*

228 2244 401 2337 diximus,
426 2247 603 2321 taxatione
622 2247 753 2342 judicis
776 2255 812 2320 et
838 2257 1051 2322 sacramento
1076 2246 1235 2340 injuriam
1255 2247 1346 2342 passi
1365 2247 1640 2342 precedentibus,

226 2391 292 2468 pru
307 2370 472 2466 qualitate
485 2371 612 2464 injurie
626 2394 725 2446 reum
741 2371 959 2469 puniendum
979 2393 1056 2446 esse
1071 2374 1283 2463 censemus]

716 2650 919 2724 TlTULUS
942 2649 1058 2723 LXIV
1082 2647 1097 2746 (
1121 2649 1149 2747 ).

592 2831 641 2900 lle
657 2829 824 2926 probabili
837 2829 1045 2925 reperiendo
1063 2827 1273 2900 medicorum.

774 3031 856 3080 m
885 3029 1091 3080 uouemus·

272 3182 439 3280 Quisquis
457 3183 584 3260 amodo
606 3185 737 3260 mederi
761 3185 929 3274 voluerit,
956 3185 1161 3258 officialibus
1188 3181 1316 3257 nostris
1339 3191 1374 3256 et
1394 3177 1573 3273 judicibus
1599 3201 1637 3253 se
1731 3173 1736 3192 '

225 3317 417 3404 presentet,
439 3329 559 3383 eorum
575 3308 979 3406 discutiendus-judici03
998 3307 1094 3404 quod
1116 3308 1147 3382 si
1164 3329 1229 3382 sua
1248 3306 1439 3381 tomeritate
1456 3326 1638 3401 presump-

222 3431 331 3521 serit,
357 3433 486 3507 oaroeri
513 3435 779 3531 constringatur,
808 3435 909 3510 bonis
933 3436 1005 3508 suis
1029 3433 1191 3508 omnibus
1215 3430 1413 3529 publicatis.
1442 3431 1514 3504 lloo
1543 3429 1637 3502 enim

222 3565 443 3654 prospectum
461 3567 515 3632 est
532 3580 577 3634 ne
595 3561 632 3633 in
647 3581 755 3656 regno
772 3570 889 3636 nostro
906 3560 1052 3654 subjecti
1066 3557 1302 3656 periclitentur
1318 3577 1365 3631 ex
1378 3555 1549 3654 imperitia
1563 3575 1636 3628 me-

222 3681 395 3758 dicorum.

259 3991 295 4067 (t)
314 3993 392 4051 llnuc
405 3993 522 4066 titulum,
533 3993 596 4054 boet
608 3995 636 4052 in
648 4009 746 4068 graeco
757 3994 848 4052 codice
862 3995 943 4068 desit,
958 4011 1030 4052 nuno
1042 3993 1196 4062 inserimus,
1208 4007 1293 4066 quum
1304 4005 1338 4048 ex
1351 3987 1476 4048 omnibus
1490 3988 1569 4046 editis
1580 3988 1637 4062 regi

220 4089 336 4164 ltogerio
349 4090 518 4150 adscribatur
538 4097 568 4150 et
577 4092 659 4150 etiam
673 4092 701 4149 in
716 4093 776 4151 ood.
789 4095 860 4152 leae
872 4094 924 4152 sub
937 4093 1058 4167 aJusdem
1070 4092 1180 4150 nomine
1195 4090 1372 4149 contineatur.
1386 4087 1458 4147 Ordo
1476 4093 1566 4146 tamen
1582 4102 1636 4145 non

221 4188 293 4246 bene
309 4195 443 4262 marm,
459 4191 524 4250 dum
540 4191 695 4250 constitutio
709 4191 837 4250 Utllltota'
849 4208 919 4268 qnae
931 4193 1003 4267 jmto
1019 4191 1151 4265 sequitur,
1165 4189 1380 4248 constitutionem
1394 4186 1525 4262 Qubquis
1542 4183 1570 4242 in
1587 4199 1636 4242 uo-

221 4285 282 4346 dice
296 4287 446 4347 comeda.
