4360 5908
461 592 523 656 306
961 591 1176 654 unlunntct
1199 591 1374 655 sncunnt
1684 585 1763 672 [lise.
1782 585 1867 648 1232

462 726 500 798 in
525 723 772 822 protectionem
791 722 977 821 imperialis
997 725 1177 822 patrocinii
1203 724 1414 821 acecpimus,
1441 731 1477 796 et
1501 739 1622 795 omues
1639 717 1872 814 possessiones

460 851 642 947 largitione
658 848 940 946 predecessorum
960 861 1152 926 nostmrum
1170 871 1292 944 regum
1310 849 1367 922 vel
1385 847 1629 944 imperatorum
1646 865 1707 918 seu
1726 843 1871 916 aliomm

458 996 760 1072 quorumcumque
776 973 932 1052 fidelium
954 974 1077 1048 Christi
1100 977 1227 1071 pietate
1246 975 1386 1048 ooltatm
1410 971 1562 1086 legitime
1584 969 1652 1066 ipsl
1668 969 1872 1041 monasterio

458 1109 576 1174 sancte
599 1099 746 1194 virginis
761 1107 795 1173 et
822 1098 971 1172 martiris
997 1108 1165 1195 perpetuo
1183 1096 1351 1170 tenendas
1379 1095 1646 1170 confirmamus:
1669 1093 1871 1166 nominatim

459 1227 574 1322 ipsum
601 1233 750 1298 castrum
774 1225 899 1298 Sancte
918 1223 1086 1298 Cbristiue
1104 1245 1184 1297 cum
1199 1223 1362 1296 omnibus
1382 1220 1429 1294 ad
1447 1243 1485 1294 se
1503 1219 1773 1315 pertinentibus,
1789 1239 1872 1292 cas-

458 1360 548 1424 trum
562 1350 693 1423 scilicet
705 1349 928 1442 Thorianum,
942 1350 1118 1422 castellum
1132 1348 1312 1438 lliradolo,
1327 1357 1479 1420 ιιιιιιιιιι
1492 1347 1639 1442 llymam
1652 1344 1868 1432 etBrionam,

457 1477 595 1550 Pratum
625 1475 670 1548 de
694 1473 855 1548 Albareto
877 1483 913 1548 et
934 1475 1118 1566 llunralia,
1140 1474 1319 1547 castellum
1337 1472 1452 1545 Sancti
1470 1469 1609 1544 Andree
1632 1489 1738 1566 super
1760 1469 1871 1566 ripam

459 1600 544 1674 Padi
569 1599 721 1672 fluminis
749 1600 929 1696 cumipse
959 1599 1059 1674 alveo
1079 1601 1153 1693 jam
1180 1597 1263 1672 dicti
1290 1597 1445 1670 lluminis
1467 1618 1515 1670 ex
1543 1604 1689 1690 utraque
1714 1602 1811 1690 parte
1837 1603 1872 1666 et

460 1735 597 1822 portum
615 1747 695 1798 oum
714 1725 861 1822 piscaria
882 1747 927 1800 ex
944 1733 1092 1821 utraque
1107 1725 1182 1825 ripa
1201 1723 1340 1798 duobus
1363 1723 1556 1796 miliaribus
1570 1730 1729 1820 protensa
1745 1729 1781 1825 et
1801 1729 1871 1792 ter-

461 1851 590 1922 minata
613 1871 719 1948 super
748 1849 928 1922 liuviolum
954 1851 1015 1945 qui
1047 1861 1191 1923 vocatur
1220 1848 1382 1922 (locarius
1409 1869 1455 1922 ex
1479 1821 1683 1942 dna'parte,
1704 1834 1751 1917 ιιι
1767 1845 1873 1946 altera

460 1995 544 2048 vero
562 1981 660 2070 parte
676 1995 781 2071 super
794 1975 973 2049 ecclesiam
987 1975 1103 2048 Sancti
1117 1975 1238 2048 vitalis
1254 1995 1366 2070 nsque
1376 1971 1421 2046 ad
1438 1969 1622 2044 Castellum
1635 1969 1786 2044 Novum.
1803 1969 1872 2043 lle-

462 2098 568 2194 nique
598 2096 841 2172 confirmamus
865 2099 935 2196 -ipsi
956 2101 1163 2174 monasterio
1185 2121 1307 2173 omnes
1331 2097 1563 2194 possessiones
1593 2092 1680 2192 qn'as
1703 2096 1809 2170 hebet
1835 2095 1872 2168 in

462 2225 625 2298 comitatu
646 2223 822 2320 Pepieusi,
846 2225 1112 2317 Mediolanensi,
1120 2225 1323 2317 laudensi,
1346 2224 1563 2316 Placentino,
1583 2222 1775 2315 Parmensi,
1792 2223 1873 2296 'lla-

460 2349 563 2443 gino,
591 2347 820 2442 Terdonensi,
852 2351 1055 2442 Vemnensi,
1084 2351 1248 2426 Cumano.
1279 2349 1528 2424 Coufirmamus
1552 2348 1586 2422 ei
1609 2349 1713 2421 etiam
1740 2355 1872 2420 curtem

460 2472 642 2546 Cnniolnm
664 2495 769 2569 super
792 2473 925 2548 Padum
950 2475 1095 2572 positam
1119 2475 1211 2550 dono
1235 2475 1436 2600 berengarii
1459 2473 1552 2588 regis
1573 2473 1640 2570 ipsi
1667 2473 1873 2546 monasterio

459 2597 637 2688 traditam,
661 2605 790 2671 onmem
813 2621 956 2697 quoque
973 2587 1182 2708 Casellarum
1199 2610 1233 2676 et
1250 2609 1382 2674 curtem
1397 2574 1637 2695 Spoledrinam
1655 2621 1736 2708 cum
1751 2597 1870 2694 pratis,

462 2724 616 2819 pascuis,
642 2725 886 2798 venationibus
894 2726 1088 2822 ,ripaticis
1110 2727 1317 2802 molendinis
1339 2735 1374 2800 et
1391 2747 1470 2813 cum
1489 2724 1651 2800 omuibus
1671 2724 1745 2798 suis
1761 2723 1872 2820 perti-

461 2850 587 2924 nentiis
606 2871 694 2944 quas
710 2850 931 2944 Burgundios
946 2851 1054 2924 abbas
1072 2852 1217 2948 predicti
1239 2850 1435 2926 monasterii
1454 2851 1500 2926 ab
1515 2851 1644 2924 Uberto
1663 2857 1698 2923 et
1712 2847 1873 2922 Anselmo

463 2973 649 3048 comitibus
662 2975 708 3049 de
724 2976 924 3050 llovescalla
938 2976 1004 3048 sibi
1017 2978 1078 3070 jus
1091 2977 1128 3049 in
1141 2999 1182 3051 ea
1195 2978 1389 3052 dicentibus
1403 2977 1528 3051 urdine
1547 2973 1733 3068 judiciario
1750 2973 1869 3064 evicit,

460 3097 611 3194 predicto
630 3099 838 3172 monasterio
859 3107 894 3174 et
915 3100 951 3172 in
971 3121 1013 3173 eo
1033 3099 1310 3174 deservientibus
1331 3101 1488 3198 personis
1509 3098 1765 3174 confirmamus.
1787 3097 1873 3171 Cur·

461 3233 530 3297 tem
549 3247 689 3321 quoque
709 3227 875 3322 Bolegum
897 3249 976 3299 oum
993 3227 1066 3300 suis
1086 3227 1300 3324 pertinentiis
1315 3237 1350 3302 et
1365 3229 1485 3302 cellam
1502 3249 1572 3323 que
1589 3235 1640 3300 est
1653 3225 1757 3319 juxta
1775 3225 1873 3298 llon·

461 3351 582 3424 taltum
602 3351 667 3447 ipsi
685 3353 904 3446 monasterio,
921 3352 1012 3426 sicut
1027 3373 1104 3426 eam
1118 3351 1420 3449 justeetlegitime
1432 3351 1600 3448 possidet,
1615 3349 1869 3426 confirmamus.

460 3475 503 3548 Et
518 3497 563 3550 ne
583 3476 664 3572 quis
683 3476 844 3550 abbatem
868 3487 928 3552 aut
945 3479 1064 3554 iratres
1081 3501 1164 3554 suos
1182 3478 1227 3554 de
1245 3480 1288 3552 iis
1306 3478 1478 3554 deaestire
1496 3487 1558 3554 aut
1578 3477 1770 3574 inquietare
1789 3496 1874 3573 pre-

460 3611 575 3676 sumat
594 3602 670 3676 siue
696 3603 800 3696 legali
815 3603 949 3696 judicio
968 3603 1210 3700 probibemus,
1231 3614 1267 3680 at
1281 3605 1372 3678 siout
1388 3603 1434 3679 ab
1454 3603 1728 3678 antecessoribus
1749 3599 1874 3675 nostris

460 3728 511 3800 eis
543 3723 716 3800 indultum
747 3737 800 3802 ost
825 3737 864 3800 ut
890 3736 1092 3825 potestatem
1126 3729 1276 3804 babeant
1301 3729 1520 3804 conducendi
1547 3730 1677 3802 llumen
1707 3727 1872 3802 Olanuam

460 3872 572 3946 nsque
598 3851 645 3924 ad
675 3861 826 3928 castrum
851 3855 975 3928 Sancte
999 3853 1169 3928 Cbristiue
1192 3864 1227 3928 ut
1253 3855 1290 3926 in
1314 3855 1391 3952 ipsu
1411 3853 1556 3927 llumine
1577 3851 1775 3926 molendina
1792 3869 1874 3922 oon·

460 3985 592 4050 struere
614 3975 661 4052 ad
680 3999 766 4052 usus
789 3977 926 4054 abbatis
947 3991 982 4054 et
1005 3981 1169 4076 fratrum,
1194 3980 1243 4056 ita
1268 3981 1320 4054 eis
1344 3979 1437 4056 idem
1460 3978 1590 4052 llumen
1618 3976 1812 4052 conducere
1840 3985 1875 4046 et

461 4101 662 4176 molendina
688 4103 725 4176 iu
742 4125 787 4178 eo
804 4104 852 4178 ad
873 4127 958 4180 usus
977 4127 1060 4178 suus
1078 4106 1245 4180 collocare
1261 4105 1497 4180 concedimus.
1524 4101 1747 4200 Supradictas
1769 4097 1875 4193 igitur

463 4229 696 4324 possessiones
716 4251 796 4304 cum
815 4233 910 4304 omni
922 4233 1012 4326 juris
1028 4243 1064 4306 ιι
1083 4231 1223 4306 bonoria
1241 4233 1435 4328 integritate
1447 4229 1655 4327 supradicto
1669 4223 1875 4302 monasterio

461 4349 704 4426 confirmamus
726 4363 762 4426 et
785 4355 946 4428 volumus
970 4356 1007 4428 in
1026 4377 1112 4452 pace
1134 4367 1169 4430 et
1183 4357 1417 4452 tranquilitate
1432 4363 1600 4451 perpetuu
1619 4350 1811 4448 possidere,
1836 4357 1876 4420 ut

461 4477 507 4550 ab
537 4479 767 4552 exterioribus
796 4481 960 4554 mulmtiis
982 4480 1130 4554 absoluti
1161 4483 1272 4556 Deum
1304 4504 1366 4577 pro
1388 4487 1565 4555 uosoeot
1590 4475 1872 4574 predecessorum

459 4611 653 4676 nostrorum
672 4603 783 4676 salute
799 4605 931 4699 possint
948 4603 1108 4679 devotius
1121 4606 1350 4703 interpellare.
1364 4605 1407 4678 Ει
1419 4626 1466 4680 ιιι
1479 4605 1572 4680 bonu
1584 4601 1652 4698 ipsi
1667 4597 1874 4674 monasterio

459 4726 517 4822 pie
538 4728 660 4804 collata
680 4729 819 4826 possint
834 4729 964 4804 abusu
990 4731 1126 4806 abbatia
1147 4742 1181 4806 et
1203 4732 1348 4808 tmuum
1371 4729 1515 4806 alienari
1537 4737 1601 4804 aut
1622 4727 1737 4824 ipsum
1755 4744 1875 4798 mona·
