4298 5906
753 571 879 632 REGNI
904 570 1093 634 SICILIAE.
1574 575 1629 634 175

218 719 297 784 oenl
312 707 426 782 officio
437 705 483 780 de
495 725 566 801 quo
583 704 720 794 vivant;
742 707 954 780 tabernarios
971 706 1073 779 etiam
1092 706 1152 800 qui
1172 705 1332 778 tabernas
1345 707 1441 779 velut
1458 712 1630 784 naturales

219 837 307 908 lares
322 842 358 908 et
372 830 530 928 proprios
551 830 749 924 elegerunt3
769 851 828 904 eos
851 823 956 904 eliam
978 831 1038 926 qui
1063 831 1156 904 aleas
1180 829 1229 928 (a)
1252 841 1288 903 et
1308 830 1420 904 datios
1447 843 1564 906 tenent
1591 843 1630 905 ut

218 959 360 1032 eusdem
374 954 540 1052 predictis
553 953 754 1028 ludentibus
771 955 1001 1046 commodent,
1022 955 1111 1027 inter
1129 953 1274 1028 infames
1293 954 1432 1045 huberi3
1449 957 1497 1029 ita
1513 967 1552 1029 ut
1568 979 1632 1030 neo
1698 1007 1713 1026 .

217 1081 263 1155 ad
287 1079 522 1154 testimonium
542 1099 607 1152 neo
623 1077 671 1150 ad
691 1075 843 1150 officium
865 1078 1006 1172 aliquod
1030 1078 1210 1173 publicum
1233 1079 1469 1152 admittantur.
1492 1081 1632 1154 Iudices

219 1205 323 1280 etium
344 1215 379 1278 et
395 1203 582 1279 advocatos
599 1212 633 1276 et
651 1201 800 1276 notarios
820 1202 976 1296 publicos
989 1203 1050 1298 qui
1067 1203 1266 1297 hujusmodi
1280 1204 1387 1277 uilem
1406 1214 1441 1277 et
1457 1204 1632 1278 sordidam

219 1331 327 1403 vitum
342 1329 489 1420 ducunt,
510 1305 650 1401 infamia
677 1326 829 1423 prodictu
852 1337 985 1400 notatos
1005 1349 1026 1400 a
1045 1329 1213 1424 suseeptis
1233 1329 1336 1402 etium
1357 1329 1478 1402 officiis
1497 1331 1533 1401 in
1553 1353 1630 1425 per·

219 1463 364 1549 potuum
382 1453 547 1526 velumus
562 1451 728 1526 amoveri.
748 1451 924 1524 Postremo
942 1451 1045 1524 etiam
1062 1451 1204 1542 milites,
1222 1473 1311 1547 quos
1325 1453 1444 1526 sultam
1462 1455 1632 1548 equestris

220 1575 401 1671 diguitatis
420 1575 527 1650 decus
549 1573 690 1649 deberet
712 1596 733 1646 a
757 1573 885 1647 taIIbus
905 1595 1079 1666 enomere,
1102 1575 1132 1648 si
1153 1576 1243 1648 lame
1265 1597 1327 1648 sue
1349 1575 1485 1672 prodigi
1509 1587 1544 1650 et
1565 1600 1629 1674 pu·

221 1703 315 1776 doris
330 1701 441 1798 ignari
461 1701 507 1774 ad
533 1701 698 1774 vilitatem
722 1698 924 1792 hujusmodi
951 1699 1161 1774 deduxerim
1179 1700 1287 1774 vitam
1310 1722 1426 1792 suam,
1452 1701 1487 1772 in
1511 1723 1632 1798 perpe·

221 1839 319 1901 tunm
334 1850 356 1901 u
371 1825 566 1900 testimonio
578 1827 843 1916 submovemus3
859 1824 905 1897 ub
918 1823 1112 1917 eisjndioia
1125 1826 1229 1898 eliam
1241 1845 1310 1920 que
1324 1825 1409 1899 viris
1427 1826 1632 1900 militaribus

222 1962 302 2024 suut
319 1971 498 2034 ounoesea,
513 1950 549 2022 in
565 1960 771 2048 perpetuum
782 1947 997 2024 abdicantes.

665 2267 867 2342 TITULUS
894 2267 988 2342 XCI.
1015 2271 1078 2342 ΞΗ
1101 2267 1192 2365 (68).

474 2471 525 2543 De
545 2471 845 2567 lurpteuauritru
867 2475 973 2546 Deum
989 2484 1020 2546 et
1041 2475 1205 2567 oirpr'ueru
1226 2473 1381 2546 Mariam.

768 2701 859 2750 IDH
891 2702 1089 2753 AUGUSTUS.

272 2875 552 2974 Blusphemanlas
571 2881 681 2954 Deum
700 2891 735 2956 et
757 2879 944 2980 [VirgInem
968 2881 1167 2982 gloriosum]
1185 2884 1304 2980 lingue
1328 2883 1513 2987 maliloqua
1526 2853 1633 2956 muti·

226 2997 351 3073 latione
363 3001 541 3095 punimus.

723 3207 925 3281 TITULUS
954 3207 1050 3281 XCII
1077 3209 1136 3304 (I).

808 3415 856 3484 De
873 3415 1050 3508 perjuriis.

774 3639 864 3690 rnsu
896 3642 1092 3692 rnousrus.

274 3811 344 3886 Eos
355 3813 417 3908 qui
430 3815 578 3890 scienter
589 3819 765 3913 periurant
781 3822 816 3893 in
830 3822 974 3914 judiciis
987 3833 1049 3896 aut
1064 3832 1165 3896 extra
1176 3822 1323 3916 judicia,
1341 3822 1636 3899 detruncationem

230 3955 350 4010 munus
367 3938 530 4013 volumus
548 3944 730 4035 sustinere,
751 3941 831 4042 [nisi
847 3946 1001 4042 ipsorum
1020 3949 1208 4042 perjurium
1227 3948 1263 4018 in
1280 3948 1407 4020 crimen
1429 3951 1498 4022 lese
1514 3951 1637 4042 majes-

231 4061 303 4134 tatis
330 4062 507 4160 inciderit,
528 4067 564 4138 in
589 4090 660 4164 quo
677 4071 757 4162 jura
785 4079 902 4143 vetera
929 4079 963 4144 et
991 4072 1151 4145 divorum
1174 4071 1368 4168 principum
1391 4073 1546 4147 instituta
1569 4097 1638 4148 ser·

231 4183 364 4284 ramus]
381 4184 395 4283 (
410 4185 438 4284 ).

269 4385 309 4468 (a)
331 4389 441 4452 Groeoe
453 4388 548 4450 ceolla
562 4409 615 4472 pro
628 4391 744 4470 ταόλία,
760 4396 824 4458 scil.
841 4393 955 4457 tabum
966 4393 1099 4460 lusoriae.

272 4490 310 4572 (b)
331 4493 388 4556 flio
400 4497 505 4558 titulus
518 4500 549 4559 ln
562 4513 667 4578 grunno
680 4501 777 4575 deest,
792 4504 849 4564 uisi
862 4504 942 4582 quod
955 4507 1051 4582 primu
1064 4511 1128 4584 elus
1137 4524 1215 4584 pars,
1232 4509 1342 4571 seilicet
1360 4525 1453 4586 usque
1470 4508 1509 4568 nd
1522 4509 1579 4568 utri
1590 4508 1640 4588 ip-

237 4613 338 4674 torum,
352 4607 421 4663 ante
431 4604 550 4666 Inltlum
561 4604 628 4667 Ilbrl
640 4607 684 4668 III
695 4611 853 4686 reponitur.

272 4705 308 4784 (c)
335 4707 417 4770 Haeo
429 4710 514 4771 uncis
526 4712 641 4773 lnulusa
653 4716 685 4774 ln
703 4715 770 4776 ond.
787 4724 864 4776 4625
879 4733 997 4796 quoque
1010 4719 1128 4781 dmuul.
