4320 5918
248 549 347 612 imur.
362 548 405 633 8.]
705 547 899 610 HISTORIA
924 545 1215 611 blrlollllllca.
1600 556 1661 618 sta

330 733 425 808 (lldlt.
440 749 486 812 ap.
502 733 594 796 Bran.
610 734 681 811 Pru,
700 733 780 798 rte.
794 734 922 801 mmdot
933 721 1047 814 ababa,
1062 744 1086 799 t.
1102 736 1162 811 lIl,
1176 751 1245 816 pers
1255 737 1315 812 111,
1326 753 1357 816 p.
1370 745 1427 800 68²
1443 745 1474 801 et
1487 745 1570 816 678.)

298 937 337 1008 lu
352 935 491 1010 nomine
505 946 623 1010 sancte
635 947 669 1010 el
686 936 870 1013 individue
888 939 1073 1013 Trinitatis.
1100 937 1300 1014 Fredericus
1314 941 1366 1025 ll,
1383 940 1503 1016 divina
1521 944 1655 1020 lavante

133 1092 137 1098 ·
248 1057 431 1134 menda
455 1061 685 1134 Romanorum
711 1061 896 1158 imperator
917 1083 1054 1160 semper
1069 1073 1255 1158 augustus,
1276 1064 1463 1138 temdum
1485 1073 1521 1138 et
1542 1066 1657 1142 Sicilie

249 1199 326 1256 lex.
343 1183 554 1258 lutereetera
567 1205 638 1278 que
653 1184 770 1259 titulos
784 1186 927 1262 Casuras
941 1185 1117 1282 dignitatis
1126 1187 1309 1278 extollunt,
1326 1185 1366 1260 id
1382 1187 1557 1282 potissime
1572 1211 1657 1264 nos-

248 1306 309 1380 tris
326 1305 532 1380 utilitatibus
560 1328 744 1381 censemus
765 1308 905 1383 attribui
930 1309 1027 1404 quod
1049 1307 1178 1383 divinis
1200 1309 1286 1383 locis
1311 1317 1347 1382 et
1363 1310 1436 1383 Deo
1454 1309 1576 1384 dicatis
1592 1333 1657 1386 eo-

249 1429 362 1502 olesiis
382 1439 451 1504 um
471 1430 662 1506 liberaliter*
675 1453 782 1528 mum
801 1431 1067 1508 misericorditer
1087 1433 1313 1528 impertimur.
1332 1433 1520 1530 Eupropter
1537 1445 1655 1509 notum

250 1551 322 1627 fleri
346 1555 507 1628 volomus
535 1555 708 1630 universis
735 1557 871 1653 imerii
894 1557 1001 1632 nostri
1025 1555 1187 1631 fidelibus
1210 1565 1278 1631 tarn
1305 1557 1524 1654 presentibus
1549 1581 1655 1654 quam

248 1677 374 1750 tuturis
389 1677 486 1772 quod
504 1679 709 1752 constitutus
727 1679 764 1752 in
778 1679 951 1777 presentia
964 1689 1081 1754 nostra
1097 1678 1293 1771 Corradus,
1320 1681 1527 1754 remeabilis
1548 1682 1656 1755 abbas

248 1799 490 1875 Admontensis
504 1803 662 1894 mesia,
680 1801 794 1877 tidelis
812 1813 939 1897 noster,
958 1801 1164 1878 excellentie
1182 1812 1296 1876 nostre
1312 1802 1488 1897 quoddam
1508 1805 1655 1900 privile·

247 1924 344 2019 glum
361 1926 572 2021 presentavit
591 1927 705 2000 eidem
723 1928 867 2002 ecclesie
882 1928 964 2002 olim
979 1949 1001 2002 a
1014 1925 1098 2002 divo
1117 1935 1265 2022 augusto
1284 1948 1352 2000 avo
1369 1935 1485 2000 nostro
1500 1929 1654 2024 impera-

249 2058 322 2122 tore
339 2047 514 2124 Friderico.
523 2050 691 2124 memorie
707 2050 816 2126 felicis
828 2051 1016 2140 indultum,
1028 2060 1155 2126 attente
1170 2051 1368 2147 supplicans
1382 2060 1421 2124 ut
1436 2051 1656 2148 privilegium

248 2172 362 2268 ipsum
380 2173 547 2248 innovare
563 2184 598 2248 st
614 2197 657 2250 ea
671 2197 742 2271 que
760 2175 977 2251 mndnentur
993 2176 1030 2248 in
1048 2176 1124 2272 ipso
1142 2175 1229 2266 sibi,
1248 2175 1506 2250 successoribus
1528 2177 1601 2250 suis
1623 2188 1658 2252 et

248 2295 362 2372 eidem
390 2299 534 2374 ecclesie
561 2298 763 2375 confirmare
786 2300 824 2373 in
851 2310 1058 2397 perpetuum
1083 2299 1327 2395 dignaremur3
1356 2299 1457 2392 eujus
1484 2301 1657 2398 privilegii

245 2429 345 2496 wool·
361 2421 440 2494 talis
454 2430 532 2496 est:

297 2543 337 2616 ln
355 2543 494 2618 nomine
515 2553 633 2620 sande
654 2555 690 2620 et
709 2544 894 2622 individue
910 2546 1097 2620 Trinitatis.
1118 2545 1310 2620 Friderious
1331 2547 1560 2621 Romanorum
1583 2547 1658 2620 im-

248 2674 382 2761 perator
394 2678 575 2764 augustus.
592 2669 737 2765 bouitas
755 2670 898 2746 radonis
914 2681 949 2744 et
966 2693 1110 2745 censura
1119 2670 1257 2764 justicie
1276 2670 1487 2762 majestatem
1503 2681 1655 2746 nostram

248 2801 445 2864 ammonent
464 2803 503 2866 ‘et
521 2793 670 2868 invitant
692 2805 732 2868 ut
748 2794 796 2870 ad
819 2795 996 2868 munimen
1019 2803 1053 2869 et
1077 2794 1324 2890 protectionem
1353 2794 1575 2868 ecclesiarum
1592 2797 1655 2870 Dei
1742 2856 1748 2866 .

248 2915 376 3010 quibus
393 2916 608 2992 ordinatione
621 2917 741 2994 divina
765 2919 930 3015 prodesse
952 2926 1110 2992 tenemur
1136 2928 1171 2992 et
1198 2916 1338 3010 adesse,
1365 2919 1525 2992 solatium
1546 2920 1656 3014 gratie

248 3048 361 3114 nostre
387 3042 572 3117 clementer
592 3043 842 3136 mundanus,
861 3042 1053 3140 specialiter
1066 3051 1182 3116 autem
1210 3041 1256 3116 ad
1273 3041 1349 3116 illas
1376 3064 1398 3115 a
1421 3042 1550 3138 quibus
1573 3065 1655 3118 oru-

248 3161 378 3238 tionum
395 3165 560 3261 suffragia
576 3176 612 3241 ct
632 3187 730 3263 spem
751 3167 873 3240 salutis
886 3177 1003 3240 nostra
1021 3164 1216 3261 modernus
1231 3166 1267 3238 in
1289 3165 1421 3240 Christo
1438 3168 1520 3240 lesu
1538 3169 1656 3242 eusci·

247 3309 340 3385 pere.
359 3289 566 3383 Huiusmodi
592 3312 743 3390 namque
763 3291 949 3366 affectuoso
971 3289 1107 3385 pietatis
1124 3311 1227 3386 opere
1244 3290 1295 3363 sio
1319 3311 1382 3385 per
1406 3289 1497 3364 bona
1514 3300 1655 3388 tempo-

247 3413 331 3488 ralia
340 3414 486 3488 transire
499 3435 677 3512 speramus
689 3424 739 3503 ut,
752 3436 795 3489 eo
805 3414 1011 3512 propitiante
1026 3413 1088 3508 qui
1103 3409 1164 3486 det
1176 3413 1321 3486 salutem
1336 3413 1491 3508 regibus,
1502 3424 1654 3490 eternam

246 3535 492 3611 beatitudinem
511 3538 675 3634 consequi
692 3559 896 3613 mereamur.
913 3539 1101 3634 depropter
1117 3545 1326 3632 cognoscant
1341 3523 1492 3612 universi
1510 3539 1653 3610 Romani

248 3660 383 3757 imperii
401 3659 522 3736 fideles
539 3672 713 3758 presentes
725 3673 761 3737 et
776 3662 884 3736 loturi
900 3662 997 3758 quod
1012 3682 1076 3735 nos
1092 3661 1219 3754 intuitu
1234 3661 1354 3736 divine
1369 3662 1655 3736 remunerationis

246 3793 282 3858 et
298 3795 414 3860 nostm
431 3786 656 3882 omniumque
674 3797 855 3883 parentum
867 3795 1062 3861 nostrorum
1077 3785 1202 3878 salute,
1221 3807 1355 3860 necnon
1367 3795 1402 3859 et
1418 3795 1575 3882 respectu
1592 3807 1654 3860 rs-

246 3909 386 4004 ligionis
399 3931 442 3984 nc
454 3912 598 3984 obtemu
609 3912 878 4008 participationis
894 3911 1063 3986 bonorum
1074 3933 1219 4007 operum
1234 3920 1268 3984 et
1285 3911 1478 3984 orationum
1489 3909 1653 3984 Admon-

247 4033 363 4108 densis
380 4035 675 4128 congregationis,
700 4037 861 4112 eumdem
879 4035 1151 4110 Admontensem
1163 4035 1360 4124 eeclesiam,
1385 4033 1556 4126 abbatem,
1576 4055 1652 4108 nro-

247 4157 375 4232 uaobos
390 4168 426 4232 et
443 4160 564 4232 tratres
576 4159 709 4234 ibidem
722 4161 795 4235 Dae
811 4160 1014 4252 servientes,
1031 4158 1194 4232 familiam
1210 4165 1246 4231 et
1260 4158 1375 4232 omnia
1393 4157 1485 4231 bona
1500 4157 1654 4252 predicto

246 4282 454 4356 monasterio
471 4283 689 4378 pertinentia,
707 4284 783 4358 sive
802 4305 825 4359 u
841 4283 1025 4358 fundatore
1043 4282 1226 4356 Gebhardo
1249 4281 1499 4377 salzpurgense
1518 4281 1654 4356 archie-

246 4405 389 4502 piscopo
409 4415 444 4480 et
461 4409 539 4500 ejus
556 4407 831 4501 successoribus,
853 4408 928 4483 sivo
944 4407 990 4481 ab
1010 4407 1086 4515 aliis
1104 4405 1266 4482 iidslibus
1282 4405 1409 4480 tradita
1427 4427 1491 4479 seu
1514 4406 1654 4480 lratrum

246 4529 364 4604 labore
378 4540 414 4604 et
427 4531 598 4606 industria
613 4531 861 4607 rationabiliter
877 4519 1083 4627 conquisita,
1100 4529 1189 4603 sicut
1206 4530 1243 4604 in
1263 4529 1446 4629 privilegio
1463 4529 1520 4624 pie
1537 4551 1655 4604 reeor-

245 4655 396 4732 dationis
424 4656 601 4732 Cbunrudi
625 4657 768 4734 senioris
794 4667 830 4732 ct
858 4656 1002 4732 eliorum
1027 4677 1266 4730 successorum
1294 4659 1368 4751 ejus
1398 4653 1470 4728 suis
1497 4653 1656 4728 distincta
