4298 5906
621 551 828 614 nuuuuuii
855 547 1227 613 consutuuiiouuti.
1569 544 1627 606 ati

896 793 945 866 ii.

297 945 391 1024 (uuit.
408 961 458 1024 up.
473 942 559 1004 Patri
570 939 606 1002 dc
624 941 687 1004 Vin.
703 943 813 1022 Epist,
825 942 875 1004 lib.
891 943 931 1016 V,
947 958 1013 1022 cap.
1029 943 1083 1017 IX,
1097 957 1165 1002 cum
1179 941 1235 1002 bac
1249 941 1366 1002 rubrica
1377 957 1415 999 r«
1430 936 1627 1020 Guidcmjuc·

336 1051 449 1114 etacio
470 1057 506 1113 ut
521 1051 633 1130 puniat
651 1047 778 1112 cillinsnr
798 1050 850 1133 qui
871 1047 982 1110 manici
998 1051 1046 1110 cui
1063 1051 1193 1130 corrupit
1209 1047 1410 1131 pedissequam
1423 1056 1451 1112 ct
1466 1065 1627 1109 mern.»

334 1159 440 1222 ecurt.
455 1173 524 1220 cum
537 1159 630 1220 varin
642 1157 792 1220 codicibus
804 1157 882 1219 Bibl.
897 1156 1095 1236 Paridensis.)

262 1319 348 1392 liam
369 1319 596 1415 perniciosam
618 1319 780 1416 exemplo
802 1340 908 1414 per...
930 1315 1114 1418 [villicum]
1132 1316 1183 1414 (a)
1201 1339 1312 1414 nuper
1330 1316 1531 1392 audivimus
1549 1337 1627 1412 per·

217 1455 382 1540 patratam
401 1443 587 1518 :videlicet
600 1444 696 1540 quod
713 1467 793 1518 cum
812 1445 933 1518 Petrus
948 1447 1065 1536 miles,
1086 1443 1197 1518 fidelis
1214 1455 1341 1534 noster,
1360 1442 1523 1517 dominus
1535 1444 1625 1536 ejus,

217 1568 312 1664 apud
331 1570 445 1666 ipsum
465 1569 705 1641 universaliter
724 1567 774 1641 rei
798 1568 973 1642 familiaris
993 1569 1206 1666 depositum,
1227 1579 1263 1642 et
1284 1567 1485 1665 pudicitiam
1511 1567 1628 1659 cujus-

217 1691 295 1768 dam
313 1693 521 1790 pedissequa
539 1714 620 1784 sne,
639 1692 708 1766 imo
725 1713 871 1766 uxorem
888 1694 1080 1791 propriam,
1101 1694 1204 1767 etiam
1219 1692 1305 1789 (nisi
1324 1688 1559 1788 dicipudeat)
1579 1691 1628 1762 ie·

217 1819 311 1891 noris
329 1839 400 1891 non
415 1817 591 1913 ignorans,
610 1817 782 1910 studiose,
803 1817 866 1891 sed
891 1818 1069 1892 temerarie
1089 1817 1378 1908 commendassem
1401 1815 1630 1912 depositarius

217 1941 290 2036 ipse
306 1940 377 2014 fide
394 1940 578 2036 dupliciter
592 1940 737 2030 violata,
757 1941 910 2038 peq'urio
929 1943 1057 2014 lurtum
1075 1953 1110 2015 ct
1127 1943 1218 2014 iurtn
1235 1939 1444 2036 perjurium,
1467 1937 1564 2035 quod
1582 1960 1629 2012 ex

218 2063 328 2160 ipsius
342 2065 392 2139 rei
411 2063 565 2160 deposito
586 2063 755 2138 contraria
773 2065 1044 2140 contradictione
1060 2065 1108 2162 (t)
1129 2075 1366 2156 contraxerat,
1393 2064 1521 2138 iuriose
1545 2062 1630 2134 libi-

218 2187 310 2262 dinis
331 2189 541 2262 consortium
567 2188 781 2284 aggregavit.
807 2190 905 2263 Hanc
933 2189 1039 2286 igitur
1067 2190 1245 2263 inimicitie
1268 2189 1446 2264 familiaris
1471 2197 1625 2285 pestem,

219 2314 307 2386 sicut
331 2314 556 2388 efficaciorem
578 2313 808 2410 prospicimus
831 2313 878 2388 ad
908 2313 1121 2406 nocendum,
1146 2315 1197 2389 sic
1221 2336 1310 2411 pene
1333 2313 1483 2389 dudonis
1501 2313 1630 2386 aculeis

219 2437 330 2534 ipsam
351 2460 428 2512 esse
447 2437 666 2512 decrevimus
688 2437 896 2530 feriendam
917 2449 977 2514 tue
995 2438 1153 2513 fidelitati
1171 2439 1373 2514 mandantes
1388 2447 1578 2535 quatenns,
1601 2437 1629 2510 si

219 2573 272 2638 est
288 2565 337 2637 ita
349 2619 359 2655 ,
371 2566 476 2658 juxta
495 2564 743 2638 confessionem
762 2563 938 2656 maleficii,
962 2587 1068 2659 quam
1089 2565 1271 2639 consuevit
1289 2564 1325 2637 in
1348 2563 1526 2661 publicum
1549 2583 1632 2634 con-

220 2690 365 2764 scientia
382 2689 454 2762 lesa
470 2687 672 2785 pmducore,
690 2691 746 2762 vel
764 2690 892 2764 talibus
909 2690 1170 2786 probationibus
1185 2690 1347 2787 qualibus
1368 2687 1413 2786 (c)
1432 2685 1632 2782 hujusmodi

221 2813 447 2904 maleficium,
469 2811 567 2908 quod
587 2823 752 2909 tauquam
780 2813 960 2888 bominum
989 2815 1183 2912 aspectibus
1205 2813 1384 2890 horridum
1409 2821 1444 2886 et
1469 2811 1633 2884 humanis

221 2939 355 3012 visibus
374 2938 624 3029 verecundum,
640 2939 702 3012 vix
721 2949 782 3013 aut
798 2962 978 3036 nunquam
995 2963 1042 3014 cx
1060 2943 1137 3014 visu
1159 2942 1295 3037 probari
1312 2949 1443 3036 posset,
1460 2937 1630 3034 exposcit,

222 3062 377 3134 villicum
399 3062 513 3156 ipsum
531 3062 807 3158 prenominatum
833 3064 983 3138 mutilari
1006 3067 1169 3138 continuo
1187 3066 1280 3138 vasis
1297 3064 1490 3138 seminariis
1506 3063 1630 3148 inciam

223 3196 262 3260 ut
279 3187 354 3279 ejus
370 3186 507 3276 acerbe,
519 3186 583 3260 sod
593 3188 685 3280 juste
701 3187 855 3260 vindicte
869 3197 996 3262 terrore
1012 3190 1143 3280 rustici,
1157 3189 1356 3285 quinetiam
1369 3188 1516 3285 quilibet
1532 3187 1633 3260 inmi-

222 3312 324 3384 liarcs
337 3309 519 3384 addiscant
533 3311 672 3385 luxurie
687 3333 751 3385 sue
769 3289 902 3386 irenam
923 3314 1109 3410 imponere,
1128 3324 1163 3388 et
1178 3337 1247 3388 non
1261 3323 1395 3388 tantum
1413 3314 1449 3385 in
1463 3311 1633 3386 uxoribus

224 3434 455 3526 dominorum,
471 3434 535 3508 sed
554 3435 590 3508 in
608 3435 744 3510 iocariis
760 3437 865 3509 etiam
885 3459 964 3511 cum
982 3439 1149 3535 pudicitia
1167 3439 1272 3514 iidem
1290 3448 1324 3512 et
1342 3461 1421 3512 cum
1440 3436 1509 3512 fide
1528 3435 1632 3533 pudi-

223 3557 337 3632 citiam
351 3559 549 3633 observare.

477 3866 792 3879 -n-——u-——u———u
796 3871 831 3878 -u
836 3870 1226 3882 -u-u———n——a--nmmn-

280 4145 480 4228 Concessio
498 4148 755 4233 advocationis
771 4150 884 4234 officii
901 4151 940 4234 in
960 4152 1191 4263 quibusdum
1214 4154 1337 4238 terris.
1354 4201 1408 4218 -
1427 4153 1485 4237 ci.
1506 4152 1575 4237 lib.
1597 4153 1633 4260 i,

227 4275 284 4361 tit.
301 4277 481 4363 LXXXlll
498 4289 536 4364 et
552 4281 747 4393 LXXXIV,
767 4312 807 4396 p.
829 4289 879 4371 tii
900 4297 938 4370 ct
955 4290 1020 4372 62.

269 4477 310 4560 (a)
331 4485 368 4544 ln
382 4485 531 4562 impressis
539 4487 717 4566 particione,
731 4489 818 4552 male.

269 4583 309 4665 (t)
330 4587 367 4649 in
379 4592 528 4668 impressis
541 4595 756 4674 munium
769 4599 801 4658 in
814 4598 965 4661 codicibus
978 4599 1163 4663 mactum.

274 4690 307 4774 (c)
333 4695 382 4758 Sic
395 4699 426 4757 in
439 4699 587 4764 omuibus.
598 4701 708 4765 &nam
720 4720 792 4766 vcro
804 4703 903 4787 quoles
915 4710 1047 4787 requirit.
1097 4737 1098 4740 ¹

328 4803 382 4866 IV.
