4320 5918
265 639 366 722 rutel
384 655 427 741 n]
716 647 914 711 rrrsronra
941 641 1235 707 nrrnorrarrcn
1619 623 1693 695 rsr‘

266 790 416 865 velimus
431 807 496 860 vos
511 782 586 858 lieri
600 783 702 880 plene
714 791 824 856 cemos
839 779 935 878 quod
952 775 1121 875 quicquid
1135 774 1250 849 dictus
1262 774 1302 845 T.
1328 769 1478 844 nuncius
1487 775 1604 841 noster
1616 786 1680 840 vo-

265 914 320 987 bis
334 933 381 986 ex
392 919 490 1008 parte
501 917 617 982 nostra
630 905 842 1002 promiserit,
868 914 981 978 ratum
992 900 1111 975 haberi
1125 900 1288 973 rolumns
1302 904 1336 969 et
1351 893 1498 983 servari,
1514 901 1678 986 tanquam

266 1038 404 1133 quivos
421 1045 456 1109 et
473 1033 646 1108 civitatem
663 1039 814 1104 vestram
829 1028 1056 1124 amplioribus
1069 1023 1302 1121 disposuimus
1317 1016 1496 1093 beneflciis
1508 1015 1674 1090 exaltare.

126 1193 129 1198 ·
264 1163 334 1237 Vos
350 1170 465 1234 autem
480 1157 577 1255 qnod
591 1156 764 1232 exhibetis
778 1178 841 1253 per
854 1153 1014 1229 ellectum
1029 1172 1172 1248 operum
1184 1144 1425 1259 comprobetis.

318 1730 552 1842 Fridericus,
581 1733 843 1819 Romanorum
873 1732 1097 1842 imperator,
1126 1727 1307 1839 Gregorio
1333 1751 1452 1836 papae
1479 1721 1608 1808 scribit
1636 1746 1677 1806 se

264 1873 442 1974 paratum
463 1893 545 1950 esse
567 1867 618 1950 ud
642 1867 907 1978 praeliandum
929 1892 1008 1950 una
1034 1889 1123 1948 cnm
1148 1863 1232 1973 ipso
1257 1871 1391 1946 contra
1415 1860 1543 1944 hostes
1564 1856 1674 1964 finei;

265 1997 314 2080 de
344 1997 528 2084 fratribus
558 2025 648 2085 vero
678 1998 1001 2112 praedicatoribus
1033 1999 1084 2082 ad
1115 1997 1343 2080 Sarracenos
1373 1994 1552 2080 Luceriae
1582 1992 1677 2075 mit-

264 2131 389 2222 tendis
414 2159 485 2244 pro
506 2159 640 2218 eorum
665 2134 929 2242 conversione,
949 2131 1152 2244 respondet
1172 2141 1216 2215 ut
1238 2131 1360 2214 securi
1386 2129 1558 2236 venient,
1587 2153 1676 2210 cum

262 2262 344 2374 ipse
370 2267 513 2352 eisdem
531 2269 663 2353 edesse
684 2267 775 2352 velit
797 2269 926 2352 statim
943 2277 987 2352 ut
1012 2268 1062 2351 ed
1079 2276 1205 2376 partes
1232 2266 1325 2350 istas
1352 2261 1467 2349 luerit
1484 2287 1671 2349 reversus.

345 2467 442 2547 (Edit.
457 2471 590 2552 Homer,
604 2470 710 2532 datter
724 2468 838 2532 ΜΓ.
856 2471 895 2540 11,
911 2471 1044 2544 docum,
1059 2487 1090 2548 p.
1107 2477 1176 2542 tto,
1191 2477 1225 2529 n·
1242 2469 1300 2547 18.)

312 2639 533 2715 Sanctissimo
549 2641 585 2714 in
599 2641 731 2716 Christo
746 2643 834 2738 patri
851 2642 1028 2738 Gregorio,
1049 2651 1131 2736 etc,
1143 2641 1344 2716 Frederious
1357 2641 1587 2714 Romanorum
1601 2640 1674 2713 im-

263 2773 416 2858 perator,
433 2775 500 2839 etc.
523 2765 710 2864 Apostolici
729 2767 889 2840 culminis
904 2767 1015 2840 littere
1033 2789 1145 2863 nuper
1162 2767 1208 2840 ad
1224 2787 1287 2838 nos
1304 2787 1383 2838 cnm
1402 2765 1498 2838 omni
1514 2774 1674 2860 suscepte

263 2891 453 2964 reverentia
468 2901 721 2986 pervenerunt,
742 2915 889 2987 quarum
906 2901 1004 2966 tenor
1022 2891 1257 2989 spiritualibus
1274 2891 1472 2964 exuberans
1486 2889 1674 2963 documen·

263 3011 308 3083 tis
323 3021 358 3084 et
375 3007 584 3089 salutaribus
604 3017 752 3089 reiectus
770 3017 1008 3090 exhortatihus
1029 3016 1237 3089 monitorum
1255 3013 1343 3088 adeo
1365 3013 1461 3087 cordi
1478 3023 1593 3089 nostro
1611 3037 1674 3090 re-

262 3134 353 3209 sedit
376 3148 537 3236 acceptus
560 3149 599 3213 ut
625 3141 699 3237 pari
726 3151 808 3216 voto
835 3151 870 3217 et
897 3140 1123 3214 unanimitate
1145 3139 1277 3213 consilii
1304 3139 1449 3235 dignum
1472 3159 1675 3214 censeamus

262 3262 386 3336 vestris
402 3263 582 3338 affectibus
599 3266 889 3341 concurrendum.
908 3265 993 3339 Com
1007 3245 1119 3356 enim,
1139 3265 1228 3338 sicut
1245 3265 1367 3338 eedem
1381 3265 1494 3337 littere
1514 3265 1676 3338 contine-

262 3383 363 3478 bant,
393 3398 470 3484 post
493 3389 663 3463 vicarium
684 3389 807 3464 Christi
838 3392 1028 3466 Romanum
1054 3389 1251 3488 pontificem
1283 3389 1344 3484 qni
1369 3387 1574 3486 disponente
1603 3390 1676 3462 Deo

264 3507 439 3584 christiani
457 3511 533 3586 dux
550 3525 649 3588 estet
666 3516 831 3611 magister
846 3516 1038 3606 exercitus,
1067 3514 1173 3590 fidem
1188 3515 1389 3590 catholicam
1415 3513 1600 3588 delendere
1622 3524 1673 3586 te·

264 3653 425 3727 neamur,
455 3645 573 3732 utpote
587 3640 649 3735 qni
673 3661 721 3712 ex
742 3641 922 3714 commisso
948 3640 1051 3714 nobis
1067 3641 1259 3736 angustalis
1284 3640 1383 3713 titulo
1405 3639 1580 3736 dignitatis
1604 3661 1673 3711 non

263 3756 412 3831 inaniter
424 3761 595 3858 recepisse
614 3763 672 3837 vel
687 3763 764 3838 sine
786 3787 891 3838 cansa
911 3766 1085 3838 cernimur
1108 3765 1264 3861 gladium
1289 3765 1462 3859 bajulare,
1489 3764 1675 3860 paternitas

263 3891 379 3954 vestra
403 3903 473 3956 non
501 3885 653 3980 ambigat
677 3889 791 3962 inesse
816 3889 917 3963 nobis
942 3891 1012 3966 alta
1036 3899 1151 3964 mente
1173 3889 1387 3986 propositum
1409 3887 1509 3962 vobis
1526 3887 1616 3962 duce
1632 3908 1674 3961 ac

263 4005 386 4098 previo
402 4005 574 4082 dominica
583 4020 695 4084 castra
709 4023 887 4108 protegere
904 4034 947 4087 ac
960 4021 1079 4086 contra
1091 4013 1206 4086 hostes
1223 4011 1307 4086 fidei
1321 4011 1429 4108 prelia
1441 4010 1577 4084 Domini
1594 4031 1671 4106 pre·

263 4126 350 4200 llari.
371 4127 536 4227 Cupimus
549 4135 641 4208 enim
660 4136 752 4209 illam
769 4137 929 4232 prosequi
945 4137 1128 4212 efficaciter
1137 4137 1302 4210 unitatem
1316 4158 1421 4232 quam
1432 4135 1468 4208 in
1478 4137 1674 4210 ostensione

265 4253 442 4350 utriusque
460 4257 568 4351 gladii
585 4260 753 4333 Dominus
768 4262 950 4355 conjunxit
963 4263 998 4335 in
1015 4264 1114 4336 terris
1134 4271 1168 4336 et
1188 4283 1250 4359 per
1262 4261 1484 4336 sacerdotalis
1498 4269 1532 4334 et
1548 4259 1672 4356 regalis

262 4375 365 4448 officii
390 4376 546 4454 debitum
567 4383 677 4456 voluit
701 4386 873 4476 exerceri,
902 4405 1041 4458 omnem
1061 4407 1167 4481 qnam
1186 4395 1344 4459 tenemus
1362 4407 1464 4481 opem
1481 4393 1516 4458 et
1531 4403 1671 4480 operam

263 4498 453 4596 impensuri
468 4513 508 4577 ut
520 4505 624 4580 vinea
640 4508 779 4581 Domini
790 4531 895 4606 quam
909 4510 982 4605 ipse
1000 4511 1168 4606 plantavit
1185 4511 1353 4608 producat
1368 4511 1525 4607 palmites
1534 4509 1671 4582 altiores

263 4631 298 4695 et
314 4624 571 4702 infecunditatis
584 4633 792 4728 propagines
807 4635 1027 4708 extollantur.
1047 4635 1136 4720 Quia
1146 4657 1230 4710 vero
1247 4637 1359 4733 placet
1371 4634 1541 4710 sanctitati
1555 4643 1671 4707 vestre

262 4747 398 4938 aliqus
407 4751 548 4828 fratrum
563 4756 694 4831 ordinis
708 4759 962 4856 predicatorum
975 4763 1203 4838 transmittere
1218 4761 1265 4836 ad
1279 4763 1536 4837 conversionem
1553 4760 1671 4834 Sarra·

385 4915 396 4938 .
1474 4893 1512 4945 se
