<?xml version="1.0" encoding="UTF-8"?>
<!DOCTYPE html PUBLIC "-//W3C//DTD XHTML 1.0 Transitional//EN"
    "http://www.w3.org/TR/xhtml1/DTD/xhtml1-transitional.dtd">
<html xmlns="http://www.w3.org/1999/xhtml" xml:lang="en" lang="en">
 <head>
  <title>
</title>
<meta http-equiv="Content-Type" content="text/html;charset=utf-8" />
  <meta name='ocr-system' content='tesseract 3.04.00' />
  <meta name='ocr-capabilities' content='ocr_page ocr_carea ocr_par ocr_line ocrx_word'/>
</head>
<body>
  <div class='ocr_page' id='page_1' title='image "./historiadiploma07fredgoog_0117.png"; bbox 0 0 4308 5910; ppageno 0'>
   <div class='ocr_carea' id='block_1_1' title="bbox 751 605 1090 668">
    <p class='ocr_par' dir='ltr' id='par_1_1' title="bbox 751 605 1090 668">
     <span class='ocr_line' id='line_1_1' title="bbox 751 605 1090 668; baseline -0.006 0"><span class='ocrx_word' id='word_1_1' title='bbox 751 607 878 668; x_wconf 77' lang='lat' dir='ltr'>REGNl</span> <span class='ocrx_word' id='word_1_2' title='bbox 904 605 1090 668; x_wconf 81' lang='lat' dir='ltr'>stciulnn.</span> 
     </span>
    </p>
   </div>
   <div class='ocr_carea' id='block_1_2' title="bbox 622 903 1216 1334">
    <p class='ocr_par' dir='ltr' id='par_1_2' title="bbox 622 903 1216 1334">
     <span class='ocr_line' id='line_1_2' title="bbox 622 903 1216 1004; baseline 0.002 -26"><span class='ocrx_word' id='word_1_3' title='bbox 622 903 825 980; x_wconf 86' lang='lat' dir='ltr'>&#39;llTULUS</span> <span class='ocrx_word' id='word_1_4' title='bbox 857 905 1012 978; x_wconf 89' lang='lat' dir='ltr'>XXXll.</span> <span class='ocrx_word' id='word_1_5' title='bbox 1040 907 1102 978; x_wconf 80' lang='lat' dir='ltr'>Au</span> <span class='ocrx_word' id='word_1_6' title='bbox 1127 903 1216 1004; x_wconf 79' lang='lat'>(³2).</span> 
     </span>
     <span class='ocr_line' id='line_1_3' title="bbox 705 1080 1140 1178; baseline 0.005 -26"><span class='ocrx_word' id='word_1_7' title='bbox 705 1083 753 1152; x_wconf 83' lang='lat' dir='ltr'>lle</span> <span class='ocrx_word' id='word_1_8' title='bbox 774 1084 900 1178; x_wconf 69' lang='lat' dir='ltr'>puppis</span> <span class='ocrx_word' id='word_1_9' title='bbox 920 1083 1058 1154; x_wconf 65' lang='lat' dir='ltr'>subluis</span> <span class='ocrx_word' id='word_1_10' title='bbox 1078 1080 1140 1178; x_wconf 86' lang='lat' dir='ltr'>(a).</span> 
     </span>
     <span class='ocr_line' id='line_1_4' title="bbox 765 1281 1083 1334; baseline 0.006 -2"><span class='ocrx_word' id='word_1_11' title='bbox 765 1281 857 1332; x_wconf 80' lang='lat' dir='ltr'>rnna</span> <span class='ocrx_word' id='word_1_12' title='bbox 887 1282 1083 1334; x_wconf 83' lang='lat' dir='ltr'>aneusrus.</span> 
     </span>
    </p>
   </div>
   <div class='ocr_carea' id='block_1_3' title="bbox 217 1435 1635 2900">
    <p class='ocr_par' dir='ltr' id='par_1_3' title="bbox 217 1435 1635 2900">
     <span class='ocr_line' id='line_1_5' title="bbox 268 1435 1633 1532; baseline -0.004 -21"><span class='ocrx_word' id='word_1_13' title='bbox 268 1435 515 1530; x_wconf 58' lang='lat' dir='ltr'>Proewuentes</span> <span class='ocrx_word' id='word_1_14' title='bbox 543 1437 742 1510; x_wconf 88' lang='lat' dir='ltr'>benivolum</span> <span class='ocrx_word' id='word_1_15' title='bbox 766 1445 881 1510; x_wconf 81' lang='lat' dir='ltr'>noatm</span> <span class='ocrx_word' id='word_1_16' title='bbox 907 1436 1096 1509; x_wconf 82' lang='lat' dir='ltr'>voluntatis</span> <span class='ocrx_word' id='word_1_17' title='bbox 1123 1435 1334 1532; x_wconf 89' lang='lat' dir='ltr'>propositum</span> <span class='ocrx_word' id='word_1_18' title='bbox 1363 1455 1434 1528; x_wconf 90' lang='lat' dir='ltr'>quo</span> <span class='ocrx_word' id='word_1_19' title='bbox 1455 1457 1633 1530; x_wconf 78' lang='lat' dir='ltr'>pugnasu</span> 
     </span>
     <span class='ocr_line' id='line_1_6' title="bbox 218 1558 1634 1658; baseline 0.001 -28"><span class='ocrx_word' id='word_1_20' title='bbox 218 1570 333 1632; x_wconf 87' lang='lat' dir='ltr'>nostra</span> <span class='ocrx_word' id='word_1_21' title='bbox 364 1561 562 1657; x_wconf 72' lang='lat' dir='ltr'>republica,</span> <span class='ocrx_word' id='word_1_22' title='bbox 589 1570 808 1658; x_wconf 70' lang='lat' dir='ltr'>preterquam</span> <span class='ocrx_word' id='word_1_23' title='bbox 833 1560 869 1632; x_wconf 94' lang='lat' dir='ltr'>in</span> <span class='ocrx_word' id='word_1_24' title='bbox 898 1560 1109 1656; x_wconf 90' lang='lat' dir='ltr'>quibusdam</span> <span class='ocrx_word' id='word_1_25' title='bbox 1137 1561 1257 1656; x_wconf 90' lang='lat' dir='ltr'>paucis</span> <span class='ocrx_word' id='word_1_26' title='bbox 1282 1558 1471 1633; x_wconf 83' lang='lat' dir='ltr'>admodum</span> <span class='ocrx_word' id='word_1_27' title='bbox 1494 1560 1634 1632; x_wconf 81' lang='lat' dir='ltr'>casibus</span> 
     </span>
     <span class='ocr_line' id='line_1_7' title="bbox 217 1683 1634 1780; baseline 0.003 -28"><span class='ocrx_word' id='word_1_28' title='bbox 217 1685 456 1779; x_wconf 84' lang='lat' dir='ltr'>preexceptis,</span> <span class='ocrx_word' id='word_1_29' title='bbox 484 1683 700 1780; x_wconf 87' lang='lat' dir='ltr'>previdimus</span> <span class='ocrx_word' id='word_1_30' title='bbox 723 1683 949 1777; x_wconf 88' lang='lat' dir='ltr'>submovere,</span> <span class='ocrx_word' id='word_1_31' title='bbox 974 1685 1153 1780; x_wconf 76' lang='lat' dir='ltr'>ingerente</span> <span class='ocrx_word' id='word_1_32' title='bbox 1175 1705 1214 1757; x_wconf 87' lang='lat' dir='ltr'>ee</span> <span class='ocrx_word' id='word_1_33' title='bbox 1235 1705 1336 1758; x_wconf 84' lang='lat' dir='ltr'>cesus</span> <span class='ocrx_word' id='word_1_34' title='bbox 1361 1684 1529 1780; x_wconf 88' lang='lat' dir='ltr'>presentis</span> <span class='ocrx_word' id='word_1_35' title='bbox 1554 1706 1634 1756; x_wconf 91' lang='lat' dir='ltr'>ma-</span> 
     </span>
     <span class='ocr_line' id='line_1_8' title="bbox 218 1805 1634 1904; baseline 0.002 -29"><span class='ocrx_word' id='word_1_36' title='bbox 218 1806 302 1878; x_wconf 85' lang='lat' dir='ltr'>terie</span> <span class='ocrx_word' id='word_1_37' title='bbox 320 1805 415 1879; x_wconf 88' lang='lat' dir='ltr'>circa</span> <span class='ocrx_word' id='word_1_38' title='bbox 438 1807 586 1880; x_wconf 83' lang='lat' dir='ltr'>Francos</span> <span class='ocrx_word' id='word_1_39' title='bbox 601 1805 663 1904; x_wconf 92' lang='lat' dir='ltr'>qui</span> <span class='ocrx_word' id='word_1_40' title='bbox 680 1827 906 1903; x_wconf 88' lang='lat' dir='ltr'>personarum</span> <span class='ocrx_word' id='word_1_41' title='bbox 924 1830 1065 1881; x_wconf 89' lang='lat' dir='ltr'>enarum</span> <span class='ocrx_word' id='word_1_42' title='bbox 1087 1808 1344 1904; x_wconf 89' lang='lat' dir='ltr'>plurimumque</span> <span class='ocrx_word' id='word_1_43' title='bbox 1362 1828 1475 1878; x_wconf 92' lang='lat' dir='ltr'>rerum</span> <span class='ocrx_word' id='word_1_44' title='bbox 1492 1830 1634 1880; x_wconf 84' lang='lat' dir='ltr'>suorum</span> 
     </span>
     <span class='ocr_line' id='line_1_9' title="bbox 218 1931 1633 2028; baseline 0.001 -26"><span class='ocrx_word' id='word_1_45' title='bbox 218 1931 372 2003; x_wconf 91' lang='lat' dir='ltr'>omnium</span> <span class='ocrx_word' id='word_1_46' title='bbox 388 1941 451 2003; x_wconf 90' lang='lat' dir='ltr'>aut</span> <span class='ocrx_word' id='word_1_47' title='bbox 467 1933 607 2026; x_wconf 85' lang='lat' dir='ltr'>majoris</span> <span class='ocrx_word' id='word_1_48' title='bbox 624 1933 731 2028; x_wconf 86' lang='lat' dir='ltr'>pertis</span> <span class='ocrx_word' id='word_1_49' title='bbox 751 1954 871 2006; x_wconf 82' lang='lat' dir='ltr'>eurum</span> <span class='ocrx_word' id='word_1_50' title='bbox 891 1935 1061 2006; x_wconf 81' lang='lat' dir='ltr'>fortunam</span> <span class='ocrx_word' id='word_1_51' title='bbox 1081 1933 1117 2005; x_wconf 91' lang='lat' dir='ltr'>in</span> <span class='ocrx_word' id='word_1_52' title='bbox 1136 1931 1429 2022; x_wconf 81' lang='lat' dir='ltr'><strong>monomachiam,</strong></span> <span class='ocrx_word' id='word_1_53' title='bbox 1446 1953 1515 2025; x_wconf 89' lang='lat' dir='ltr'>que</span> <span class='ocrx_word' id='word_1_54' title='bbox 1534 1932 1633 2005; x_wconf 88' lang='lat' dir='ltr'>duel·</span> 
     </span>
     <span class='ocr_line' id='line_1_10' title="bbox 218 2055 1634 2155; baseline 0.004 -30"><span class='ocrx_word' id='word_1_55' title='bbox 218 2055 288 2126; x_wconf 94' lang='lat' dir='ltr'>lum</span> <span class='ocrx_word' id='word_1_56' title='bbox 306 2055 498 2150; x_wconf 78' lang='lat' dir='ltr'>vulgariter</span> <span class='ocrx_word' id='word_1_57' title='bbox 517 2057 659 2152; x_wconf 88' lang='lat' dir='ltr'>dicitur,</span> <span class='ocrx_word' id='word_1_58' title='bbox 679 2058 893 2154; x_wconf 76' lang='lat' dir='ltr'>reponebant</span> <span class='ocrx_word' id='word_1_59' title='bbox 909 2059 970 2155; x_wconf 84' lang='lat' dir='ltr'>(b),</span> <span class='ocrx_word' id='word_1_60' title='bbox 992 2058 1079 2154; x_wconf 92' lang='lat' dir='ltr'>quid</span> <span class='ocrx_word' id='word_1_61' title='bbox 1098 2059 1143 2132; x_wconf 91' lang='lat' dir='ltr'>de</span> <span class='ocrx_word' id='word_1_62' title='bbox 1157 2057 1208 2130; x_wconf 84' lang='lat' dir='ltr'>eis</span> <span class='ocrx_word' id='word_1_63' title='bbox 1225 2055 1395 2130; x_wconf 90' lang='lat' dir='ltr'>celsitudo</span> <span class='ocrx_word' id='word_1_64' title='bbox 1409 2067 1525 2130; x_wconf 90' lang='lat' dir='ltr'>nostra</span> <span class='ocrx_word' id='word_1_65' title='bbox 1551 2080 1634 2152; x_wconf 91' lang='lat' dir='ltr'>pro-</span> 
     </span>
     <span class='ocr_line' id='line_1_11' title="bbox 219 2177 1629 2282; baseline 0.002 -32"><span class='ocrx_word' id='word_1_66' title='bbox 219 2177 344 2251; x_wconf 88' lang='lat' dir='ltr'>viderit</span> <span class='ocrx_word' id='word_1_67' title='bbox 359 2180 596 2272; x_wconf 87' lang='lat' dir='ltr'>statuendum,</span> <span class='ocrx_word' id='word_1_68' title='bbox 617 2183 858 2258; x_wconf 88' lang='lat' dir='ltr'>constitutione</span> <span class='ocrx_word' id='word_1_69' title='bbox 879 2185 1027 2282; x_wconf 84' lang='lat' dir='ltr'>presenti</span> <span class='ocrx_word' id='word_1_70' title='bbox 1047 2182 1324 2256; x_wconf 79' lang='lat' dir='ltr'>manifestissime</span> <span class='ocrx_word' id='word_1_71' title='bbox 1342 2179 1584 2278; x_wconf 90' lang='lat' dir='ltr'>declaramus(</span> <span class='ocrx_word' id='word_1_72' title='bbox 1604 2184 1629 2278; x_wconf 85' lang='lat'>).</span> 
     </span>
     <span class='ocr_line' id='line_1_12' title="bbox 218 2301 1634 2405; baseline 0.004 -31"><span class='ocrx_word' id='word_1_73' title='bbox 218 2301 413 2377; x_wconf 89' lang='lat' dir='ltr'>Prcdictum</span> <span class='ocrx_word' id='word_1_74' title='bbox 431 2329 514 2401; x_wconf 83' lang='lat' dir='ltr'>ergo</span> <span class='ocrx_word' id='word_1_75' title='bbox 528 2308 740 2404; x_wconf 87' lang='lat' dir='ltr'>probationis</span> <span class='ocrx_word' id='word_1_76' title='bbox 755 2308 900 2383; x_wconf 93' lang='lat' dir='ltr'>modum</span> <span class='ocrx_word' id='word_1_77' title='bbox 916 2331 977 2405; x_wconf 90' lang='lat' dir='ltr'>per</span> <span class='ocrx_word' id='word_1_78' title='bbox 992 2330 1145 2404; x_wconf 82' lang='lat' dir='ltr'>pugnam</span> <span class='ocrx_word' id='word_1_79' title='bbox 1158 2307 1333 2398; x_wconf 87' lang='lat' dir='ltr'>videlicet,</span> <span class='ocrx_word' id='word_1_80' title='bbox 1350 2327 1420 2400; x_wconf 90' lang='lat' dir='ltr'>quo</span> <span class='ocrx_word' id='word_1_81' title='bbox 1433 2307 1511 2398; x_wconf 90' lang='lat' dir='ltr'>jore</span> <span class='ocrx_word' id='word_1_82' title='bbox 1528 2308 1634 2380; x_wconf 88' lang='lat' dir='ltr'>Frau-</span> 
     </span>
     <span class='ocr_line' id='line_1_13' title="bbox 219 2419 1634 2528; baseline 0.004 -29"><span class='ocrx_word' id='word_1_83' title='bbox 219 2419 337 2500; x_wconf 75' lang='lat' dir='ltr'>coru&#39;m</span> <span class='ocrx_word' id='word_1_84' title='bbox 356 2429 516 2504; x_wconf 84' lang='lat' dir='ltr'>viventes</span> <span class='ocrx_word' id='word_1_85' title='bbox 533 2431 700 2504; x_wconf 88' lang='lat' dir='ltr'>hacteuus</span> <span class='ocrx_word' id='word_1_86' title='bbox 718 2432 904 2505; x_wconf 91' lang='lat' dir='ltr'>utebantur</span> <span class='ocrx_word' id='word_1_87' title='bbox 926 2442 995 2506; x_wconf 89' lang='lat' dir='ltr'>tam</span> <span class='ocrx_word' id='word_1_88' title='bbox 1017 2433 1108 2505; x_wconf 90' lang='lat' dir='ltr'>circa</span> <span class='ocrx_word' id='word_1_89' title='bbox 1129 2432 1335 2528; x_wconf 86' lang='lat' dir='ltr'>principales</span> <span class='ocrx_word' id='word_1_90' title='bbox 1353 2452 1516 2526; x_wconf 82' lang='lat' dir='ltr'>personas</span> <span class='ocrx_word' id='word_1_91' title='bbox 1536 2437 1634 2524; x_wconf 87' lang='lat' dir='ltr'>[cem</span> 
     </span>
     <span class='ocr_line' id='line_1_14' title="bbox 219 2552 1634 2653; baseline 0.002 -29"><span class='ocrx_word' id='word_1_92' title='bbox 219 2552 283 2624; x_wconf 88' lang='lat' dir='ltr'>sibi</span> <span class='ocrx_word' id='word_1_93' title='bbox 306 2553 458 2628; x_wconf 88' lang='lat' dir='ltr'>invicem</span> <span class='ocrx_word' id='word_1_94' title='bbox 485 2555 809 2650; x_wconf 81' lang='lat' dir='ltr'>oderend01qunm</span> <span class='ocrx_word' id='word_1_95' title='bbox 837 2555 928 2628; x_wconf 88' lang='lat' dir='ltr'>circu</span> <span class='ocrx_word' id='word_1_96' title='bbox 952 2577 1117 2652; x_wconf 89' lang='lat' dir='ltr'>personas</span> <span class='ocrx_word' id='word_1_97' title='bbox 1145 2555 1282 2628; x_wconf 87' lang='lat' dir='ltr'>testium</span> <span class='ocrx_word' id='word_1_98' title='bbox 1311 2555 1460 2629; x_wconf 88' lang='lat' dir='ltr'>invicem</span> <span class='ocrx_word' id='word_1_99' title='bbox 1485 2555 1634 2653; x_wconf 89' lang='lat' dir='ltr'>produc-</span> 
     </span>
     <span class='ocr_line' id='line_1_15' title="bbox 220 2676 1635 2774; baseline 0.004 -26"><span class='ocrx_word' id='word_1_100' title='bbox 220 2685 331 2748; x_wconf 90' lang='lat' dir='ltr'>torum</span> <span class='ocrx_word' id='word_1_101' title='bbox 350 2676 415 2772; x_wconf 76' lang='lat' dir='ltr'>(d),</span> <span class='ocrx_word' id='word_1_102' title='bbox 433 2687 503 2751; x_wconf 72' lang='lat' dir='ltr'>mm</span> <span class='ocrx_word' id='word_1_103' title='bbox 527 2679 564 2750; x_wconf 93' lang='lat' dir='ltr'>in</span> <span class='ocrx_word' id='word_1_104' title='bbox 591 2680 751 2752; x_wconf 90' lang='lat' dir='ltr'>civilibus</span> <span class='ocrx_word' id='word_1_105' title='bbox 772 2701 877 2774; x_wconf 89' lang='lat' dir='ltr'>quam</span> <span class='ocrx_word' id='word_1_106' title='bbox 906 2679 941 2750; x_wconf 93' lang='lat' dir='ltr'>iu</span> <span class='ocrx_word' id='word_1_107' title='bbox 967 2679 1204 2752; x_wconf 88' lang='lat' dir='ltr'>criminalibus</span> <span class='ocrx_word' id='word_1_108' title='bbox 1227 2679 1341 2752; x_wconf 85' lang='lat' dir='ltr'>censis</span> <span class='ocrx_word' id='word_1_109' title='bbox 1365 2678 1410 2752; x_wconf 91' lang='lat' dir='ltr'>de</span> <span class='ocrx_word' id='word_1_110' title='bbox 1432 2689 1545 2754; x_wconf 89' lang='lat' dir='ltr'>cetero</span> <span class='ocrx_word' id='word_1_111' title='bbox 1567 2703 1635 2754; x_wconf 88' lang='lat' dir='ltr'>vo-</span> 
     </span>
     <span class='ocr_line' id='line_1_16' title="bbox 220 2802 1634 2900; baseline 0.003 -28"><span class='ocrx_word' id='word_1_112' title='bbox 220 2802 335 2874; x_wconf 92' lang='lat' dir='ltr'>lumus</span> <span class='ocrx_word' id='word_1_113' title='bbox 355 2823 432 2876; x_wconf 90' lang='lat' dir='ltr'>esse</span> <span class='ocrx_word' id='word_1_114' title='bbox 453 2803 639 2876; x_wconf 84' lang='lat' dir='ltr'>sublatum.</span> <span class='ocrx_word' id='word_1_115' title='bbox 663 2803 732 2877; x_wconf 89' lang='lat' dir='ltr'>Sed</span> <span class='ocrx_word' id='word_1_116' title='bbox 750 2803 780 2877; x_wconf 92' lang='lat' dir='ltr'>si</span> <span class='ocrx_word' id='word_1_117' title='bbox 798 2805 951 2876; x_wconf 87' lang='lat' dir='ltr'>Francus</span> <span class='ocrx_word' id='word_1_118' title='bbox 966 2803 1094 2899; x_wconf 85' lang='lat' dir='ltr'>uliquis</span> <span class='ocrx_word' id='word_1_119' title='bbox 1110 2827 1131 2878; x_wconf 91' lang='lat' dir='ltr'>a</span> <span class='ocrx_word' id='word_1_120' title='bbox 1147 2805 1278 2878; x_wconf 88' lang='lat' dir='ltr'>Franco</span> <span class='ocrx_word' id='word_1_121' title='bbox 1294 2805 1349 2877; x_wconf 88' lang='lat' dir='ltr'>vel</span> <span class='ocrx_word' id='word_1_122' title='bbox 1372 2806 1475 2878; x_wconf 90' lang='lat' dir='ltr'>etiam</span> <span class='ocrx_word' id='word_1_123' title='bbox 1492 2807 1634 2900; x_wconf 79' lang='lat' dir='ltr'>Longo-</span> 
     </span>
    </p>
   </div>
   <div class='ocr_carea' id='block_1_4' title="bbox 220 2926 1636 3400">
    <p class='ocr_par' dir='ltr' id='par_1_4' title="bbox 220 2926 1636 3400">
     <span class='ocr_line' id='line_1_17' title="bbox 220 2926 1633 3024; baseline 0.003 -25"><span class='ocrx_word' id='word_1_124' title='bbox 220 2926 328 3002; x_wconf 86' lang='lat' dir='ltr'>bnrdo</span> <span class='ocrx_word' id='word_1_125' title='bbox 346 2949 452 3024; x_wconf 88' lang='lat' dir='ltr'>super</span> <span class='ocrx_word' id='word_1_126' title='bbox 469 2928 586 3024; x_wconf 83' lang='lat' dir='ltr'>alique</span> <span class='ocrx_word' id='word_1_127' title='bbox 598 2929 780 3024; x_wconf 85' lang='lat' dir='ltr'>questione</span> <span class='ocrx_word' id='word_1_128' title='bbox 797 2927 892 3001; x_wconf 91' lang='lat' dir='ltr'>civili</span> <span class='ocrx_word' id='word_1_129' title='bbox 906 2929 961 3002; x_wconf 89' lang='lat' dir='ltr'>vel</span> <span class='ocrx_word' id='word_1_130' title='bbox 977 2929 1080 3002; x_wconf 89' lang='lat' dir='ltr'>etiam</span> <span class='ocrx_word' id='word_1_131' title='bbox 1095 2929 1264 3001; x_wconf 88' lang='lat' dir='ltr'>criminali</span> <span class='ocrx_word' id='word_1_132' title='bbox 1279 2929 1431 3002; x_wconf 81' lang='lat' dir='ltr'>extiterit</span> <span class='ocrx_word' id='word_1_133' title='bbox 1445 2929 1633 3024; x_wconf 89' lang='lat' dir='ltr'>impetitus,</span> 
     </span>
     <span class='ocr_line' id='line_1_18' title="bbox 221 3051 1636 3151; baseline 0.001 -28"><span class='ocrx_word' id='word_1_134' title='bbox 221 3073 281 3148; x_wconf 91' lang='lat' dir='ltr'>per</span> <span class='ocrx_word' id='word_1_135' title='bbox 304 3051 526 3148; x_wconf 83' lang='lat' dir='ltr'>probationes</span> <span class='ocrx_word' id='word_1_136' title='bbox 543 3054 683 3126; x_wconf 90' lang='lat' dir='ltr'>testium</span> <span class='ocrx_word' id='word_1_137' title='bbox 707 3055 764 3126; x_wconf 88' lang='lat' dir='ltr'>vel</span> <span class='ocrx_word' id='word_1_138' title='bbox 782 3054 1088 3127; x_wconf 88' lang='lat' dir='ltr'>instrumentorum</span> <span class='ocrx_word' id='word_1_139' title='bbox 1107 3063 1142 3128; x_wconf 91' lang='lat' dir='ltr'>el</span> <span class='ocrx_word' id='word_1_140' title='bbox 1160 3053 1324 3126; x_wconf 92' lang='lat' dir='ltr'>similium</span> <span class='ocrx_word' id='word_1_141' title='bbox 1341 3076 1403 3150; x_wconf 91' lang='lat' dir='ltr'>per</span> <span class='ocrx_word' id='word_1_142' title='bbox 1420 3075 1509 3149; x_wconf 89' lang='lat' dir='ltr'>ques</span> <span class='ocrx_word' id='word_1_143' title='bbox 1522 3065 1636 3151; x_wconf 90' lang='lat' dir='ltr'>posset</span> 
     </span>
     <span class='ocr_line' id='line_1_19' title="bbox 222 3177 1633 3272; baseline 0.003 -24"><span class='ocrx_word' id='word_1_144' title='bbox 222 3178 321 3272; x_wconf 92' lang='lat' dir='ltr'>plene</span> <span class='ocrx_word' id='word_1_145' title='bbox 347 3177 487 3272; x_wconf 93' lang='lat' dir='ltr'>probari</span> <span class='ocrx_word' id='word_1_146' title='bbox 520 3179 670 3267; x_wconf 87' lang='lat' dir='ltr'>veritas,</span> <span class='ocrx_word' id='word_1_147' title='bbox 701 3179 940 3252; x_wconf 87' lang='lat' dir='ltr'>convincetur.</span> <span class='ocrx_word' id='word_1_148' title='bbox 975 3179 1198 3252; x_wconf 89' lang='lat' dir='ltr'>Probationes</span> <span class='ocrx_word' id='word_1_149' title='bbox 1225 3189 1463 3252; x_wconf 88' lang='lat' dir='ltr'>verumtamen</span> <span class='ocrx_word' id='word_1_150' title='bbox 1495 3179 1633 3252; x_wconf 87' lang='lat' dir='ltr'>testium</span> 
     </span>
     <span class='ocr_line' id='line_1_20' title="bbox 223 3302 1635 3400; baseline 0.001 -25"><span class='ocrx_word' id='word_1_151' title='bbox 223 3323 283 3398; x_wconf 91' lang='lat' dir='ltr'>pro</span> <span class='ocrx_word' id='word_1_152' title='bbox 299 3324 526 3400; x_wconf 87' lang='lat' dir='ltr'>personarum</span> <span class='ocrx_word' id='word_1_153' title='bbox 545 3303 768 3398; x_wconf 87' lang='lat' dir='ltr'>qualitatibus</span> <span class='ocrx_word' id='word_1_154' title='bbox 783 3302 947 3376; x_wconf 83' lang='lat' dir='ltr'>videlieet</span> <span class='ocrx_word' id='word_1_155' title='bbox 964 3313 999 3376; x_wconf 93' lang='lat' dir='ltr'>et</span> <span class='ocrx_word' id='word_1_156' title='bbox 1015 3325 1217 3396; x_wconf 78' lang='lat' dir='ltr'>causarum,</span> <span class='ocrx_word' id='word_1_157' title='bbox 1237 3305 1398 3378; x_wconf 87' lang='lat' dir='ltr'>volumus</span> <span class='ocrx_word' id='word_1_158' title='bbox 1415 3325 1491 3377; x_wconf 90' lang='lat' dir='ltr'>esse</span> <span class='ocrx_word' id='word_1_159' title='bbox 1509 3303 1635 3378; x_wconf 87' lang='lat' dir='ltr'>amodo</span> 
     </span>
    </p>
   </div>
   <div class='ocr_carea' id='block_1_5' title="bbox 263 3478 1369 3881">
    <p class='ocr_par' dir='ltr' id='par_1_5' title="bbox 263 3478 1334 3670">
     <span class='ocr_line' id='line_1_21' title="bbox 263 3478 1334 3562; baseline 0.002 -22"><span class='ocrx_word' id='word_1_160' title='bbox 263 3478 306 3560; x_wconf 82' lang='lat' dir='ltr'>(a)</span> <span class='ocrx_word' id='word_1_161' title='bbox 328 3479 440 3542; x_wconf 76' lang='lat' dir='ltr'>Graece</span> <span class='ocrx_word' id='word_1_162' title='bbox 455 3497 464 3539; x_wconf 72' lang='grc' dir='ltr'><strong>ε</strong></span> <span class='ocrx_word' id='word_1_163' title='bbox 483 3478 628 3558; x_wconf 62' lang='lat' dir='ltr'>monade</span> <span class='ocrx_word' id='word_1_164' title='bbox 636 3479 762 3561; x_wconf 78' lang='lat' dir='ltr'>probare</span> <span class='ocrx_word' id='word_1_165' title='bbox 774 3487 904 3562; x_wconf 72' lang='lat' dir='ltr'>eperunt</span> <span class='ocrx_word' id='word_1_166' title='bbox 916 3487 1018 3542; x_wconf 82' lang='lat' dir='ltr'>contra</span> <span class='ocrx_word' id='word_1_167' title='bbox 1036 3481 1150 3542; x_wconf 73' lang='lat' dir='ltr'>connita</span> <span class='ocrx_word' id='word_1_168' title='bbox 1162 3485 1191 3542; x_wconf 82' lang='lat' dir='ltr'>et</span> <span class='ocrx_word' id='word_1_169' title='bbox 1203 3478 1334 3542; x_wconf 71' lang='lat' dir='ltr'>leuna.</span> 
     </span>
     <span class='ocr_line' id='line_1_22' title="bbox 263 3583 787 3670; baseline 0.002 -23"><span class='ocrx_word' id='word_1_170' title='bbox 263 3584 303 3666; x_wconf 82' lang='lat' dir='ltr'>(l)</span> <span class='ocrx_word' id='word_1_171' title='bbox 326 3585 437 3650; x_wconf 84' lang='lat' dir='ltr'>Graece</span> <span class='ocrx_word' id='word_1_172' title='bbox 450 3583 595 3662; x_wconf 71' lang='grc' dir='ltr'>ᾰκώθων,</span> <span class='ocrx_word' id='word_1_173' title='bbox 609 3585 787 3670; x_wconf 77' lang='lat' dir='ltr'>rejiciebant.</span> 
     </span>
    </p>

    <p class='ocr_par' dir='ltr' id='par_1_6' title="bbox 263 3689 1369 3881">
     <span class='ocr_line' id='line_1_23' title="bbox 263 3689 1369 3774; baseline -0.003 -21"><span class='ocrx_word' id='word_1_174' title='bbox 263 3691 301 3773; x_wconf 82' lang='lat' dir='ltr'>(c)</span> <span class='ocrx_word' id='word_1_175' title='bbox 327 3693 363 3754; x_wconf 94' lang='lat' dir='ltr'>ln</span> <span class='ocrx_word' id='word_1_176' title='bbox 377 3693 517 3754; x_wconf 84' lang='lat' dir='ltr'>omuibus</span> <span class='ocrx_word' id='word_1_177' title='bbox 532 3689 727 3772; x_wconf 76' lang='lat' dir='ltr'>declaranta3</span> <span class='ocrx_word' id='word_1_178' title='bbox 743 3695 919 3774; x_wconf 82' lang='lat' dir='ltr'>eorrlgimus</span> <span class='ocrx_word' id='word_1_179' title='bbox 933 3711 970 3754; x_wconf 80' lang='lat' dir='ltr'>ex</span> <span class='ocrx_word' id='word_1_180' title='bbox 984 3709 1089 3773; x_wconf 79' lang='lat' dir='ltr'>graeco</span> <span class='ocrx_word' id='word_1_181' title='bbox 1102 3697 1133 3753; x_wconf 89' lang='lat' dir='ltr'>et</span> <span class='ocrx_word' id='word_1_182' title='bbox 1145 3709 1184 3752; x_wconf 81' lang='lat' dir='ltr'>ex</span> <span class='ocrx_word' id='word_1_183' title='bbox 1197 3691 1263 3752; x_wconf 89' lang='lat' dir='ltr'>cod.</span> <span class='ocrx_word' id='word_1_184' title='bbox 1281 3699 1369 3752; x_wconf 74' lang='lat'><strong>48²5.</strong></span> 
     </span>
     <span class='ocr_line' id='line_1_24' title="bbox 265 3797 811 3881; baseline 0.002 -20"><span class='ocrx_word' id='word_1_185' title='bbox 265 3797 309 3881; x_wconf 78' lang='lat' dir='ltr'>(d)</span> <span class='ocrx_word' id='word_1_186' title='bbox 329 3801 366 3861; x_wconf 87' lang='lat' dir='ltr'>ln</span> <span class='ocrx_word' id='word_1_187' title='bbox 379 3801 446 3862; x_wconf 87' lang='lat' dir='ltr'>cod.</span> <span class='ocrx_word' id='word_1_188' title='bbox 462 3807 540 3862; x_wconf 73' lang='lat'>46²5</span> <span class='ocrx_word' id='word_1_189' title='bbox 549 3799 811 3881; x_wconf 73' lang='lat' dir='ltr'>producendontni.</span> 
     </span>
    </p>
   </div>
   <div class='ocr_carea' id='block_1_6' title="bbox 825 3969 1079 3979">
    <p class='ocr_par' dir='ltr' id='par_1_7' title="bbox 825 3969 1079 3979">
     <span class='ocr_line' id='line_1_25' title="bbox 825 3969 1079 3979; baseline -0.008 0"><span class='ocrx_word' id='word_1_190' title='bbox 825 3973 833 3978; x_wconf 82' lang='grc' dir='ltr'>-ι</span> <span class='ocrx_word' id='word_1_191' title='bbox 838 3969 1079 3979; x_wconf 54' lang='lat' dir='ltr'>-a--n—n--u</span> 
     </span>
    </p>
   </div>
   <div class='ocr_carea' id='block_1_7' title="bbox 226 4061 1682 4820">
    <p class='ocr_par' dir='ltr' id='par_1_8' title="bbox 226 4061 1682 4820">
     <span class='ocr_line' id='line_1_26' title="bbox 226 4061 1637 4141; baseline 0.002 -21"><span class='ocrx_word' id='word_1_192' title='bbox 226 4061 350 4122; x_wconf 85' lang='lat' dir='ltr'>ecclcsiae</span> <span class='ocrx_word' id='word_1_193' title='bbox 360 4064 563 4138; x_wconf 77' lang='lat' dir='ltr'>Argentineusis</span> <span class='ocrx_word' id='word_1_194' title='bbox 577 4065 671 4136; x_wconf 85' lang='lat' dir='ltr'>misse,</span> <span class='ocrx_word' id='word_1_195' title='bbox 681 4065 727 4124; x_wconf 90' lang='lat' dir='ltr'>ubi</span> <span class='ocrx_word' id='word_1_196' title='bbox 742 4066 839 4141; x_wconf 83' lang='lat' dir='ltr'>legitur</span> <span class='ocrx_word' id='word_1_197' title='bbox 852 4083 858 4122; x_wconf 93' lang='lat'><strong>:</strong></span> <span class='ocrx_word' id='word_1_198' title='bbox 870 4085 883 4121; x_wconf 76' lang='grc' dir='ltr'><strong><em>α</em></strong></span> <span class='ocrx_word' id='word_1_199' title='bbox 897 4065 971 4123; x_wconf 83' lang='lat' dir='ltr'>Licet</span> <span class='ocrx_word' id='word_1_200' title='bbox 984 4065 1055 4140; x_wconf 89' lang='lat' dir='ltr'>apud</span> <span class='ocrx_word' id='word_1_201' title='bbox 1064 4065 1168 4138; x_wconf 88' lang='lat' dir='ltr'>judices</span> <span class='ocrx_word' id='word_1_202' title='bbox 1181 4063 1316 4121; x_wconf 81' lang='lat' dir='ltr'>seculares</span> <span class='ocrx_word' id='word_1_203' title='bbox 1329 4063 1449 4136; x_wconf 87' lang='lat' dir='ltr'>vulgaria</span> <span class='ocrx_word' id='word_1_204' title='bbox 1463 4070 1637 4123; x_wconf 81' lang='lat' dir='ltr'>exerceantur</span> 
     </span>
     <span class='ocr_line' id='line_1_27' title="bbox 229 4161 1636 4238; baseline 0.004 -24"><span class='ocrx_word' id='word_1_205' title='bbox 229 4161 359 4235; x_wconf 81' lang='lat' dir='ltr'>»judicia,</span> <span class='ocrx_word' id='word_1_206' title='bbox 373 4167 404 4219; x_wconf 86' lang='lat' dir='ltr'>ut</span> <span class='ocrx_word' id='word_1_207' title='bbox 415 4179 486 4238; x_wconf 84' lang='lat' dir='ltr'>aque</span> <span class='ocrx_word' id='word_1_208' title='bbox 500 4163 595 4237; x_wconf 79' lang='lat' dir='ltr'>frigide</span> <span class='ocrx_word' id='word_1_209' title='bbox 606 4163 650 4222; x_wconf 86' lang='lat' dir='ltr'>vel</span> <span class='ocrx_word' id='word_1_210' title='bbox 664 4164 729 4222; x_wconf 81' lang='lat' dir='ltr'>ferri</span> <span class='ocrx_word' id='word_1_211' title='bbox 741 4164 882 4221; x_wconf 89' lang='lat' dir='ltr'>candentis</span> <span class='ocrx_word' id='word_1_212' title='bbox 900 4163 957 4222; x_wconf 85' lang='lat' dir='ltr'>sive</span> <span class='ocrx_word' id='word_1_213' title='bbox 970 4163 1067 4233; x_wconf 91' lang='lat' dir='ltr'>duelli,</span> <span class='ocrx_word' id='word_1_214' title='bbox 1077 4162 1228 4236; x_wconf 89' lang='lat' dir='ltr'>hujusmodi</span> <span class='ocrx_word' id='word_1_215' title='bbox 1242 4167 1330 4218; x_wconf 70' lang='lat' dir='ltr'>umen</span> <span class='ocrx_word' id='word_1_216' title='bbox 1341 4161 1443 4235; x_wconf 85' lang='lat' dir='ltr'>judicia</span> <span class='ocrx_word' id='word_1_217' title='bbox 1455 4162 1573 4220; x_wconf 79' lang='lat' dir='ltr'>Ecclesia</span> <span class='ocrx_word' id='word_1_218' title='bbox 1582 4179 1636 4220; x_wconf 91' lang='lat' dir='ltr'>non</span> 
     </span>
     <span class='ocr_line' id='line_1_28' title="bbox 228 4258 1682 4336; baseline -0.001 -19"><span class='ocrx_word' id='word_1_219' title='bbox 228 4277 241 4310; x_wconf 78' lang='lat' dir='ltr'>r</span> <span class='ocrx_word' id='word_1_220' title='bbox 256 4258 376 4328; x_wconf 88' lang='lat' dir='ltr'>admisit,</span> <span class='ocrx_word' id='word_1_221' title='bbox 392 4274 454 4318; x_wconf 79' lang='lat' dir='ltr'>etum</span> <span class='ocrx_word' id='word_1_222' title='bbox 474 4261 604 4336; x_wconf 84' lang='lat' dir='ltr'>scriptum</span> <span class='ocrx_word' id='word_1_223' title='bbox 625 4262 661 4319; x_wconf 90' lang='lat' dir='ltr'>sit</span> <span class='ocrx_word' id='word_1_224' title='bbox 684 4263 712 4318; x_wconf 91' lang='lat' dir='ltr'>ln</span> <span class='ocrx_word' id='word_1_225' title='bbox 732 4261 791 4334; x_wconf 78' lang='lat' dir='ltr'>lege</span> <span class='ocrx_word' id='word_1_226' title='bbox 806 4261 897 4320; x_wconf 83' lang='lat' dir='ltr'>divina</span> <span class='ocrx_word' id='word_1_227' title='bbox 910 4279 918 4316; x_wconf 72' lang='grc' dir='ltr'><strong><em>ε</em></strong></span> <span class='ocrx_word' id='word_1_228' title='bbox 932 4262 991 4318; x_wconf 92' lang='lat' dir='ltr'>Non</span> <span class='ocrx_word' id='word_1_229' title='bbox 1004 4259 1119 4318; x_wconf 85' lang='lat' dir='ltr'>tentabis</span> <span class='ocrx_word' id='word_1_230' title='bbox 1132 4259 1273 4317; x_wconf 88' lang='lat' dir='ltr'>Dominum</span> <span class='ocrx_word' id='word_1_231' title='bbox 1285 4259 1369 4315; x_wconf 82' lang='lat' dir='ltr'>Deum</span> <span class='ocrx_word' id='word_1_232' title='bbox 1384 4261 1635 4331; x_wconf 72' lang='lat' dir='ltr'>tumulatorem,</span> <span class='ocrx_word' id='word_1_233' title='bbox 1678 4283 1682 4292; x_wconf 93' lang='lat'>·</span> 
     </span>
     <span class='ocr_line' id='line_1_29' title="bbox 227 4357 1634 4435; baseline 0.004 -23"><span class='ocrx_word' id='word_1_234' title='bbox 227 4357 307 4430; x_wconf 81' lang='lat' dir='ltr'>tijan.</span> <span class='ocrx_word' id='word_1_235' title='bbox 317 4361 398 4428; x_wconf 71' lang='lat'><strong>⁴2⁴2,</strong></span> <span class='ocrx_word' id='word_1_236' title='bbox 410 4374 456 4434; x_wconf 86' lang='lat' dir='ltr'>ap.</span> <span class='ocrx_word' id='word_1_237' title='bbox 470 4359 590 4430; x_wconf 78' lang='lat' dir='ltr'>bunun,</span> <span class='ocrx_word' id='word_1_238' title='bbox 604 4359 694 4435; x_wconf 77' lang='lat' dir='ltr'>Epist.</span> <span class='ocrx_word' id='word_1_239' title='bbox 709 4359 776 4416; x_wconf 87' lang='lat' dir='ltr'>Inn.</span> <span class='ocrx_word' id='word_1_240' title='bbox 789 4361 845 4430; x_wconf 88' lang='lat'><em>111,</em></span> <span class='ocrx_word' id='word_1_241' title='bbox 860 4373 924 4416; x_wconf 86' lang='lat' dir='ltr'>anu.</span> <span class='ocrx_word' id='word_1_242' title='bbox 939 4359 1013 4428; x_wconf 80' lang='lat' dir='ltr'>xlv,</span> <span class='ocrx_word' id='word_1_243' title='bbox 1026 4359 1088 4415; x_wconf 75' lang='lat'><strong>576.</strong></span> <span class='ocrx_word' id='word_1_244' title='bbox 1100 4357 1183 4415; x_wconf 77' lang='lat' dir='ltr'>Adest</span> <span class='ocrx_word' id='word_1_245' title='bbox 1197 4365 1286 4415; x_wconf 88' lang='lat' dir='ltr'>tamen</span> <span class='ocrx_word' id='word_1_246' title='bbox 1300 4373 1345 4433; x_wconf 92' lang='lat' dir='ltr'>ap.</span> <span class='ocrx_word' id='word_1_247' title='bbox 1361 4357 1514 4430; x_wconf 80' lang='lat' dir='ltr'>Gereonio,</span> <span class='ocrx_word' id='word_1_248' title='bbox 1523 4358 1634 4417; x_wconf 78' lang='lat' dir='ltr'>Conuid.</span> 
     </span>
     <span class='ocr_line' id='line_1_30' title="bbox 228 4453 1635 4531; baseline 0.001 -19"><span class='ocrx_word' id='word_1_249' title='bbox 228 4469 294 4528; x_wconf 82' lang='lat' dir='ltr'>topr.</span> <span class='ocrx_word' id='word_1_250' title='bbox 308 4453 337 4512; x_wconf 89' lang='lat' dir='ltr'>ln</span> <span class='ocrx_word' id='word_1_251' title='bbox 347 4461 415 4513; x_wconf 80' lang='lat' dir='ltr'>ntor.</span> <span class='ocrx_word' id='word_1_252' title='bbox 431 4455 567 4528; x_wconf 79' lang='lat' dir='ltr'>disicit,</span> <span class='ocrx_word' id='word_1_253' title='bbox 580 4457 626 4513; x_wconf 90' lang='lat' dir='ltr'>lib.</span> <span class='ocrx_word' id='word_1_254' title='bbox 641 4457 675 4526; x_wconf 84' lang='grc' dir='ltr'>ΙΙ,</span> <span class='ocrx_word' id='word_1_255' title='bbox 689 4473 715 4514; x_wconf 92' lang='lat' dir='ltr'>c.</span> <span class='ocrx_word' id='word_1_256' title='bbox 729 4458 777 4530; x_wconf 81' lang='grc' dir='ltr'>ΙΙΙ,</span> <span class='ocrx_word' id='word_1_257' title='bbox 789 4465 846 4516; x_wconf 89' lang='lat' dir='ltr'>not.</span> <span class='ocrx_word' id='word_1_258' title='bbox 857 4459 901 4528; x_wconf 80' lang='lat' dir='ltr'>tt,</span> <span class='ocrx_word' id='word_1_259' title='bbox 912 4458 1049 4531; x_wconf 81' lang='lat' dir='ltr'>cujusdem</span> <span class='ocrx_word' id='word_1_260' title='bbox 1061 4456 1177 4514; x_wconf 90' lang='lat' dir='ltr'>uu&#39;ssnlis</span> <span class='ocrx_word' id='word_1_261' title='bbox 1194 4456 1255 4513; x_wconf 86' lang='lat' dir='ltr'>libri</span> <span class='ocrx_word' id='word_1_262' title='bbox 1269 4457 1370 4514; x_wconf 88' lang='lat' dir='ltr'>mentio</span> <span class='ocrx_word' id='word_1_263' title='bbox 1389 4457 1460 4530; x_wconf 80' lang='lat' dir='ltr'>apud</span> <span class='ocrx_word' id='word_1_264' title='bbox 1475 4457 1635 4514; x_wconf 85' lang='lat' dir='ltr'>Pauormum</span> 
     </span>
     <span class='ocr_line' id='line_1_31' title="bbox 228 4553 1634 4629; baseline 0 -19"><span class='ocrx_word' id='word_1_265' title='bbox 228 4553 366 4624; x_wconf 74' lang='lat' dir='ltr'>mensu,</span> <span class='ocrx_word' id='word_1_266' title='bbox 381 4554 409 4610; x_wconf 92' lang='lat' dir='ltr'>in</span> <span class='ocrx_word' id='word_1_267' title='bbox 420 4569 475 4628; x_wconf 85' lang='lat' dir='ltr'>quo</span> <span class='ocrx_word' id='word_1_268' title='bbox 488 4569 548 4612; x_wconf 91' lang='lat' dir='ltr'>mos</span> <span class='ocrx_word' id='word_1_269' title='bbox 560 4555 755 4614; x_wconf 90' lang='lat' dir='ltr'>ecclesiasticus</span> <span class='ocrx_word' id='word_1_270' title='bbox 766 4555 918 4613; x_wconf 87' lang='lat' dir='ltr'>continetur</span> <span class='ocrx_word' id='word_1_271' title='bbox 929 4555 1089 4629; x_wconf 88' lang='lat' dir='ltr'>procedendi</span> <span class='ocrx_word' id='word_1_272' title='bbox 1108 4555 1135 4612; x_wconf 90' lang='lat' dir='ltr'>iu</span> <span class='ocrx_word' id='word_1_273' title='bbox 1153 4555 1261 4626; x_wconf 85' lang='lat' dir='ltr'>judiciis</span> <span class='ocrx_word' id='word_1_274' title='bbox 1280 4571 1328 4628; x_wconf 89' lang='lat' dir='ltr'>per</span> <span class='ocrx_word' id='word_1_275' title='bbox 1342 4570 1439 4626; x_wconf 83' lang='lat' dir='ltr'>equum</span> <span class='ocrx_word' id='word_1_276' title='bbox 1458 4553 1572 4610; x_wconf 82' lang='lat' dir='ltr'>calidam</span> <span class='ocrx_word' id='word_1_277' title='bbox 1585 4570 1634 4612; x_wconf 88' lang='lat' dir='ltr'>seu</span> 
     </span>
     <span class='ocr_line' id='line_1_32' title="bbox 229 4645 1635 4727; baseline 0.003 -23"><span class='ocrx_word' id='word_1_278' title='bbox 229 4645 392 4720; x_wconf 86' lang='lat' dir='ltr'>bullientem,</span> <span class='ocrx_word' id='word_1_279' title='bbox 406 4667 456 4724; x_wconf 89' lang='lat' dir='ltr'>per</span> <span class='ocrx_word' id='word_1_280' title='bbox 476 4649 577 4708; x_wconf 90' lang='lat' dir='ltr'>lerrum</span> <span class='ocrx_word' id='word_1_281' title='bbox 596 4653 732 4724; x_wconf 83' lang='lat' dir='ltr'>candens,</span> <span class='ocrx_word' id='word_1_282' title='bbox 748 4668 797 4727; x_wconf 87' lang='lat' dir='ltr'>per</span> <span class='ocrx_word' id='word_1_283' title='bbox 810 4667 907 4726; x_wconf 86' lang='lat' dir='ltr'>punem</span> <span class='ocrx_word' id='word_1_284' title='bbox 925 4659 954 4710; x_wconf 87' lang='lat' dir='ltr'>et</span> <span class='ocrx_word' id='word_1_285' title='bbox 974 4667 1092 4710; x_wconf 88' lang='lat' dir='ltr'>caseum.</span> <span class='ocrx_word' id='word_1_286' title='bbox 1114 4652 1216 4709; x_wconf 89' lang='lat' dir='ltr'>Ibidem</span> <span class='ocrx_word' id='word_1_287' title='bbox 1240 4657 1421 4710; x_wconf 89' lang='lat' dir='ltr'>memorantur</span> <span class='ocrx_word' id='word_1_288' title='bbox 1441 4651 1586 4725; x_wconf 84' lang='lat' dir='ltr'>imperetur</span> <span class='ocrx_word' id='word_1_289' title='bbox 1607 4658 1635 4709; x_wconf 89' lang='lat' dir='ltr'>et</span> 
     </span>
     <span class='ocr_line' id='line_1_33' title="bbox 229 4744 1501 4820; baseline 0.005 -20"><span class='ocrx_word' id='word_1_290' title='bbox 229 4744 378 4820; x_wconf 76' lang='lat' dir='ltr'>imperatrix</span> <span class='ocrx_word' id='word_1_291' title='bbox 391 4745 561 4820; x_wconf 64' lang='lat' dir='ltr'>Cousmmim</span> <span class='ocrx_word' id='word_1_292' title='bbox 574 4763 628 4806; x_wconf 93' lang='lat' dir='ltr'>non</span> <span class='ocrx_word' id='word_1_293' title='bbox 641 4749 731 4807; x_wconf 89' lang='lat' dir='ltr'>addito</span> <span class='ocrx_word' id='word_1_294' title='bbox 743 4755 834 4806; x_wconf 88' lang='lat' dir='ltr'>utrum</span> <span class='ocrx_word' id='word_1_295' title='bbox 845 4748 914 4806; x_wconf 89' lang='lat' dir='ltr'>huec</span> <span class='ocrx_word' id='word_1_296' title='bbox 925 4748 1004 4806; x_wconf 89' lang='lat' dir='ltr'>luen&#39;t</span> <span class='ocrx_word' id='word_1_297' title='bbox 1017 4749 1143 4806; x_wconf 83' lang='lat' dir='ltr'>Friderici</span> <span class='ocrx_word' id='word_1_298' title='bbox 1155 4749 1265 4807; x_wconf 84' lang='lat' dir='ltr'>secundi</span> <span class='ocrx_word' id='word_1_299' title='bbox 1278 4755 1411 4808; x_wconf 84' lang='lat' dir='ltr'>materen</span> <span class='ocrx_word' id='word_1_300' title='bbox 1426 4764 1501 4808; x_wconf 84' lang='lat' dir='ltr'>uxor.</span> 
     </span>
    </p>
   </div>
   <div class='ocr_carea' id='block_1_8' title="bbox 0 0 2171 5908">
    <p class='ocr_par' dir='ltr' id='par_1_9' title="bbox 0 0 2171 5908">
     <span class='ocr_line' id='line_1_34' title="bbox 0 0 2171 5908; baseline 0 0"><span class='ocrx_word' id='word_1_301' title='bbox 0 0 2171 5908; x_wconf 95' lang='lat' dir='ltr'> </span> 
     </span>
    </p>
   </div>
  </div>
 </body>
</html>
