4320 5918
245 591 343 650 lantcr.
359 587 403 668 a]
692 582 888 646 lllstoulll
912 581 1204 646 otutounulcn.
1592 577 1654 640 523

246 723 396 798 munitas
407 721 541 819 typario
550 720 737 817 imperialis
746 719 932 816 majestatis
946 721 1125 818 impressa.
1140 718 1205 794 Pro
1218 716 1371 815 predicta
1385 723 1501 790 autem
1511 703 1654 790 domina

247 847 386 922 nomine
403 845 494 920 dotis
506 845 621 942 recepi
637 845 896 942 promissionem
913 853 949 920 et
962 844 1207 940 obligationem
1225 841 1356 918 domini
1368 840 1460 937 regie
1473 839 1596 936 prelati
1606 838 1652 913 de

246 971 385 1068 triginta
402 971 555 1046 millibus
566 989 759 1046 marcarum
774 971 910 1067 argenti
924 968 1100 1046 solvendis
1111 968 1147 1041 in
1163 967 1250 1041 looie
1261 974 1296 1040 et
1307 965 1460 1038 terminis
1476 965 1542 1038 suh
1556 963 1652 1060 ydo-

246 1097 321 1171 neis
333 1095 569 1184 cautionibus,
589 1103 692 1191 prout
714 1116 776 1191 per
791 1104 946 1191 patentes
961 1094 1073 1188 regias
1090 1093 1220 1166 litteras
1236 1099 1271 1164 et
1282 1090 1468 1164 multorum
1482 1089 1651 1164 nobilium

246 1242 388 1296 suorum
400 1219 730 1317 evidentorepparet
744 1218 810 1316 (t).
823 1221 926 1294 Salvo
941 1218 1037 1316 quod
1050 1218 1081 1292 si
1093 1217 1240 1292 Domino
1253 1223 1432 1290 avertente
1443 1214 1653 1308 contingeret

245 1345 429 1420 antelatam
440 1344 677 1420 dominumve}
687 1343 879 1440 predictum
891 1338 1433 1438 dominumimperatorem,quod
1445 1339 1652 1436 absit,priue

246 1471 283 1544 in
297 1471 366 1546 iata
381 1469 569 1545 concedere
579 1491 684 1566 quam
697 1471 867 1566 prelatum
882 1468 1136 1543 matrimonium
1147 1489 1207 1564 per
1218 1465 1470 1562 sponsaliorum
1485 1464 1652 1538 solemnia

247 1603 281 1667 et
298 1595 411 1668 carnis
425 1596 585 1692 copulam
602 1603 875 1687 consummetur,
891 1594 1061 1668 antelatus
1074 1591 1235 1666 dominus
1249 1613 1313 1664 rex
1325 1600 1360 1664 et
1374 1589 1651 1664 successoreseui

246 1717 350 1792 sinta
369 1719 532 1815 predictis
545 1719 814 1816 obligationibus
831 1718 868 1790 in
886 1728 1090 1815 perpetuum
1104 1716 1266 1808 absoluti,
1286 1725 1321 1790 et
1342 1715 1564 1790 nihilominus
1580 1715 1652 1790 do-

247 1846 341 1918 mina
357 1844 555 1940 supradicta
569 1846 606 1918 in
623 1866 665 1919 eo
679 1867 775 1935 casu,
792 1844 822 1917 si
835 1845 1073 1940 imperatorem
1084 1842 1296 1938 contingeret
1308 1840 1469 1937 premori,
1481 1861 1602 1914 secure
1617 1849 1652 1916 et

247 1969 351 2044 libere
366 1969 402 2040 in
416 1990 562 2064 regnum
578 1968 702 2065 Anglie
716 1969 912 2045 reducatur.
930 1967 1032 2056 Quod
1050 1968 1153 2042 eliam
1168 1975 1417 2042 sacramentum
1430 1965 1592 2041 dominus
1604 1967 1648 2039 Η.
1715 1977 1721 1988 ·

245 2091 456 2167 Coloniensis
474 2092 755 2191 archiepiscopus
770 2095 876 2169 etalii
893 2094 1026 2168 nobiles
1035 2093 1097 2190 qui
1112 2092 1160 2168 ad
1169 2092 1344 2168 dominam
1354 2093 1464 2189 ipsam
1478 2091 1652 2189 recipien-

247 2216 329 2291 dam
342 2217 388 2292 de
401 2217 564 2293 mandato
575 2219 744 2316 imperiali
754 2219 790 2291 in
799 2218 957 2314 Angliam
967 2217 1138 2311 venerint,
1146 2217 1365 2314 corporaliter
1373 2216 1540 2294 exhibere
1551 2216 1653 2292 debe

246 2343 334 2418 hunt
350 2351 420 2418 tam
437 2343 483 2418 de
496 2343 692 2441 recipienda
706 2353 741 2419 et
756 2341 1031 2440 desponsandae
1046 2343 1187 2417 domino
1201 2343 1408 2440 imperatore
1422 2340 1562 2416 domina
1575 2363 1653 2439 pre·

247 2469 339 2543 dicta
352 2491 458 2565 quam
470 2467 581 2562 daea,
597 2468 627 2542 si
638 2469 776 2544 sinister
792 2491 893 2542 casus
907 2467 1093 2560 accideret,
1106 2469 1142 2540 in
1153 2466 1309 2562 Angliam
1319 2466 1427 2540 libere
1437 2465 1651 2542 reducenda.

247 2593 349 2680 Quod
369 2593 400 2668 si
423 2596 509 2668 torte
530 2593 744 2690 contingeret
772 2593 951 2670 dominum
976 2594 1233 2690 imperatorem,
1256 2589 1352 2686 quod
1375 2590 1482 2683 absit,
1506 2592 1654 2687 premoti

246 2719 363 2794 liberis
380 2741 428 2794 ex
443 2721 574 2816 prelata
588 2718 729 2794 domina
745 2741 814 2794 non
826 2718 1007 2816 susceptis,
1019 2729 1102 2792 tunc
1118 2716 1308 2792 secundum
1325 2716 1424 2812 regni
1436 2716 1552 2790 Sicilie
1564 2737 1654 2789 con-

247 2843 467 2920 suetudinem
490 2845 534 2918 sit
555 2845 592 2918 in
615 2845 780 2920 eloctione
802 2843 943 2920 domine
958 2842 1157 2940 supradicte
1178 2851 1295 2916 utrum
1310 2841 1395 2916 velit
1414 2841 1654 2937 supradictum

248 2968 430 3059 dodarium
447 2971 483 3042 in
500 2970 573 3044 vita
586 2991 651 3043 sua
664 2979 801 3063 tenere,
820 2969 918 3044 salvo
928 2971 1006 3063 jure
1018 2977 1053 3041 et
1067 2967 1327 3064 servitioipsius
1339 2965 1476 3041 dodarii
1490 2967 1608 3040 debito
1620 2978 1656 3042 et

247 3093 445 3170 exhibendo
457 3095 646 3170 heredibus
661 3094 791 3169 domini
810 3093 1023 3190 imperatorie
1036 3093 1072 3166 in
1085 3114 1210 3187 regno,
1228 3093 1286 3166 vel
1302 3090 1500 3189 supradicta
1513 3091 1654 3186 triginta

246 3219 352 3294 millia
366 3241 559 3295 morcarum
581 3220 735 3316 recipere
756 3218 898 3293 domino
921 3218 1117 3315 imperatori
1143 3238 1205 3313 pm
1225 3215 1305 3291 dote
1318 3217 1488 3291 exsoluta.
1510 3217 1654 3292 Promisi

246 3367 312 3440 ego
327 3355 480 3443 pretereo
494 3343 752 3442 prenominatos
775 3343 937 3440 magister
953 3344 1073 3418 Petrus
1092 3341 1137 3416 de
1152 3342 1261 3416 Vinea
1281 3351 1316 3414 et
1334 3341 1450 3434 juravi
1476 3341 1512 3414 in
1537 3342 1653 3447 anima

247 3471 459 3566 imperatoris
482 3469 629 3568 predicti
646 3467 743 3566 quod
760 3469 834 3566 ipse
851 3467 1013 3544 dominus
1035 3489 1136 3541 meus
1160 3467 1343 3564 imperator
1359 3465 1416 3540 die
1432 3465 1649 3564 nuptiarum,

245 3706 435 3722 ...Ἀ-..-
1003 3709 1117 3720 anan—.-

282 3856 318 3931 (l)
335 3856 375 3916 Ci.
394 3872 439 3932 op.
461 3857 575 3930 Pruna,
589 3856 749 3931 itident,p.
769 3858 833 3928 ἥδ,
852 3855 963 3914 alteram
981 3860 1134 3914 conuectos
1156 3853 1359 3912 matrimonialis
1379 3853 1493 3911 lormam
1514 3852 1566 3913 suh
1581 3855 1652 3915 notit

246 3954 438 4030 chronologicis
455 3955 569 4025 eisdem,
588 3971 643 4030 qua
661 3971 709 4014 rex
728 3955 841 4029 dugliae
863 3953 995 4028 promittit
1014 3953 1043 4010 in
1062 3953 1151 4010 dotem
1171 3951 1277 4024 triginta
1288 3949 1371 4008 millia
1383 3967 1532 4010 marcar-m
1550 3954 1653 4026 argenti

246 4053 338 4128 optimi
360 4053 547 4128 sterlingorum
569 4053 630 4126 (ana
647 4053 773 4111 tredecim
794 4051 893 4111 solidos
910 4059 939 4110 et
957 4056 1073 4125 quatuor
1094 4048 1217 4107 denarios
1230 4048 1420 4124 permaneam)
1437 4049 1581 4135 :uidelicet
1601 4049 1654 4108 tria

245 4151 328 4209 millia
339 4150 468 4208 solvenda
478 4151 556 4208 Petro
569 4149 604 4208 do
612 4150 697 4210 Vinea
709 4149 813 4208 decimo
825 4149 869 4208 die
879 4153 941 4225 post
953 4148 1173 4206 resurrectionem
1183 4147 1286 4203 Domini
1298 4147 1419 4220 proximo
1427 4153 1586 4220 venturam
1599 4149 1653 4208 duo

245 4247 327 4305 millia
344 4247 496 4323 imperatori
508 4247 552 4305 vol
565 4253 640 4306 certo
652 4249 711 4322 eius
724 4247 817 4305 nuntio
835 4247 864 4305 iu
883 4247 951 4306 testo
970 4245 1044 4304 hecti
1063 4243 1192 4303 lobannis
1211 4243 1330 4316 eiusdem
1351 4249 1463 4303 ootarm
1484 4245 1651 4320 indictionis;

245 4345 362 4420 qunque
374 4344 459 4404 millia
470 4346 498 4403 in
512 4345 581 4404 testo
593 4347 664 4406 beati
673 4345 811 4406 llichaolie
821 4345 944 4421 proximo
952 4351 1078 4414 venturo;
1092 4340 1300 4416 quinquemillia
1313 4341 1342 4413 in
1356 4340 1425 4400 laeto
1436 4343 1556 4402 Paschae
1565 4361 1651 4404 nonae

245 4442 408 4515 indictionis;
422 4442 540 4518 quinque
562 4443 645 4502 millia
661 4444 690 4502 in
709 4444 777 4504 testo
797 4443 871 4502 beati
892 4441 1028 4501 llicheelis
1046 4446 1189 4516 maante,
1203 4439 1307 4514 reliqua
1320 4439 1414 4498 decem
1427 4441 1509 4499 millia
1522 4442 1550 4498 in
1571 4443 1650 4502 tertio

245 4539 313 4598 testo
326 4541 460 4613 Paschae,
472 4541 590 4600 decimae
603 4541 763 4600 indictionis.
772 4543 935 4600 duraverunt
947 4547 1038 4598 autem
1052 4545 1079 4597 et
1092 4537 1281 4596 testimoniales
1291 4537 1395 4595 litteras
1406 4538 1439 4594 ad
1450 4537 1581 4596 cautelam
1594 4539 1646 4598 im-

245 4639 378 4711 peratoris
401 4637 579 4698 exhibuerunt
595 4640 732 4698 llubertos
753 4641 788 4698 de
812 4641 900 4715 burgo
917 4653 1008 4697 comas
1024 4637 1145 4707 cantiae,
1161 4635 1298 4694 (tilbertus
1314 4633 1486 4694 marescallus
1505 4651 1595 4694 comes
1614 4637 1649 4696 de
1746 4696 1747 4699 ,

245 4733 410 4808 Pernhrooia,
420 4736 576 4812 liudulphus
586 4736 657 4796 tllins
666 4737 963 4810 Nioholai,Godetridus
972 4735 1007 4794 de
1015 4733 1192 4807 Craucumbe,
1199 4731 1355 4792 llumlridue
1366 4747 1456 4791 comes
1467 4731 1501 4790 de
1510 4731 1649 4792 llerolord.
