4288 5912
202 583 299 643 lucrm.
315 581 363 658 6.]
648 575 846 640 HISTORIA
872 573 1163 637 otrtottarrclt.
1549 585 1610 646 445

202 716 417 790 mremletem
436 713 472 784 in
487 711 606 786 abdito
623 722 657 786 et
672 712 707 784 in
726 712 902 807 procinctu
915 711 1129 784 clementiam
1145 712 1332 802 obtinente,
1345 715 1449 790 letitie
1466 740 1606 794 causam

202 861 249 914 ex
273 850 307 912 te
322 838 475 930 subjecta
491 836 610 931 populi
630 835 815 910 mullitudo
830 835 998 930 concipiat
1015 845 1049 907 et
1066 836 1123 910 illa
1146 847 1180 910 le
1201 841 1349 933 propitio
1369 841 1404 912 in
1428 845 1606 938 prosperi-

203 964 281 1038 tatis
297 961 405 1057 gratia
421 961 627 1034 reflorescat.
637 959 693 1034 Sic
709 961 814 1052 enim,
828 981 911 1032 cum
925 960 970 1032 sit
985 981 1081 1032 amor
1097 961 1225 1035 civium
1244 963 1515 1060 inexpugnabile
1530 989 1605 1040 mu·

201 1088 409 1178 nimantum,
440 1084 651 1158 desiderium
678 1084 774 1179 quod
801 1083 970 1156 adversus
993 1085 1233 1158 exterminium
1256 1088 1435 1182 pravitatis
1459 1090 1607 1164 heretice

200 1213 400 1308 concepisti,
420 1231 579 1307 processu
605 1216 945 1306 prospero,.'auctore
969 1210 1057 1295 Deo,
1076 1209 1179 1302 dirigi
1204 1211 1327 1306 poterit
1347 1222 1381 1283 et
1405 1212 1508 1300 finiri.
1529 1217 1604 1288 Ve-

199 1345 391 1410 rumtamen
413 1335 567 1430 expedit,
587 1335 676 1406 sicul
693 1333 847 1406 divinam
866 1333 1008 1426 gratiam
1027 1341 1061 1404 et
1077 1335 1227 1404 levorem
1251 1333 1366 1406 matris
1382 1337 1532 1408 Ecclesie
1550 1339 1604 1410 vis

200 1461 343 1534 uberius
358 1459 555 1556 promereri,
570 1459 665 1553 quod
679 1458 745 1530 sub
761 1457 989 1530 hereticorum
1007 1465 1162 1552 pretextu
1181 1479 1328 1552 quorum
1348 1459 1481 1536 dudum
1496 1463 1602 1557 aliqui

198 1605 262 1680 pro
278 1583 491 1656 firmamento
507 1582 603 1669 fidei,
623 1591 661 1654 ut
676 1583 812 1671 asseris,
830 1580 991 1653 inccndio
1007 1590 1089 1652 sunt
1102 1580 1287 1672 commissi,
1306 1580 1424 1654 fideles
1438 1584 1498 1678 qui
1517 1586 1602 1656 iorte

199 1717 293 1780 tuam
312 1707 551 1780 celsitudinem
570 1706 789 1797 offendendo,
811 1725 880 1778 non
898 1701 1050 1790 heretici,
1069 1704 1132 1778 sed
1151 1715 1300 1778 errantes
1313 1707 1349 1777 iu
1363 1707 1479 1801 aliquo
1493 1709 1601 1804 impa-

198 1831 316 1904 tientia
342 1842 545 1928 procurante
565 1831 823 1926 gravaminum,
849 1839 929 1901 suut
953 1829 1104 1921 inventi,
1131 1829 1227 1902 nullo
1252 1829 1355 1904 modo
1381 1842 1540 1927 pereant,
1563 1845 1601 1904 ut

197 1955 331 2051 pridem
356 1956 457 2028 nobis
480 1955 676 2030 dolentibus
700 1956 886 2048 multisque
908 1955 1129 2044 merentibus,
1152 1977 1219 2026 non
1237 1957 1368 2050 absque
1387 1955 1506 2029 divine
1527 1979 1599 2028 ma·

193 2081 326 2172 instatis
350 2079 499 2171 offensa,
527 2079 691 2152 scandalo
715 2079 868 2154 fidelium
897 2079 1103 2174 populorum
1129 2089 1164 2152 et
1188 2081 1371 2174 imperialis
1396 2081 1599 2153 detrimento

197 2205 365 2297 nominis,
387 2205 424 2276 in
442 2204 493 2276 tui
507 2205 677 2300 presentia
692 2203 951 2300 perierunt.(l).
969 2205 1057 2290 Que,
1077 2203 1107 2274 si
1124 2205 1174 2275 ias
1191 2204 1236 2276 sit
1252 2206 1397 2276 verbum
1414 2227 1600 2300 proponere

196 2330 343 2425 pietatis,
355 2329 504 2403 debebat
518 2328 673 2402 delendis
689 2328 841 2424 perfidis,
860 2351 929 2401 non
947 2327 1132 2423 perdendis
1145 2326 1303 2402 fidelibus
1318 2329 1487 2425 deputari,
1501 2341 1539 2402 ut
1551 2331 1600 2402 sic

196 2453 371 2526 christiani
397 2455 510 2552 potius
536 2465 708 2550 promotor
734 2453 868 2550 imperii
891 2475 997 2550 quam
1024 2451 1203 2548 depressor
1232 2453 1388 2548 ejusdem
1421 2455 1600 2528 occasione

196 2577 312 2650 alilicti
330 2577 426 2673 regni
444 2577 558 2652 Sicilie
576 2566 750 2652 dicereris.
1459 2561 1465 2574 ⁸

243 2703 368 2774 Datum
384 2704 553 2795 Laterani,
571 2701 689 2776 idibus
701 2701 792 2795 julii,
809 2721 901 2773 anno
919 2701 991 2774 vll.

1112 2991 1371 3006 ιἎ-ιι--ιμι-ο-

248 3247 389 3354 [Mense
402 3241 515 3360 julio]
533 3249 738 3372 imperator
764 3253 812 3336 de
843 3253 970 3338 Sicilia
997 3283 1086 3338 suas
1108 3241 1166 3340 a'd¹
1180 3255 1424 3370 justitiarium
1446 3263 1597 3368 [Terrae

193 3373 366 3488 Laboris]
384 3391 421 3466 et
438 3381 532 3465 alios
546 3381 771 3494 justitiarios
789 3387 897 3502 regni
915 3387 1058 3472 lilleras
1081 3389 1211 3500 dirigit
1231 3421 1347 3504 super
1364 3395 1545 3480 molestiis
1562 3409 1600 3480 et
1736 3379 1741 3388 ’

192 3509 340 3624 injuriis
363 3515 637 3624 praelatorum,
659 3525 702 3599 ul
728 3517 800 3628 ipsi
833 3531 973 3604 statuto
1004 3523 1065 3606 die
1092 3533 1129 3606 et
1160 3523 1242 3608 loco
1268 3527 1456 3636 praelatos
1482 3533 1531 3612 ad
1559 3559 1599 3614 se
1622 3614 1628 3626 ,

193 3657 398 3728 convocent
415 3647 635 3758 regionum,
656 3651 814 3736 audiant
834 3678 967 3737 eorum
993 3654 1178 3738 clamores
1199 3667 1237 3740 et
1258 3687 1356 3768 quae
1369 3660 1471 3770 juste
1488 3681 1599 3772 pote-

192 3789 289 3876 runt¹
301 3780 475 3888 expedire
493 3781 711 3892 expediant,
730 3784 878 3894 reliqua
896 3812 984 3868 vero
1006 3813 1072 3895 per
1100 3814 1188 3872 suos
1206 3793 1360 3876 nuntios
1379 3795 1448 3878 sibi
1470 3796 1597 3904 signi·-

192 3908 305 3994 licent
327 3911 487 3994 fideliter
508 3924 546 3996 el
571 3915 767 4019 distincte,
790 3927 833 3998 ut
858 3919 906 3999 de
933 3919 1103 4027 ipsorum
1126 3925 1421 4010 correctionibus
1443 3929 1597 4036 provide

192 4041 272 4150 ipse
289 4043 478 4152 disponat.
504 4105 513 4128 .
540 4106 550 4127 .
571 4047 698 4132 Mense
714 4050 866 4159 augusti
881 4051 929 4134 ad
948 4053 1171 4136 mandalum
1191 4055 1359 4140 Hectoris
1378 4059 1425 4142 de
1443 4062 1596 4144 llonte-

229 4308 266 4382 (l)
284 4309 385 4368 illudit
395 4327 465 4386 papa
478 4313 615 4390 suppliciis
628 4315 728 4388 quibus
744 4317 890 4390 imperatu
902 4318 930 4374 in
943 4319 1032 4378 Sicilia
1043 4320 1094 4378 sibi
1109 4321 1221 4380 rebelles
1233 4323 1285 4380 snb
1296 4331 1437 4398 praetextu
1451 4327 1600 4390 baereticae

193 4403 262 4462 labis
283 4407 416 4464 affecerat.
437 4410 513 4468 Unde
531 4412 692 4470 Godelridus
712 4413 894 4472 coloniensis:
908 4417 1050 4474 «Miranda
1068 4435 1112 4478 res
1134 4424 1162 4476 et
1182 4419 1293 4478 nimium
1305 4424 1437 4496 stupenda
1456 4427 1529 4498 quod
1549 4429 1599 4486 biis

194 4504 360 4576 temporibus
378 4505 446 4577 iguis
465 4515 558 4566 contra
576 4526 661 4582 genus
675 4511 825 4568 mortalium
843 4513 882 4569 sio
901 4513 1019 4602 invaluit.
1034 4515 1103 4570 Nam
1121 4517 1216 4604 eodem
1229 4517 1421 4602 lorellempore
1443 4529 1470 4602 el
1486 4525 1599 4603 rebelles

193 4597 348 4671 imperatori
361 4601 389 4660 in
400 4600 491 4662 Sicilia
504 4611 531 4662 el
545 4605 573 4662 in
583 4597 729 4704 ¹'Germania
742 4597 862 4666 i'nllnitus
874 4625 1001 4667 numerus
1014 4595 1150 4670 hominum
1163 4621 1191 4672 et
1201 4615 1286 4674 multa
1296 4619 1401 4676 moenia
1414 4620 1535 4679 incendio
1548 4640 1598 4696 pe-

192 4695 305 4754 rierunt
319 4717 333 4750 ι
