4308 5910
762 657 890 720 aeaut
913 653 1104 720 SICILIAE.
1602 653 1643 718 85

228 791 371 867 scientia
387 802 504 866 nostru
530 792 608 890 cepi
630 801 666 866 et
682 791 829 866 detineri
846 791 1071 880 mandamus,
1096 782 1299 862 inconsultis
1324 783 1425 858 nobis
1451 787 1643 860 examinari

227 939 297 992 non
314 918 478 991 volumus
503 939 568 992 nec
584 915 715 992 decidi.
736 917 922 992 ldulnimus
940 916 1032 992 enlm
1050 910 1239 1007 aliquando
1264 929 1362 983 reum
1386 909 1541 984 culminis
1563 931 1643 986 cer-

227 1063 304 1114 cere
325 1039 473 1116 detineri
497 1063 604 1136 quam
622 1040 787 1136 perdere,
808 1052 844 1114 et
867 1039 1021 1114 vidimus
1044 1037 1178 1132 aliquos
1197 1033 1291 1126 juste
1313 1043 1431 1128 captos
1453 1043 1489 1108 et
1513 1029 1642 1110 deinde

227 1164 494 1239 misericorditer
512 1165 671 1240 liberatos
696 1175 815 1262 postea
840 1166 948 1240 lactes
967 1164 1077 1238 bonos
1095 1170 1130 1234 et
1147 1159 1261 1254 lrugI,
1281 1153 1380 1256 [dum
1398 1157 1484 1254 ipsis
1502 1160 1642 1234 vexatio

228 1288 366 1386 prebuit
381 1289 607 1362 Intellectum.
623 1287 679 1362 Ab
694 1289 753 1364 illo
772 1289 948 1386 potissime
960 1285 1136 1380 iustitiarii
1158 1282 1265 1358 nostri
1281 1303 1422 1377 prorsus
1448 1283 1642 1358 detineant

227 1422 266 1486 nt
283 1435 395 1486 unum
411 1433 474 1508 pro
494 1413 582 1501 eliu,
601 1415 699 1486 velut
715 1424 846 1510 putrem
867 1434 931 1509 pro
947 1410 1019 1486 lilio
1036 1410 1094 1482 vel
1112 1430 1133 1482 e
1150 1428 1317 1482 converso
1334 1427 1397 1480 seu
1415 1407 1553 1482 lrutrem
1578 1429 1640 1504 pro

228 1537 331 1610 fratre
347 1537 405 1610 vel
422 1559 683 1632 quamcumque
706 1539 925 1630 conjunctam
944 1555 1126 1632 personam
1145 1555 1206 1629 pro
1231 1551 1308 1622 reo,
1329 1530 1550 1625 fidejussores
1567 1535 1641 1607 lor-

79 1749 87 1760 ,
226 1661 316 1734 sitan
332 1679 404 1732 non
418 1671 605 1756 prestante,
623 1661 752 1736 carceri
767 1681 837 1735 non
854 1654 1064 1755 intrudant].

689 1977 892 2051 TITULUS
916 1976 980 2049 Xl.
1008 1978 1052 2049 lt
1076 1973 1168 2073 (ll).

383 2157 431 2228 oe
444 2177 482 2228 eo
496 2157 557 2249 qui
570 2165 645 2250 port
662 2157 788 2228 crimen
804 2155 967 2228 odulwrii
982 2158 1182 2228 intentatum
1200 2177 1342 2228 uomens
1359 2155 1487 2248 recapit.

746 2357 820 2406 anx
844 2355 1031 2406 suasurus
1055 2331 1118 2429 (a).

275 2511 341 2598 Qui
362 2522 442 2609 post
463 2513 591 2586 crimen
609 2511 771 2586 adulterii
789 2511 992 2586 intentatum
1017 2534 1163 2586 uorem
1184 2512 1372 2610 acceperit,
1394 2511 1565 2588 destitisse
1584 2514 1636 2588 vi·

225 2636 341 2728 detur,
359 2637 510 2733 ideoque
526 2637 694 2710 suscitare
710 2637 925 2730 questionem
943 2637 1032 2712 ultra
1050 2659 1120 2712 non
1134 2637 1270 2734 poterit.

686 2953 889 3026 nunnus
912 2954 996 3026 xu.
1026 2957 1070 3024 1n
1095 2951 1182 3050 (ra).

225 3131 267 3204 Si
287 3133 363 3226 quir
381 3132 519 3228 petierit
541 3132 688 3226 aliquem
712 3133 813 3204 citari
830 3143 860 3203 ct
881 3135 1004 3204 dtotur
1023 3133 1060 3203 iu
1074 3133 1213 3205 turnino
1229 3133 1293 3206 rili
1310 3133 1386 3206 doto
1401 3139 1634 3231 consperserit,

274 3269 465 3330 manutere
481 3279 549 3329 reon
569 3268 790 3351 comparente,
807 3259 1044 3330 cmdcmautor
1064 3259 1101 3328 ia
1116 3267 1215 3330 recolo
1228 3267 1328 3355 purte
1345 3259 1515 3334 mobilium
1533 3285 1637 3336 cccr-

276 3391 365 3452 rotor
381 3378 440 3476 (b).

690 3513 909 3564 rnrnnrrou
933 3513 1180 3565 arcusarcus.

274 3669 522 3743 Accusatorum
541 3671 764 3745 temeritatem
780 3672 933 3767 antiquis
946 3671 1230 3765 legumlatoribus
1244 3671 1399 3747 odiosam
1417 3683 1512 3748 tanto
1527 3679 1638 3774 magis

225 3815 290 3867 nos
306 3792 352 3892 (c)
370 3795 437 3890 ipsi
455 3797 709 3891 persequimur,
733 3807 864 3893 quanto
887 3798 923 3869 in
943 3808 1057 3871 nostra
1081 3798 1258 3893 republica
1277 3797 1386 3892 ipsam
1404 3801 1515 3894 magis
1532 3802 1636 3876 inve-

226 3917 342 3990 nimus
363 3918 555 3993 abundare.
577 3921 648 3993 Hac
672 3919 778 4014 igitur
805 3943 902 3993 secra
929 3921 1174 3994 constitutione
1199 3919 1375 3994 sancimus
1393 3933 1436 3994 ot
1457 3924 1487 3995 si
1512 3927 1636 4022 quise

226 4042 324 4116 curio
343 4053 459 4116 nostra
479 4044 535 4117 vel
553 4043 743 4136 justiciario
760 4045 911 4139 regionis
932 4043 1083 4139 aliquem
1100 4043 1196 4117 citari
1219 4044 1371 4140 petierit,
1393 4055 1427 4118 et
1445 4046 1496 4144 (d)
1513 4050 1637 4126 citatus

268 4243 310 4324 (a)
331 4245 380 4308 Slc
392 4247 425 4308 ln
443 4247 561 4310 duobus
574 4247 724 4310 codicibus
742 4254 773 4308 et
792 4254 890 4326 recte,
903 4247 972 4310 llcet
984 4263 1033 4327 up.
1050 4247 1174 4310 Cmeunl
1192 4246 1308 4327 legatur
1326 4265 1420 4326 mna,
1435 4251 1546 4313 sclllcet
1558 4254 1636 4315 Fre-

225 4350 352 4413 dmoni.

269 4455 310 4539 (t)
328 4459 364 4520 ln
377 4459 445 4521 cod.
459 4468 538 4522 tert
551 4460 643 4522 ,trite
651 4475 731 4540 pero
743 4461 917 4522 mauturii
925 4461 958 4520 iu
965 4463 1161 4540 peremptorio
1174 4463 1296 4524 lumbo
1308 4479 1369 4524 neu
1376 4465 1519 4543 parentia
1527 4463 1635 4529 Graece

227 4567 315 4626 etlam
327 4565 449 4627 breulns
463 4585 472 4626 r
487 4565 530 4626 De
542 4574 693 4628 mute
705 4574 734 4628 ct
745 4566 931 4649 injudicium
943 4585 1003 4628 coc
1014 4568 1154 4632 amicata.

269 4671 305 4752 (c)
331 4674 390 4752 Ap.
405 4673 619 4746 Curoanlaon,
634 4675 722 4736 male.
887 4709 891 4718 ·

268 4777 314 4860 (d)
334 4781 376 4843 lit
393 4783 490 4845 aensul
505 4785 702 4844 namuurum
717 4799 756 4844 cx
771 4783 837 4844 cod.
856 4791 934 4845 tole
950 4784 1096 4845 addlmus.
