4298 5906
226 601 327 662 luurcr.
343 599 390 676 5.]
678 593 878 655 HISTORIA
901 593 1195 658 ulruolterlct
1579 593 1640 657 269

228 733 449 834 confirmet3
467 727 657 809 mandens
675 725 802 834 ipsum
826 727 1076 836 personaliter
1100 753 1169 837 per
1189 725 1465 837 Trajeclensem
1491 728 1641 838 episoc-

227 891 343 978 pum,
358 871 508 971 recepto
524 859 633 970 prius
649 858 842 942 fidelitatis
860 869 898 944 et
913 860 1074 944 hominii
1088 859 1320 972 juramento,
1340 860 1521 944 investiri.

309 1063 323 1146 (
333 1063 434 1126 udtdlr
446 1062 640 1136 huonon,
658 1056 844 1122 Urlmudend.
859 1059 921 1140 sdr
939 1059 985 1122 die
1001 1059 1090 1144 oncle
1111 1059 1160 1122 der
1172 1059 1338 1138 drodant„
1352 1080 1408 1126 rw.
1421 1063 1519 1138 ilerd,
1534 1081 1564 1143 p.
1586 1073 1637 1142 llll,

348 1179 384 1232 ιι·
398 1179 469 1249 178,
489 1186 528 1232 ox
545 1169 773 1248 lledlnghovens
792 1167 994 1244 rumml.,111,
1009 1167 1121 1247 r01.⁵.)

278 1344 489 1435 Fridericus,
507 1344 569 1415 Dei
589 1343 699 1438 gretia
715 1343 946 1416 Romanorum
970 1343 1156 1438 imperator
1174 1363 1310 1436 semper
1325 1353 1511 1436 augustus,
1534 1344 1640 1417 Jeru-

232 1453 340 1542 sulem
357 1481 392 1541 et
404 1469 521 1542 Sicilie
538 1489 614 1541 rex.
632 1445 697 1540 Per
714 1488 854 1564 presens
871 1467 1037 1563 scriptum
1056 1476 1175 1540 uotum
1193 1466 1266 1539 lieri
1286 1468 1448 1540 volumus
1469 1467 1641 1541 universis

229 1593 364 1688 imperii
386 1591 548 1666 fidelibus
569 1603 640 1666 turn
665 1592 882 1689 presentibus
901 1613 1007 1686 quum
1028 1592 1151 1664 tuturis
1172 1591 1267 1686 quod
1291 1591 1370 1664 Otto
1395 1613 1511 1664 comes
1531 1592 1640 1667 Gelrie

229 1716 342 1790 fidelis
361 1731 478 1791 noster
496 1715 611 1791 nostre
633 1716 830 1790 celsitudini
852 1715 1058 1812 supplicavit
1078 1725 1252 1811 quatenus
1275 1737 1317 1788 eu
1335 1737 1404 1810 que
1422 1683 1502 1788 olim
1524 1735 1640 1790 eomes

230 1839 403 1914 Gerardus
415 1851 512 1936 peter
523 1841 599 1932 ejus
611 1837 645 1938 [a
658 1841 758 1915 nobis
770 1851 805 1913 et
816 1840 961 1936 imperio
977 1841 1099 1932 tenuit,
1114 1841 1182 1912 sibi
1196 1839 1386 1914 concedere
1402 1839 1635 1933 dignaremur.

230 1965 299 2037 Nos
321 1965 438 2059 itaque
459 1965 715 2038 considerantes
732 1973 829 2058 mle
846 1963 1014 2058 obsequio
1035 1985 1105 2058 que
1122 1964 1215 2037 idem
1237 1985 1352 2038 comes
1368 1963 1539 2036 Gerardus
1556 1984 1641 2036 uos·

229 2101 282 2163 tre
303 2087 376 2188 (o)]
405 2088 540 2162 dudum
565 2089 726 2163 exhibuit
747 2089 936 2182 molestati,
960 2099 1136 2186 sperantes
1159 2087 1345 2162 abeodem
1372 2088 1494 2160 comite
1518 2089 1640 2162 Ottone

231 2215 302 2288 lilio
320 2217 396 2308 ejus
413 2215 566 2310 recipere
582 2215 744 2308 gratior-e,
760 2215 833 2288 suis
845 2214 950 2307 justis
961 2215 1268 2312 supplicationibus
1281 2214 1448 2306 inclinati,
1466 2235 1508 2287 ea
1524 2215 1639 2288 omnio

229 2362 300 2435 que
316 2339 513 2414 nominatus
530 2339 612 2412 olim
637 2347 734 2436 pater
751 2340 827 2432 ejus
846 2340 883 2410 in
901 2339 972 2442 vite
994 2360 1059 2414 suu
1078 2351 1114 2414 et
1136 2361 1249 2434 usque
1268 2339 1315 2412 ed
1339 2338 1431 2412 diem
1453 2339 1568 2412 obitus
1585 2340 1639 2412 sui

232 2463 277 2538 de
296 2466 406 2559 grstia
427 2475 463 2538 et
478 2463 699 2539 concessione
726 2475 840 2538 nostra
865 2487 968 2537 suurn
992 2487 1053 2560 per
1075 2465 1295 2561 privilegium
1318 2466 1375 2538 vel
1399 2465 1484 2537 elias
1507 2465 1640 2559 absque

230 2583 413 2686 privilegio
434 2589 562 2680 tenuit,
587 2587 777 2663 dummodo
790 2591 885 2682 juste
906 2611 928 2662 n
948 2589 1049 2662 nobis
1069 2599 1103 2662 et
1127 2589 1271 2685 imperio
1291 2588 1445 2664 tenuisse
1463 2597 1636 2678 noscetur,

230 2713 386 2810 predicto
402 2715 518 2787 comiti
535 2714 651 2788 Ottoni
669 2711 902 2788 concessimus
918 2722 954 2786 et
969 2711 1260 2804 confirmavimus,
1280 2723 1316 2786 et
1331 2714 1469 2786 tratrem
1485 2712 1640 2808 Aylhar-

231 2839 316 2914 durn
335 2838 380 2913 de
398 2839 555 2935 hospitali
573 2839 862 2912 Theutonicoruur
879 2835 1123 2911 investivimus
1144 2837 1275 2911 exinde
1291 2838 1369 2910 loco
1388 2837 1456 2926 sui,
1475 2845 1510 2910 et
1525 2838 1638 2931 ipsum

231 2986 294 3060 per
315 2963 481 3037 dilectum
509 2963 701 3059 prinoipem
727 2972 881 3036 nostrum
910 2962 1144 3035 venerabilem
1166 2963 1413 3055 Trojectensem
1438 2961 1639 3057 episcopum

230 3065 472 3160 mundavimus
494 3087 697 3160 auctoritate
718 3087 824 3160 nostri
848 3087 1009 3159 culminis
1027 3088 1128 3180 juxte
1147 3087 1314 3181 presentis
1337 3095 1491 3160 tenorem
1512 3085 1639 3182 pagins

231 3212 453 3305 personaliter
476 3211 650 3303 investiri,
677 3220 814 3307 recepto
836 3209 883 3284 ud
909 3233 998 3308 opus
1017 3220 1172 3284 nostrum
1196 3219 1232 3285 et
1259 3211 1351 3304 regis
1379 3209 1440 3282 filii
1462 3211 1569 3283 nostri
1592 3211 1638 3284 ab

230 3333 353 3407 eodem
380 3334 505 3408 comite
526 3333 702 3408 fidelitatis
725 3346 760 3408 et
782 3333 926 3408 hominii
946 3337 1049 3428 juxte
1073 3335 1357 3410 consuetudinem
1386 3335 1521 3430 imperii
1540 3335 1637 3427 juru-

230 3468 346 3533 mento
363 3459 430 3556 (l).
448 3459 505 3534 td
529 3463 629 3554 cujus
647 3460 876 3534 concessionis
893 3469 929 3534 et
949 3460 1217 3536 confirmationis
1243 3470 1358 3534 nostre
1379 3461 1580 3534 memorium
1603 3470 1639 3534 et

230 3584 388 3658 stabilem
407 3583 618 3676 firmitatem,
639 3605 781 3682 presens
798 3585 963 3682 scripturn
984 3585 1051 3658 sibi
1069 3585 1143 3659 lieri
1161 3586 1306 3660 lecimus
1325 3594 1360 3660 et
1376 3585 1489 3680 sigillo
1507 3586 1637 3679 mejes-

231 3708 310 3782 tatis
325 3717 441 3782 nosue
455 3710 623 3803 jussimus
636 3711 854 3785 communiri.

274 3869 314 3952 (a)
333 3873 434 3949 Quum
447 3889 509 3936 uus
522 3875 600 3936 llneu
609 3877 642 3936 tn
653 3875 755 3938 codice
768 3875 969 3954 munmcrlptc
983 3873 1139 3951 ceciderit,
1153 3875 1196 3936 ltu
1208 3873 1355 3953 supplerit
1369 3873 1476 3950 edltor,
1487 3875 1582 3952 'mem
1595 3888 1640 3935 se·

230 3979 363 4056 culum

267 4239 301 4314 (l)
317 4240 399 4299 Extat
409 4243 482 4317 apud
492 4244 620 4318 Boron,
635 4245 825 4320 Glortertoslr,
836 4265 867 4324 p.
882 4245 1153 4321 scenendune
1164 4245 1271 4304 (letias
1284 4245 1390 4304 comitis
1403 4245 1580 4321 privilegium,
1591 4245 1639 4304 ubi

230 4336 326 4412 legitur
338 4356 346 4394 ε
358 4357 372 4392 r
387 4339 445 4414 Ego
457 4340 601 4417 impetratu
612 4349 641 4402 st
653 4349 764 4419 rccspu
779 4351 913 4420 pauculo
926 4349 955 4403 st
967 4343 1077 4420 speciali
1089 4341 1195 4402 licentia
1208 4342 1344 4402 odomino
1354 4343 1489 4402 Fridsrico
1500 4343 1638 4419 gloriosis·

230 4436 299 4496 simo
307 4437 469 4512 imperatore
481 4448 510 4500 st
519 4457 628 4519 wmper
639 4451 762 4518 augusto,
773 4446 921 4504 lenuslern
932 4451 961 4504 et
968 4445 1058 4504 Sicilie
1067 4459 1199 4519 regense
1209 4460 1288 4502 nona
1298 4443 1406 4503 domino
1417 4444 1533 4503 ilenrico
1543 4445 1640 4504 illustri

230 4551 294 4609 rege
306 4535 478 4612 Alemannis,
497 4541 531 4598 de
543 4543 654 4602 consilio
667 4550 695 4602 et
712 4559 845 4602 wnssnsu
859 4545 963 4619 imperii
976 4560 1026 4602 ssu
1046 4545 1121 4618 regui
1144 4545 1289 4617 melonum,
1302 4559 1336 4601 ex
1356 4542 1476 4617 ipsorum
1492 4541 1594 4602 indulto
1612 4549 1642 4601 et

231 4648 314 4708 snper
326 4631 379 4692 hoc
390 4633 457 4691 miii
466 4635 638 4712 plenitudinis
650 4647 783 4715 potestate
797 4642 907 4714 colcu,
920 4643 955 4700 ds
968 4641 1133 4699 limiricensi
1150 4641 1214 4699 villa
1225 4640 1394 4715 (Rumoriclr)
1407 4641 1506 4715 ωςῑαω
1523 4657 1573 4700 seu
1589 4640 1640 4699 im-

231 4735 359 4808 perialem
372 4737 479 4798 condidi
489 4737 633 4798 ciuitatem.
646 4739 743 4797 Datum
760 4737 909 4812 limmerik,
925 4753 989 4799 sun.
1004 4742 1090 4810 ⁴2³3,
1103 4739 1127 4796 ll
1137 4737 1264 4797 kalendas
1272 4739 1351 4813 junii.
1366 4757 1380 4791 ι
