4308 5910
750 579 878 642 nsunt
905 575 1099 640 sicinina.
1595 583 1636 646 93

223 715 342 788 borum
363 711 517 786 conditio
540 713 586 786 sit
603 713 755 809 equalis,
773 725 814 788 ut
830 714 933 788 ambo
950 713 1082 787 scilicet
1103 713 1225 786 alienis
1246 713 1409 810 expensis
1425 714 1460 786 in
1478 717 1632 790 exercito

222 848 486 930 commorentur,
504 839 704 912 alteralteri
723 840 895 912 tenebitur
913 835 1124 934 respondere
1143 863 1152 908 ε
1172 847 1212 910 ut
1224 847 1340 912 tomen
1362 840 1543 914 occasione
1565 851 1634 914 tarn

221 963 367 1037 inchoati
382 983 488 1057 quam
506 961 692 1036 inchoandi
710 961 824 1058 litigii,
844 963 949 1036 etiarn
966 963 997 1034 si
1014 963 1280 1058 peremptorium
1297 963 1400 1036 luerit
1415 965 1593 1054 emissum,
1613 987 1634 1039 a

221 1088 358 1162 servitio
377 1085 517 1182 speciali
533 1085 629 1182 quod
646 1088 679 1161 ei
698 1109 761 1184 per
778 1109 842 1160 nos
861 1089 918 1160 vel
937 1107 999 1183 per
1017 1087 1186 1182 prelatum
1208 1088 1453 1162 marescalcum
1477 1099 1633 1162 nostrum

221 1212 254 1284 in
273 1209 430 1284 exercitu
449 1209 501 1307 (o)
523 1211 627 1283 luerit
644 1211 860 1304 injunctum,
888 1211 919 1284 is
938 1211 1001 1306 qui
1019 1211 1144 1284 citatus
1166 1219 1219 1284 est
1235 1211 1434 1284 nullatenus
1450 1223 1628 1286 avocetur.

220 1337 383 1409 Bannitoe
397 1345 433 1408 et
453 1335 665 1410 forbannitus
676 1335 781 1410 etiam
797 1357 919 1410 secure
937 1335 973 1408 in
992 1336 1147 1410 exercitu
1160 1335 1339 1432 etabsque
1352 1334 1500 1429 alicujus
1516 1337 1633 1410 olien-

221 1460 315 1534 aione
328 1459 494 1534 volumus
512 1460 734 1552 commorari;
753 1460 842 1534 adeo
859 1461 963 1534 etiam
983 1469 1022 1532 ut
1038 1459 1124 1533 dum
1146 1460 1181 1532 in
1204 1461 1358 1533 exercitu
1380 1461 1466 1548 sint,
1487 1461 1633 1556 privile·

222 1585 316 1680 pum
334 1583 458 1657 hostici
476 1583 626 1656 habeant
641 1605 825 1658 commune
840 1607 920 1657 curn
936 1587 1071 1675 ceteris,
1085 1582 1183 1680 quod
1200 1605 1221 1656 a
1239 1585 1379 1658 nemine
1394 1587 1533 1658 valeant
1549 1607 1631 1660 cen·

223 1708 346 1782 veniri.
367 1708 504 1781 Bauniti
521 1709 772 1801 tantummodo,
790 1729 858 1782 non
876 1709 1087 1802 ioriudicati,
1107 1709 1153 1782 ab
1166 1709 1424 1782 accusatoribus
1441 1711 1562 1784 suiset
1576 1710 1630 1784 his

218 1835 277 1930 qui
303 1833 427 1908 eodem
447 1832 551 1908 modo
568 1833 693 1906 muniti
708 1835 811 1929 equis
828 1845 863 1908 et
883 1835 988 1908 armis
1003 1834 1133 1908 scilicet
1154 1835 1190 1906 in
1206 1809 1362 1908 exercitu
1376 1836 1518 1928 inerint,
1539 1838 1629 1912 inira

217 1981 345 2034 annum
363 1961 468 2054 juxta
495 1959 628 2056 pridem
657 1981 679 2032 a
704 1960 804 2033 nobis
830 1968 995 2032 statutum
1020 1959 1164 2032 modum
1188 1969 1349 2055 poterunt
1371 1961 1561 2034 conveniri.
1589 1963 1629 2035 ln

218 2085 434 2178 lorjudicatis
451 2093 566 2158 autem
585 2084 622 2159 id
639 2085 731 2158 circo
746 2083 812 2158 hoc
831 2105 899 2156 non
914 2083 1150 2178 concedimus,
1170 2085 1254 2180 quia
1272 2105 1351 2156 cum
1371 2084 1455 2180 ipsis
1473 2086 1568 2159 nulla
1586 2087 1630 2160 sit

217 2221 390 2284 reservata
409 2209 583 2302 defensio,
609 2232 679 2285 non
698 2219 790 2284 esset
806 2209 903 2282 alind
925 2230 986 2282 eos
1003 2209 1181 2284 conveniri
1201 2210 1396 2306 permittere
1419 2232 1525 2306 qoam
1550 2232 1628 2284 sus·

217 2335 321 2430 pendi
339 2335 517 2410 mandare.
539 2335 651 2407 Salvis
670 2355 731 2430 per
753 2335 869 2408 omnia
892 2333 1033 2429 hisque
1058 2335 1095 2406 in
1112 2334 1269 2407 exercitu
1296 2335 1544 2408 contrahuntur
1567 2345 1629 2409 aut

216 2459 493 2548 committuntur,
516 2459 562 2534 ad
586 2481 656 2554 que
681 2471 874 2556 presentem
901 2480 970 2531 non
992 2457 1216 2532 extendimus
1241 2458 1472 2550 sanctionem,
1500 2459 1564 2534 sad
1585 2481 1627 2534 ea

213 2585 315 2676 juxta
331 2584 550 2658 exercitalem
568 2583 672 2656 ritum
690 2584 852 2657 volumus
871 2583 1059 2656 terminari.

654 2847 857 2920 TITULUS
881 2847 982 2920 XXI.
1008 2849 1072 2918 ΚΑ
1091 2845 1181 2942 (il).

215 3019 263 3090 De
280 3017 348 3090 litio
367 3017 599 3090 contestatione
612 3018 648 3088 ia
664 3017 832 3090 camiaco·
845 3015 896 3088 ael
908 3017 942 3086 r’a
956 3015 1048 3087 cicili
1059 3016 1100 3087 ob
1114 3013 1307 3088 edversario
1321 3013 1550 3108 prosequenda
1563 3011 1621 3110 (l).

737 3205 834 3254 rorrr
865 3205 1083 3256 sacoaras.

263 3347 298 3420 Si
316 3347 462 3420 civiliter
479 3367 586 3442 agens
600 3347 646 3420 ab
666 3345 865 3420 adversario
886 3346 1107 3420 criminaliter
1129 3352 1310 3420 accusetur
1329 3345 1385 3418 rel
1404 3343 1625 3418 criminaliter

216 3494 382 3547 accusans
408 3472 454 3546 ab
480 3471 679 3546 adversario
701 3471 858 3544 similiter
882 3471 928 3544 de
950 3471 1069 3564 majori
1098 3469 1242 3544 crimine
1265 3470 1468 3564 impetatur,
1490 3488 1559 3541 non
1585 3477 1625 3540 ut

214 3599 294 3672 olim
316 3597 388 3670 litis
414 3595 695 3670 contestationem
718 3595 774 3670 rel
796 3617 995 3690 processum
1015 3595 1141 3686 judicii
1164 3596 1328 3668 volumus
1353 3592 1532 3688 impediri,
1561 3591 1624 3666 sed

215 3724 344 3819 absque
361 3720 552 3818 prejudicio
567 3721 684 3815 aliquo
703 3720 738 3792 in
758 3731 905 3818 utraque
922 3743 1026 3794 causa
1040 3721 1195 3794 similiter
1208 3719 1253 3818 (a)
1271 3717 1529 3816 procedendum
1547 3739 1622 3790 esse

215 3869 415 3936 censemus,
436 3845 539 3920 etiam
557 3845 585 3916 si
603 3845 733 3918 crimen
752 3845 938 3936 majestatis
957 3847 1058 3918 inerit
1073 3847 1269 3938 objectum
1288 3856 1323 3918 et
1344 3843 1381 3915 in
1400 3853 1545 3937 utroque
1564 3841 1622 3933 ju·

215 3973 306 4047 dicio
332 3968 525 4046 mondum
552 3969 649 4064 quod
671 3969 760 4062 juris
787 3979 840 4042 est
866 3980 901 4042 et
919 3991 1101 4044 causarum
1124 3969 1273 4064 qualitas
1299 3968 1473 4063 exegerit,
1500 3987 1620 4063 proce-

216 4096 326 4170 datur.
345 4095 500 4169 Evidena
519 4094 613 4168 enim
630 4093 769 4166 ridetur
786 4115 863 4167 esse
884 4096 1077 4167 accusantis
1093 4093 1247 4188 nequitia
1270 4103 1305 4168 at
1322 4093 1493 4165 frustratio
1512 4091 1623 4163 moni·

217 4221 311 4314 leste,
334 4217 431 4316 qnod
446 4240 516 4292 non
533 4217 629 4316 prins
647 4218 884 4292 adversarium
900 4241 1003 4292 suurn
1018 4220 1166 4293 voluerit
1181 4239 1343 4294 accusare
1362 4219 1418 4292 vel
1437 4215 1482 4291 dc
1499 4217 1621 4312 majori

254 4409 292 4492 (a)
312 4411 348 4472 lu
361 4409 428 4473 cod.
445 4419 523 4472 ⁴625
538 4419 569 4472 et
581 4413 613 4472 ln
631 4428 737 4490 graeco
752 4431 761 4473 a
777 4409 886 4491 celpcr
894 4409 1055 4491 prefactam
1068 4413 1220 4474 mamam.

253 4515 294 4600 (l)
315 4515 755 4601 caementorumque
772 4525 800 4578 at
818 4516 1010 4580 criminaliter
1022 4527 1162 4581 amanto.
1180 4521 1215 4580 ln
1228 4518 1295 4580 cod.
1309 4515 1427 4578 lentii
1444 4532 1452 4574 ι
1467 4515 1510 4577 lle
1521 4509 1621 4574 ardiae

208 4621 382 4704 lacem
395 4623 750 4688 armamentorum
765 4625 885 4688 Atillcto
898 4632 929 4687 et
942 4626 1015 4687 altas
1028 4628 1115 4688 etlam
1129 4630 1226 4688 radat
1238 4626 1366 4687 rubrica.

256 4729 292 4811 (c)
312 4735 347 4794 ln
361 4733 429 4795 cod.
445 4741 523 4794 ⁴6²5
537 4731 633 4796 timul
