4298 5906
472 577 534 642 1118
977 580 1191 644 uoluuntur
1217 581 1393 645 sncuuur
1696 581 1777 668 [An.
1796 582 1882 646 12³1.

556 711 654 792 (utto.
668 715 777 792 partlm
789 716 964 791 Renum..
974 713 1083 778 Λακαί
1098 714 1208 792 coclea,
1221 724 1296 780 ton.
1310 717 1399 794 xxi,
1415 713 1507 798 5111,
1520 717 1560 780 etl
1572 733 1643 781 m.
1659 717 1764 799 1²⁸¹.)

524 872 720 969 Gregorius,
731 883 797 948 etc.
808 877 1015 950 vercellensi
1027 879 1243 953 ctllrixionsi
1254 877 1425 975 episcopis
1437 885 1473 951 et
1482 878 1799 992 electollantuanu,
1814 887 1881 953 otc.

473 1245 529 1318 llx
546 1255 642 1339 parte
659 1245 1052 1342 imperatoris-ejusdem
1070 1249 1194 1322 nostris
1213 1258 1265 1322 est
1281 1269 1394 1345 nuper
1412 1249 1557 1322 auribus
1576 1247 1770 1322 intimatum
1788 1248 1884 1344 quod

476 1369 570 1444 idern
588 1367 735 1443 intendit
751 1369 878 1443 habere
894 1373 1054 1466 generale
1071 1373 1281 1467 colloquium
1296 1395 1377 1446 oum
1396 1372 1503 1445 nobili
1519 1373 1596 1444 viro
1614 1381 1695 1445 nato
1712 1393 1776 1445 suu
1789 1371 1884 1446 aliis·

475 1516 545 1590 que
559 1493 772 1590 principibus
781 1493 982 1569 Alemannis
996 1496 1034 1568 in
1046 1497 1202 1591 partibus
1216 1493 1437 1588 lombardia
1455 1496 1656 1592 promittens
1670 1505 1785 1569 nostro
1802 1517 1884 1570 oon·

475 1617 552 1692 silio
571 1641 610 1692 so
635 1641 780 1692 usurum
807 1619 964 1716 nihilque
987 1621 1156 1693 iacturum
1173 1619 1269 1715 quod
1294 1621 1331 1692 in
1361 1619 1617 1716 derogationem
1639 1619 1733 1714 pacis
1758 1617 1886 1694 existat

474 1743 662 1816 Ecclesiam
681 1745 737 1818 vel
755 1745 910 1837 ejusdem
934 1746 1104 1818 societatis
1123 1743 1282 1818 homines
1299 1743 1520 1834 offendendo,
1539 1743 1758 1817 exhibiturus
1774 1745 1885 1840 possi·

475 1867 580 1941 bilem
597 1878 632 1941 et
648 1869 827 1942 honestam
846 1869 890 1941 de
906 1869 1089 1942 securitate
1108 1869 1308 1942 huminibus
1325 1869 1497 1942 societatis
1514 1868 1667 1965 predicta
1684 1868 1882 1966 prestanda,

475 2015 581 2088 quarn
604 1993 718 2066 eidem
740 1993 1015 2067 consuluerimus
1037 1994 1243 2067 cautionem.
1267 1994 1428 2066 Nolentes
1448 1993 1555 2087 igitur
1578 1994 1685 2065 ullam
1708 1991 1783 2066 dari
1811 1993 1885 2067 cui·

476 2140 581 2212 quam
613 2117 790 2190 materiam
816 2115 1048 2212 malignandi,
1082 2117 1278 2191 discretioni
1304 2125 1421 2191 vestra
1448 2139 1512 2214 per
1542 2117 1728 2214 apostolica
1758 2118 1886 2214 scripta

477 2239 685 2315 mandamus
714 2251 887 2336 quatenus
911 2243 1154 2316 convenientes
1180 2244 1216 2314 iu
1243 2263 1353 2314 unum
1373 2239 1518 2315 dilectos
1539 2240 1628 2315 lilius
1652 2251 1801 2315 rectores
1824 2263 1887 2315 so-

476 2366 608 2440 cietatis
621 2367 743 2462 ipsius,
760 2389 863 2463 super
875 2367 1034 2441 cautione
1050 2365 1204 2463 predicta
1222 2377 1258 2440 ot
1275 2367 1352 2440 aliis
1369 2375 1514 2440 tractatu
1530 2388 1611 2439 cum
1627 2367 1679 2439 cis
1691 2363 1883 2462 prehabito,

476 2489 815 2584 diligentermouere
832 2513 874 2564 ac
890 2489 1057 2565 inducere
1075 2489 1266 2588 procuretis
1283 2511 1329 2564 nc
1345 2489 1442 2586 quod
1457 2487 1572 2564 cidem
1590 2489 1637 2564 ad
1656 2485 1723 2564 hoc
1737 2489 1885 2586 impudi-

475 2624 628 2688 mentum
649 2615 823 2710 patiantur
844 2615 990 2711 opponi,
1009 2615 1073 2690 sed
1095 2617 1227 2691 dictum
1248 2615 1399 2690 nobilem
1422 2625 1458 2690 ut
1476 2615 1563 2690 alios
1585 2613 1634 2688 ud
1654 2617 1731 2708 ejus
1748 2625 1887 2712 propter

474 2739 541 2812 hoc
560 2739 765 2834 presentiam
786 2740 964 2814 venientes
988 2741 1095 2815 libere
1112 2763 1154 2816 ac
1173 2751 1336 2837 unqurum
1357 2741 1452 2814 viros
1467 2739 1629 2836 pacificus
1646 2759 1709 2835 per
1724 2739 1886 2814 lombar·

475 2863 568 2937 diam
591 2865 735 2937 transire
765 2863 974 2938 tam'eundc
995 2887 1099 2962 quarn
1120 2863 1301 2939 redeundo
1325 2864 1550 2961 permittant,
1568 2864 1617 2938 ita
1638 2861 1735 2958 quud
1757 2863 1886 2937 nullam

475 2989 667 3062 sustineant
683 2987 845 3083 injuriam
863 2991 919 3062 vel
938 2989 1124 3082 offensam
1143 2989 1342 3086 provisu'ne
1360 2987 1391 3062 si
1408 2992 1484 3084 ejus
1501 2987 1710 3083 colloquium
1720 3009 1783 3084 per
1794 2988 1886 3084 ipsos

475 3123 592 3187 contra
618 3123 773 3186 nostrum
801 3113 981 3186 consilium
1011 3115 1223 3210 contingeret
1257 3115 1372 3187 minus
1406 3113 1555 3212 provide
1580 3111 1762 3209 impediri,
1791 3111 1887 3208 pacis

475 3237 654 3331 negotium
674 3235 836 3310 uideatur
855 3259 916 3334 per
943 3259 1004 3312 eos
1026 3247 1061 3311 et
1083 3237 1201 3334 quoad
1227 3237 1287 3311 eos
1310 3237 1410 3334 quusi
1430 3235 1585 3312 studiose
1614 3235 1771 3310 dissolvi.
1797 3235 1887 3323 Quia

475 3381 559 3436 veru
580 3359 695 3436 dictus
722 3361 905 3458 imperatur
926 3363 1086 3460 proponit
1109 3363 1302 3436 accelerare
1327 3361 1558 3458 colloquium,
1583 3359 1785 3435 mandatum
1807 3381 1887 3434 nos·

477 3498 568 3561 trum
594 3487 722 3560 curetis
745 3487 935 3584 adimplere
956 3485 1123 3580 celeriter,
1151 3497 1263 3561 lanian
1281 3497 1398 3578 caute,
1417 3507 1497 3559 cum
1522 3485 1587 3560 hec
1603 3485 1719 3559 omnia
1736 3485 1888 3559 volimus

477 3632 553 3686 esso
569 3620 715 3703 secretu
731 3612 833 3686 nobis
852 3610 920 3686 cito
937 3621 973 3686 et
992 3612 1140 3687 fideliter
1163 3611 1361 3708 rescripturi
1383 3607 1558 3707 quidquid
1576 3629 1680 3706 super
1702 3608 1769 3683 hoc
1786 3607 1887 3681 inve·

476 3736 596 3810 neritis
612 3735 709 3832 apud
723 3757 796 3829 eos,
816 3746 855 3808 ut
870 3737 1102 3810 insinuatione
1117 3745 1232 3810 vestra
1247 3743 1409 3832 suscepta
1425 3733 1597 3831 possimus
1614 3733 1753 3830 negotio
1770 3732 1887 3830 provi·

476 3860 559 3936 dere
574 3860 663 3934 sicin
678 3861 781 3935 fuerit
796 3860 1062 3960 prouidendum.

525 3986 651 4060 Datum
667 3985 785 4077 Reate,
804 3985 1015 4062 Vlrulendas
1030 3983 1195 4076 octobris,
1216 3983 1435 4082 pontificatus
1449 3983 1557 4058 nostri
1569 4003 1661 4057 auno
1679 3982 1722 4055 V.

276 4551 450 4652 '‘lt.5„²tlf²·
532 4562 763 4668 Fridericus,
783 4561 1044 4648 Romanorum
1061 4562 1281 4674 imperator,
1302 4558 1433 4650 Ottoni
1450 4557 1579 4643 comiti
1597 4553 1743 4640 Geln'ae
1758 4545 1889 4635 omnia

481 4723 580 4808 quae
605 4723 733 4784 oemes
764 4697 956 4782 Gerardus
986 4706 1093 4808 puter
1117 4695 1201 4809 ejus
1228 4694 1278 4780 ab
1303 4692 1463 4805 imperio
1488 4691 1628 4796 enuit,
1656 4681 1828 4772 concedit
1852 4693 1891 4765 et
