<?xml version="1.0" encoding="UTF-8"?>
<!DOCTYPE html PUBLIC "-//W3C//DTD XHTML 1.0 Transitional//EN"
    "http://www.w3.org/TR/xhtml1/DTD/xhtml1-transitional.dtd">
<html xmlns="http://www.w3.org/1999/xhtml" xml:lang="en" lang="en">
 <head>
  <title>
</title>
<meta http-equiv="Content-Type" content="text/html;charset=utf-8" />
  <meta name='ocr-system' content='tesseract 3.04.00' />
  <meta name='ocr-capabilities' content='ocr_page ocr_carea ocr_par ocr_line ocrx_word'/>
</head>
<body>
  <div class='ocr_page' id='page_1' title='image "./historiadiploma07fredgoog_0444.png"; bbox 0 0 4288 5912; ppageno 0'>
   <div class='ocr_carea' id='block_1_1' title="bbox 512 554 1913 642">
    <p class='ocr_par' dir='ltr' id='par_1_1' title="bbox 512 554 1913 642">
     <span class='ocr_line' id='line_1_1' title="bbox 512 554 1913 642; baseline 0.014 -34"><span class='ocrx_word' id='word_1_1' title='bbox 512 565 571 624; x_wconf 69' lang='lat'><strong>430</strong></span> <span class='ocrx_word' id='word_1_2' title='bbox 1010 554 1222 618; x_wconf 84' lang='lat' dir='ltr'><strong>rnruunrcr</strong></span> <span class='ocrx_word' id='word_1_3' title='bbox 1246 556 1422 622; x_wconf 84' lang='lat' dir='ltr'><strong>secuunr</strong></span> <span class='ocrx_word' id='word_1_4' title='bbox 1730 561 1811 642; x_wconf 68' lang='lat' dir='ltr'><strong>[nn.</strong></span> <span class='ocrx_word' id='word_1_5' title='bbox 1830 563 1913 628; x_wconf 80' lang='lat' dir='ltr'><strong>rese</strong></span> 
     </span>
    </p>
   </div>
   <div class='ocr_carea' id='block_1_2' title="bbox 510 688 1918 1049">
    <p class='ocr_par' dir='ltr' id='par_1_2' title="bbox 510 688 1918 1049">
     <span class='ocr_line' id='line_1_2' title="bbox 510 688 1918 801; baseline 0.002 -19"><span class='ocrx_word' id='word_1_6' title='bbox 510 692 745 799; x_wconf 90' lang='lat' dir='ltr'><strong>Bremeusis,</strong></span> <span class='ocrx_word' id='word_1_7' title='bbox 769 688 1024 801; x_wconf 85' lang='lat' dir='ltr'>burgensibus</span> <span class='ocrx_word' id='word_1_8' title='bbox 1050 689 1298 774; x_wconf 89' lang='lat' dir='ltr'><strong>Stedeusibus</strong></span> <span class='ocrx_word' id='word_1_9' title='bbox 1328 691 1505 776; x_wconf 90' lang='lat' dir='ltr'><strong>fidelibus</strong></span> <span class='ocrx_word' id='word_1_10' title='bbox 1531 693 1611 780; x_wconf 87' lang='lat' dir='ltr'><strong>suis</strong></span> <span class='ocrx_word' id='word_1_11' title='bbox 1641 695 1918 784; x_wconf 83' lang='lat' dir='ltr'><strong>immunitatem</strong></span> 
     </span>
     <span class='ocr_line' id='line_1_3' title="bbox 512 823 1918 936; baseline 0.003 -22"><span class='ocrx_word' id='word_1_12' title='bbox 512 827 676 914; x_wconf 90' lang='lat' dir='ltr'><strong>thelonei</strong></span> <span class='ocrx_word' id='word_1_13' title='bbox 694 851 762 936; x_wconf 92' lang='lat' dir='ltr'><strong>per</strong></span> <span class='ocrx_word' id='word_1_14' title='bbox 776 832 896 908; x_wconf 87' lang='lat' dir='ltr'><strong>tutem</strong></span> <span class='ocrx_word' id='word_1_15' title='bbox 913 823 1156 906; x_wconf 88' lang='lat' dir='ltr'><strong>Bremensem</strong></span> <span class='ocrx_word' id='word_1_16' title='bbox 1173 823 1376 908; x_wconf 88' lang='lat' dir='ltr'><strong>dioecesim</strong></span> <span class='ocrx_word' id='word_1_17' title='bbox 1392 826 1565 914; x_wconf 89' lang='lat' dir='ltr'><strong>concedit</strong></span> <span class='ocrx_word' id='word_1_18' title='bbox 1584 827 1634 912; x_wconf 88' lang='lat' dir='ltr'><strong>de</strong></span> <span class='ocrx_word' id='word_1_19' title='bbox 1650 828 1766 914; x_wconf 89' lang='lat' dir='ltr'><strong>rebus</strong></span> <span class='ocrx_word' id='word_1_20' title='bbox 1787 855 1918 918; x_wconf 92' lang='lat' dir='ltr'><strong>eorum</strong></span> 
     </span>
     <span class='ocr_line' id='line_1_4' title="bbox 513 957 1307 1049; baseline -0.011 0"><span class='ocrx_word' id='word_1_21' title='bbox 513 975 552 1049; x_wconf 92' lang='lat' dir='ltr'><strong>et</strong></span> <span class='ocrx_word' id='word_1_22' title='bbox 573 959 829 1046; x_wconf 80' lang='lat' dir='ltr'><strong>mercimoniis</strong></span> <span class='ocrx_word' id='word_1_23' title='bbox 846 958 886 1041; x_wconf 94' lang='lat' dir='ltr'><strong>in</strong></span> <span class='ocrx_word' id='word_1_24' title='bbox 904 957 1030 1042; x_wconf 92' lang='lat' dir='ltr'><strong>eundo</strong></span> <span class='ocrx_word' id='word_1_25' title='bbox 1048 967 1086 1042; x_wconf 91' lang='lat' dir='ltr'><strong>et</strong></span> <span class='ocrx_word' id='word_1_26' title='bbox 1098 958 1307 1044; x_wconf 90' lang='lat' dir='ltr'><strong>redeundo.</strong></span> 
     </span>
    </p>
   </div>
   <div class='ocr_carea' id='block_1_3' title="bbox 597 1196 1921 1820">
    <p class='ocr_par' dir='ltr' id='par_1_3' title="bbox 597 1196 1921 1820">
     <span class='ocr_line' id='line_1_5' title="bbox 597 1196 1919 1286; baseline 0.004 -20"><span class='ocrx_word' id='word_1_27' title='bbox 597 1203 845 1284; x_wconf 69' lang='lat' dir='ltr'><strong>(mortemne,</strong></span> <span class='ocrx_word' id='word_1_28' title='bbox 864 1200 980 1284; x_wconf 71' lang='lat' dir='ltr'><strong>onptn</strong></span> <span class='ocrx_word' id='word_1_29' title='bbox 1002 1196 1133 1280; x_wconf 56' lang='lat' dir='ltr'><strong>deam,</strong></span> <span class='ocrx_word' id='word_1_30' title='bbox 1146 1207 1220 1265; x_wconf 83' lang='lat' dir='ltr'><strong>tom.</strong></span> <span class='ocrx_word' id='word_1_31' title='bbox 1235 1202 1372 1283; x_wconf 78' lang='lat' dir='ltr'><strong>111,te1r.</strong></span> <span class='ocrx_word' id='word_1_32' title='bbox 1390 1213 1428 1266; x_wconf 85' lang='lat' dir='ltr'><strong>eo</strong></span> <span class='ocrx_word' id='word_1_33' title='bbox 1442 1204 1562 1286; x_wconf 81' lang='lat' dir='ltr'><strong>etprg.</strong></span> <span class='ocrx_word' id='word_1_34' title='bbox 1583 1215 1654 1282; x_wconf 88' lang='lat' dir='ltr'><strong>eee,</strong></span> <span class='ocrx_word' id='word_1_35' title='bbox 1669 1205 1727 1269; x_wconf 80' lang='lat' dir='ltr'><strong>eutr</strong></span> <span class='ocrx_word' id='word_1_36' title='bbox 1739 1205 1835 1270; x_wconf 77' lang='lat' dir='ltr'><strong>torm</strong></span> <span class='ocrx_word' id='word_1_37' title='bbox 1853 1209 1919 1272; x_wconf 80' lang='lat' dir='ltr'><strong>ne-</strong></span> 
     </span>
     <span class='ocr_line' id='line_1_6' title="bbox 632 1308 1919 1392; baseline 0.006 -20"><span class='ocrx_word' id='word_1_38' title='bbox 632 1311 737 1372; x_wconf 83' lang='lat' dir='ltr'><strong>rtmllu</strong></span> <span class='ocrx_word' id='word_1_39' title='bbox 758 1327 797 1372; x_wconf 88' lang='lat' dir='ltr'><strong>ex</strong></span> <span class='ocrx_word' id='word_1_40' title='bbox 813 1309 919 1388; x_wconf 81' lang='lat' dir='ltr'><strong>origin.</strong></span> <span class='ocrx_word' id='word_1_41' title='bbox 941 1311 973 1370; x_wconf 89' lang='lat' dir='ltr'><strong>in</strong></span> <span class='ocrx_word' id='word_1_42' title='bbox 997 1308 1124 1371; x_wconf 84' lang='lat' dir='ltr'><strong>tabuler.</strong></span> <span class='ocrx_word' id='word_1_43' title='bbox 1148 1309 1286 1372; x_wconf 85' lang='lat' dir='ltr'><strong>Stedcue.</strong></span> <span class='ocrx_word' id='word_1_44' title='bbox 1309 1313 1420 1390; x_wconf 82' lang='lat' dir='ltr'><strong>optime</strong></span> <span class='ocrx_word' id='word_1_45' title='bbox 1439 1313 1606 1392; x_wconf 77' lang='lat' dir='ltr'><strong>exsculptl,</strong></span> <span class='ocrx_word' id='word_1_46' title='bbox 1619 1329 1688 1375; x_wconf 86' lang='lat' dir='ltr'><strong>cum</strong></span> <span class='ocrx_word' id='word_1_47' title='bbox 1706 1314 1806 1376; x_wconf 83' lang='lat' dir='ltr'><strong>bullae</strong></span> <span class='ocrx_word' id='word_1_48' title='bbox 1817 1332 1919 1380; x_wconf 73' lang='lat' dir='ltr'><strong>eurus</strong></span> 
     </span>
     <span class='ocr_line' id='line_1_7' title="bbox 633 1417 1920 1498; baseline 0.004 -18"><span class='ocrx_word' id='word_1_49' title='bbox 633 1417 732 1498; x_wconf 82' lang='lat' dir='ltr'><strong>effigie</strong></span> <span class='ocrx_word' id='word_1_50' title='bbox 754 1422 784 1478; x_wconf 84' lang='lat' dir='ltr'><strong>et</strong></span> <span class='ocrx_word' id='word_1_51' title='bbox 806 1417 997 1494; x_wconf 70' lang='lat' dir='ltr'><strong>inscriptione</strong></span> <span class='ocrx_word' id='word_1_52' title='bbox 1018 1432 1095 1494; x_wconf 85' lang='lat' dir='ltr'><strong>qnae</strong></span> <span class='ocrx_word' id='word_1_53' title='bbox 1113 1417 1157 1477; x_wconf 83' lang='lat' dir='ltr'><strong>ite</strong></span> <span class='ocrx_word' id='word_1_54' title='bbox 1176 1422 1264 1478; x_wconf 82' lang='lat' dir='ltr'><strong>ruunt</strong></span> <span class='ocrx_word' id='word_1_55' title='bbox 1285 1434 1294 1476; x_wconf 76' lang='grc' dir='ltr'>ι</span> <span class='ocrx_word' id='word_1_56' title='bbox 1315 1422 1334 1490; x_wconf 87' lang='lat'><strong>†</strong></span> <span class='ocrx_word' id='word_1_57' title='bbox 1353 1418 1583 1483; x_wconf 75' lang='lat' dir='ltr'><strong>rummcvs</strong></span> <span class='ocrx_word' id='word_1_58' title='bbox 1602 1419 1669 1482; x_wconf 80' lang='lat' dir='ltr'><strong>um</strong></span> <span class='ocrx_word' id='word_1_59' title='bbox 1686 1419 1835 1484; x_wconf 73' lang='lat' dir='ltr'><strong>cutm</strong></span> <span class='ocrx_word' id='word_1_60' title='bbox 1852 1423 1920 1486; x_wconf 84' lang='lat' dir='ltr'><strong>ito-</strong></span> 
     </span>
     <span class='ocr_line' id='line_1_8' title="bbox 634 1522 1920 1592; baseline 0.004 -5"><span class='ocrx_word' id='word_1_61' title='bbox 634 1523 834 1587; x_wconf 70' lang='lat' dir='ltr'><strong>Menouvn</strong></span> <span class='ocrx_word' id='word_1_62' title='bbox 854 1523 1084 1585; x_wconf 71' lang='lat' dir='ltr'><strong>impunitos</strong></span> <span class='ocrx_word' id='word_1_63' title='bbox 1103 1522 1258 1586; x_wconf 80' lang='lat' dir='ltr'>SEMPER</span> <span class='ocrx_word' id='word_1_64' title='bbox 1277 1523 1480 1588; x_wconf 77' lang='lat' dir='ltr'><strong>Avcvsrvs</strong></span> <span class='ocrx_word' id='word_1_65' title='bbox 1500 1525 1579 1588; x_wconf 85' lang='lat' dir='ltr'><strong>iiiiii</strong></span> <span class='ocrx_word' id='word_1_66' title='bbox 1598 1527 1746 1588; x_wconf 74' lang='lat' dir='ltr'><strong>memte</strong></span> <span class='ocrx_word' id='word_1_67' title='bbox 1765 1528 1815 1590; x_wconf 75' lang='grc' dir='ltr'><strong>ΕΤ</strong></span> <span class='ocrx_word' id='word_1_68' title='bbox 1833 1528 1920 1592; x_wconf 79' lang='lat' dir='ltr'><strong>sici·</strong></span> 
     </span>
     <span class='ocr_line' id='line_1_9' title="bbox 633 1627 1921 1704; baseline 0.001 -9"><span class='ocrx_word' id='word_1_69' title='bbox 633 1631 698 1695; x_wconf 79' lang='lat' dir='ltr'><strong>Lm</strong></span> <span class='ocrx_word' id='word_1_70' title='bbox 716 1663 757 1678; x_wconf 94' lang='lat'><em>-</em></span> <span class='ocrx_word' id='word_1_71' title='bbox 775 1635 795 1704; x_wconf 69' lang='grc' dir='ltr'><strong>τ</strong></span> <span class='ocrx_word' id='word_1_72' title='bbox 812 1629 928 1693; x_wconf 79' lang='lat' dir='ltr'>ROMA</span> <span class='ocrx_word' id='word_1_73' title='bbox 946 1629 1075 1692; x_wconf 76' lang='lat' dir='ltr'><strong>clrvn</strong></span> <span class='ocrx_word' id='word_1_74' title='bbox 1094 1627 1223 1692; x_wconf 74' lang='lat' dir='ltr'><strong>tivum</strong></span> <span class='ocrx_word' id='word_1_75' title='bbox 1242 1629 1364 1694; x_wconf 74' lang='lat' dir='ltr'><strong>sueri</strong></span> <span class='ocrx_word' id='word_1_76' title='bbox 1383 1630 1496 1694; x_wconf 76' lang='lat' dir='ltr'><strong>obitis</strong></span> <span class='ocrx_word' id='word_1_77' title='bbox 1518 1632 1650 1696; x_wconf 74' lang='lat' dir='ltr'><strong>liiiiiill</strong></span> <span class='ocrx_word' id='word_1_78' title='bbox 1675 1634 1863 1700; x_wconf 79' lang='lat' dir='ltr'>ROTVNDI.</span> <span class='ocrx_word' id='word_1_79' title='bbox 1881 1669 1921 1682; x_wconf 97' lang='lat'>-</span> 
     </span>
     <span class='ocr_line' id='line_1_10' title="bbox 634 1733 1772 1820; baseline 0.002 -19"><span class='ocrx_word' id='word_1_80' title='bbox 634 1740 792 1818; x_wconf 85' lang='lat' dir='ltr'><strong>Reperitnr</strong></span> <span class='ocrx_word' id='word_1_81' title='bbox 802 1755 920 1817; x_wconf 84' lang='lat' dir='ltr'><strong>qnoque</strong></span> <span class='ocrx_word' id='word_1_82' title='bbox 933 1754 982 1816; x_wconf 83' lang='lat' dir='ltr'><strong>ep.</strong></span> <span class='ocrx_word' id='word_1_83' title='bbox 997 1737 1135 1811; x_wconf 80' lang='grc' dir='ltr'>Ριιιιιιι,</span> <span class='ocrx_word' id='word_1_84' title='bbox 1153 1733 1227 1800; x_wconf 70' lang='lat' dir='ltr'><strong>dee</strong></span> <span class='ocrx_word' id='word_1_85' title='bbox 1242 1735 1369 1799; x_wconf 81' lang='lat' dir='ltr'><strong>Brerrrerr</strong></span> <span class='ocrx_word' id='word_1_86' title='bbox 1384 1734 1449 1799; x_wconf 77' lang='lat' dir='ltr'><strong>and</strong></span> <span class='ocrx_word' id='word_1_87' title='bbox 1469 1735 1597 1819; x_wconf 75' lang='lat' dir='ltr'><strong>ilerden,</strong></span> <span class='ocrx_word' id='word_1_88' title='bbox 1612 1739 1671 1816; x_wconf 77' lang='lat' dir='ltr'><strong>vt,</strong></span> <span class='ocrx_word' id='word_1_89' title='bbox 1687 1739 1772 1820; x_wconf 86' lang='lat' dir='ltr'><strong>tit.)</strong></span> 
     </span>
    </p>
   </div>
   <div class='ocr_carea' id='block_1_4' title="bbox 517 1947 1924 2548">
    <p class='ocr_par' dir='ltr' id='par_1_4' title="bbox 517 1947 1924 2548">
     <span class='ocr_line' id='line_1_11' title="bbox 565 1947 1922 2048; baseline 0.004 -26"><span class='ocrx_word' id='word_1_90' title='bbox 565 1947 777 2041; x_wconf 75' lang='lat' dir='ltr'><strong>inidoneus,</strong></span> <span class='ocrx_word' id='word_1_91' title='bbox 796 1949 861 2022; x_wconf 85' lang='lat' dir='ltr'><strong>liei</strong></span> <span class='ocrx_word' id='word_1_92' title='bbox 878 1948 987 2044; x_wconf 81' lang='lat' dir='ltr'><strong>gretia</strong></span> <span class='ocrx_word' id='word_1_93' title='bbox 1007 1948 1239 2021; x_wconf 84' lang='lat' dir='ltr'><strong>iiomeuornm</strong></span> <span class='ocrx_word' id='word_1_94' title='bbox 1258 1949 1444 2044; x_wconf 85' lang='lat' dir='ltr'><strong>imperetur</strong></span> <span class='ocrx_word' id='word_1_95' title='bbox 1459 1971 1597 2048; x_wconf 86' lang='lat' dir='ltr'><strong>semper</strong></span> <span class='ocrx_word' id='word_1_96' title='bbox 1613 1961 1801 2047; x_wconf 86' lang='lat' dir='ltr'><strong>augustus,</strong></span> <span class='ocrx_word' id='word_1_97' title='bbox 1820 1954 1922 2028; x_wconf 86' lang='lat' dir='ltr'><strong>leru-</strong></span> 
     </span>
     <span class='ocr_line' id='line_1_12' title="bbox 519 2072 1922 2168; baseline 0.004 -20"><span class='ocrx_word' id='word_1_98' title='bbox 519 2073 625 2148; x_wconf 87' lang='lat' dir='ltr'><strong>salem</strong></span> <span class='ocrx_word' id='word_1_99' title='bbox 640 2083 675 2147; x_wconf 90' lang='lat' dir='ltr'><strong>et</strong></span> <span class='ocrx_word' id='word_1_100' title='bbox 691 2072 805 2146; x_wconf 89' lang='lat' dir='ltr'><strong>Sicilie</strong></span> <span class='ocrx_word' id='word_1_101' title='bbox 821 2095 897 2146; x_wconf 86' lang='lat' dir='ltr'><strong>rex.</strong></span> <span class='ocrx_word' id='word_1_102' title='bbox 915 2073 980 2146; x_wconf 88' lang='lat' dir='ltr'><strong>Per</strong></span> <span class='ocrx_word' id='word_1_103' title='bbox 996 2093 1137 2168; x_wconf 80' lang='lat' dir='ltr'><strong>presens</strong></span> <span class='ocrx_word' id='word_1_104' title='bbox 1155 2072 1321 2168; x_wconf 92' lang='lat' dir='ltr'><strong>scriptum</strong></span> <span class='ocrx_word' id='word_1_105' title='bbox 1345 2083 1467 2148; x_wconf 91' lang='lat' dir='ltr'><strong>uotum</strong></span> <span class='ocrx_word' id='word_1_106' title='bbox 1485 2073 1558 2147; x_wconf 88' lang='lat' dir='ltr'><strong>lieri</strong></span> <span class='ocrx_word' id='word_1_107' title='bbox 1577 2077 1741 2150; x_wconf 86' lang='lat' dir='ltr'><strong>volumus</strong></span> <span class='ocrx_word' id='word_1_108' title='bbox 1756 2078 1922 2153; x_wconf 82' lang='lat' dir='ltr'><strong>universis</strong></span> 
     </span>
     <span class='ocr_line' id='line_1_13' title="bbox 519 2197 1922 2296; baseline 0.003 -22"><span class='ocrx_word' id='word_1_109' title='bbox 519 2210 588 2274; x_wconf 87' lang='lat' dir='ltr'><strong>tam</strong></span> <span class='ocrx_word' id='word_1_110' title='bbox 608 2198 821 2295; x_wconf 77' lang='lat' dir='ltr'><strong>presentibus</strong></span> <span class='ocrx_word' id='word_1_111' title='bbox 846 2219 951 2294; x_wconf 87' lang='lat' dir='ltr'><strong>quam</strong></span> <span class='ocrx_word' id='word_1_112' title='bbox 977 2197 1102 2270; x_wconf 81' lang='lat' dir='ltr'><strong>tuturis</strong></span> <span class='ocrx_word' id='word_1_113' title='bbox 1125 2197 1222 2294; x_wconf 91' lang='lat' dir='ltr'><strong>quod</strong></span> <span class='ocrx_word' id='word_1_114' title='bbox 1244 2199 1347 2272; x_wconf 83' lang='lat' dir='ltr'><strong>freter</strong></span> <span class='ocrx_word' id='word_1_115' title='bbox 1362 2200 1610 2296; x_wconf 77' lang='lat' dir='ltr'><strong>Symboitouus</strong></span> <span class='ocrx_word' id='word_1_116' title='bbox 1624 2200 1670 2275; x_wconf 88' lang='lat' dir='ltr'><strong>dc</strong></span> <span class='ocrx_word' id='word_1_117' title='bbox 1688 2200 1792 2277; x_wconf 92' lang='lat' dir='ltr'><strong>domo</strong></span> <span class='ocrx_word' id='word_1_118' title='bbox 1810 2203 1922 2278; x_wconf 84' lang='lat' dir='ltr'><strong>&#39;ibeo-</strong></span> 
     </span>
     <span class='ocr_line' id='line_1_14' title="bbox 520 2321 1921 2423; baseline 0.003 -25"><span class='ocrx_word' id='word_1_119' title='bbox 520 2325 725 2412; x_wconf 89' lang='lat' dir='ltr'><strong>tonicorum,</strong></span> <span class='ocrx_word' id='word_1_120' title='bbox 746 2321 858 2397; x_wconf 89' lang='lat' dir='ltr'><strong>fidelis</strong></span> <span class='ocrx_word' id='word_1_121' title='bbox 878 2333 1004 2415; x_wconf 91' lang='lat' dir='ltr'><strong>noster,</strong></span> <span class='ocrx_word' id='word_1_122' title='bbox 1023 2333 1141 2396; x_wconf 91' lang='lat' dir='ltr'><strong>nostro</strong></span> <span class='ocrx_word' id='word_1_123' title='bbox 1157 2324 1300 2396; x_wconf 86' lang='lat' dir='ltr'><strong>culmini</strong></span> <span class='ocrx_word' id='word_1_124' title='bbox 1325 2325 1536 2420; x_wconf 85' lang='lat' dir='ltr'><strong>supplicavit</strong></span> <span class='ocrx_word' id='word_1_125' title='bbox 1554 2335 1725 2422; x_wconf 82' lang='lat' dir='ltr'><strong>quatenus</strong></span> <span class='ocrx_word' id='word_1_126' title='bbox 1744 2349 1805 2423; x_wconf 91' lang='lat' dir='ltr'><strong>per</strong></span> <span class='ocrx_word' id='word_1_127' title='bbox 1822 2337 1921 2402; x_wconf 86' lang='lat' dir='ltr'><strong>totam</strong></span> 
     </span>
     <span class='ocr_line' id='line_1_15' title="bbox 517 2447 1924 2548; baseline 0.005 -26"><span class='ocrx_word' id='word_1_128' title='bbox 517 2452 734 2522; x_wconf 89' lang='lat' dir='ltr'><strong>Bremensem</strong></span> <span class='ocrx_word' id='word_1_129' title='bbox 757 2447 921 2522; x_wconf 88' lang='lat' dir='ltr'><strong>diocesim</strong></span> <span class='ocrx_word' id='word_1_130' title='bbox 949 2447 1173 2542; x_wconf 85' lang='lat' dir='ltr'><strong>dignaremur</strong></span> <span class='ocrx_word' id='word_1_131' title='bbox 1196 2471 1260 2523; x_wconf 89' lang='lat' dir='ltr'><strong>sue</strong></span> <span class='ocrx_word' id='word_1_132' title='bbox 1279 2450 1539 2546; x_wconf 66' lang='lat' dir='ltr'><strong>supplicationis</strong></span> <span class='ocrx_word' id='word_1_133' title='bbox 1567 2459 1711 2548; x_wconf 90' lang='lat' dir='ltr'><strong>optentu</strong></span> <span class='ocrx_word' id='word_1_134' title='bbox 1737 2453 1924 2529; x_wconf 84' lang='lat' dir='ltr'><strong>concedere</strong></span> 
     </span>
    </p>
   </div>
   <div class='ocr_carea' id='block_1_5' title="bbox 517 2573 1934 4794">
    <p class='ocr_par' dir='ltr' id='par_1_5' title="bbox 517 2573 1932 4544">
     <span class='ocr_line' id='line_1_16' title="bbox 520 2573 1923 2670; baseline 0.002 -20"><span class='ocrx_word' id='word_1_135' title='bbox 520 2575 565 2650; x_wconf 91' lang='lat' dir='ltr'><strong>de</strong></span> <span class='ocrx_word' id='word_1_136' title='bbox 583 2576 691 2670; x_wconf 86' lang='lat' dir='ltr'><strong>gretia</strong></span> <span class='ocrx_word' id='word_1_137' title='bbox 709 2583 823 2648; x_wconf 87' lang='lat' dir='ltr'><strong>nostra</strong></span> <span class='ocrx_word' id='word_1_138' title='bbox 841 2575 1072 2668; x_wconf 77' lang='lat' dir='ltr'><strong>burgensibus</strong></span> <span class='ocrx_word' id='word_1_139' title='bbox 1089 2573 1316 2648; x_wconf 85' lang='lat' dir='ltr'><strong>Stsdeusibns</strong></span> <span class='ocrx_word' id='word_1_140' title='bbox 1333 2575 1484 2650; x_wconf 89' lang='lat' dir='ltr'><strong>thelonei</strong></span> <span class='ocrx_word' id='word_1_141' title='bbox 1502 2576 1706 2650; x_wconf 86' lang='lat' dir='ltr'><strong>libertatem.</strong></span> <span class='ocrx_word' id='word_1_142' title='bbox 1726 2578 1796 2651; x_wconf 92' lang='lat' dir='ltr'><strong>Nos</strong></span> <span class='ocrx_word' id='word_1_143' title='bbox 1813 2587 1923 2653; x_wconf 84' lang='lat' dir='ltr'><strong>autem</strong></span> 
     </span>
     <span class='ocr_line' id='line_1_17' title="bbox 517 2699 1924 2797; baseline 0.001 -23"><span class='ocrx_word' id='word_1_144' title='bbox 517 2701 662 2797; x_wconf 84' lang='lat' dir='ltr'><strong>receptis</strong></span> <span class='ocrx_word' id='word_1_145' title='bbox 684 2699 767 2774; x_wconf 91' lang='lat' dir='ltr'><strong>iude</strong></span> <span class='ocrx_word' id='word_1_146' title='bbox 791 2699 911 2774; x_wconf 89' lang='lat' dir='ltr'><strong>litteris</strong></span> <span class='ocrx_word' id='word_1_147' title='bbox 937 2699 1052 2774; x_wconf 92' lang='lat' dir='ltr'><strong>dilecti</strong></span> <span class='ocrx_word' id='word_1_148' title='bbox 1079 2701 1243 2797; x_wconf 92' lang='lat' dir='ltr'><strong>principis</strong></span> <span class='ocrx_word' id='word_1_149' title='bbox 1270 2699 1379 2774; x_wconf 89' lang='lat' dir='ltr'><strong>nostri</strong></span> <span class='ocrx_word' id='word_1_150' title='bbox 1409 2701 1617 2775; x_wconf 86' lang='lat' dir='ltr'><strong>venerabilis</strong></span> <span class='ocrx_word' id='word_1_151' title='bbox 1643 2703 1837 2776; x_wconf 88' lang='lat' dir='ltr'><strong>Bremeusis</strong></span> <span class='ocrx_word' id='word_1_152' title='bbox 1863 2723 1924 2776; x_wconf 86' lang='lat' dir='ltr'><strong>ar-</strong></span> 
     </span>
     <span class='ocr_line' id='line_1_18' title="bbox 522 2824 1927 2923; baseline 0 -23"><span class='ocrx_word' id='word_1_153' title='bbox 522 2826 749 2923; x_wconf 84' lang='lat' dir='ltr'><strong>chiepiscopi,</strong></span> <span class='ocrx_word' id='word_1_154' title='bbox 779 2825 1033 2900; x_wconf 91' lang='lat' dir='ltr'><strong>contineutibus</strong></span> <span class='ocrx_word' id='word_1_155' title='bbox 1058 2824 1290 2920; x_wconf 86' lang='lat' dir='ltr'><strong>gratissimum</strong></span> <span class='ocrx_word' id='word_1_156' title='bbox 1315 2827 1387 2900; x_wconf 85' lang='lat' dir='ltr'><strong>lore</strong></span> <span class='ocrx_word' id='word_1_157' title='bbox 1409 2825 1478 2899; x_wconf 88' lang='lat' dir='ltr'><strong>sibi</strong></span> <span class='ocrx_word' id='word_1_158' title='bbox 1506 2825 1673 2921; x_wconf 90' lang='lat' dir='ltr'><strong>quicquid</strong></span> <span class='ocrx_word' id='word_1_159' title='bbox 1698 2827 1807 2921; x_wconf 85' lang='lat' dir='ltr'><strong>gratio</strong></span> <span class='ocrx_word' id='word_1_160' title='bbox 1829 2826 1927 2901; x_wconf 88' lang='lat' dir='ltr'><strong>dictis</strong></span> 
     </span>
     <span class='ocr_line' id='line_1_19' title="bbox 523 2949 1927 3048; baseline 0 -22"><span class='ocrx_word' id='word_1_161' title='bbox 523 2951 754 3046; x_wconf 77' lang='lat' dir='ltr'><strong>burgensibus</strong></span> <span class='ocrx_word' id='word_1_162' title='bbox 770 2951 1019 3042; x_wconf 77' lang='lat' dir='ltr'><strong>conferremus,</strong></span> <span class='ocrx_word' id='word_1_163' title='bbox 1038 2949 1086 3024; x_wconf 85' lang='lat' dir='ltr'><strong>ed</strong></span> <span class='ocrx_word' id='word_1_164' title='bbox 1102 2949 1388 3046; x_wconf 77' lang='lat' dir='ltr'><strong>supplicationem</strong></span> <span class='ocrx_word' id='word_1_165' title='bbox 1406 2951 1552 3048; x_wconf 85' lang='lat' dir='ltr'><strong>predicti</strong></span> <span class='ocrx_word' id='word_1_166' title='bbox 1569 2951 1682 3024; x_wconf 82' lang='lat' dir='ltr'><strong>fratris</strong></span> <span class='ocrx_word' id='word_1_167' title='bbox 1701 2951 1927 3048; x_wconf 80' lang='lat' dir='ltr'><strong>Symboitonis</strong></span> 
     </span>
     <span class='ocr_line' id='line_1_20' title="bbox 525 3074 1927 3170; baseline 0.001 -20"><span class='ocrx_word' id='word_1_168' title='bbox 525 3074 748 3150; x_wconf 91' lang='lat' dir='ltr'><strong>concedimus</strong></span> <span class='ocrx_word' id='word_1_169' title='bbox 765 3074 936 3148; x_wconf 87' lang='lat' dir='ltr'><strong>universis</strong></span> <span class='ocrx_word' id='word_1_170' title='bbox 953 3075 1184 3170; x_wconf 80' lang='lat' dir='ltr'><strong>burgensibus</strong></span> <span class='ocrx_word' id='word_1_171' title='bbox 1199 3075 1425 3150; x_wconf 85' lang='lat' dir='ltr'><strong>Stadeusibus</strong></span> <span class='ocrx_word' id='word_1_172' title='bbox 1438 3075 1600 3150; x_wconf 85' lang='lat' dir='ltr'><strong>fidelibus</strong></span> <span class='ocrx_word' id='word_1_173' title='bbox 1616 3077 1742 3150; x_wconf 89' lang='lat' dir='ltr'><strong>nostris</strong></span> <span class='ocrx_word' id='word_1_174' title='bbox 1752 3086 1792 3150; x_wconf 93' lang='lat' dir='ltr'><strong>ut</strong></span> <span class='ocrx_word' id='word_1_175' title='bbox 1804 3075 1927 3151; x_wconf 84' lang='lat' dir='ltr'><strong>amodo</strong></span> 
     </span>
     <span class='ocr_line' id='line_1_21' title="bbox 524 3195 1930 3298; baseline 0.001 -26"><span class='ocrx_word' id='word_1_176' title='bbox 524 3222 586 3298; x_wconf 91' lang='lat' dir='ltr'><strong>per</strong></span> <span class='ocrx_word' id='word_1_177' title='bbox 604 3210 709 3274; x_wconf 86' lang='lat' dir='ltr'><strong>totam</strong></span> <span class='ocrx_word' id='word_1_178' title='bbox 731 3201 948 3274; x_wconf 90' lang='lat' dir='ltr'><strong>Bremensem</strong></span> <span class='ocrx_word' id='word_1_179' title='bbox 975 3199 1141 3274; x_wconf 89' lang='lat' dir='ltr'><strong>diocesim</strong></span> <span class='ocrx_word' id='word_1_180' title='bbox 1164 3195 1332 3274; x_wconf 83' lang='lat' dir='ltr'><strong>derebus</strong></span> <span class='ocrx_word' id='word_1_181' title='bbox 1349 3210 1384 3274; x_wconf 93' lang='lat' dir='ltr'><strong>et</strong></span> <span class='ocrx_word' id='word_1_182' title='bbox 1400 3200 1717 3296; x_wconf 89' lang='lat' dir='ltr'><strong>mercimoniisque</strong></span> <span class='ocrx_word' id='word_1_183' title='bbox 1734 3202 1878 3275; x_wconf 90' lang='lat' dir='ltr'><strong>emerint</strong></span> <span class='ocrx_word' id='word_1_184' title='bbox 1896 3210 1930 3274; x_wconf 89' lang='lat' dir='ltr'><strong>et</strong></span> 
     </span>
     <span class='ocr_line' id='line_1_22' title="bbox 526 3323 1929 3402; baseline -0.004 0"><span class='ocrx_word' id='word_1_185' title='bbox 526 3325 746 3402; x_wconf 87' lang='lat' dir='ltr'><strong>vendiderint</strong></span> <span class='ocrx_word' id='word_1_186' title='bbox 762 3325 799 3398; x_wconf 94' lang='lat' dir='ltr'><strong>iu</strong></span> <span class='ocrx_word' id='word_1_187' title='bbox 819 3323 990 3398; x_wconf 83' lang='lat' dir='ltr'><strong>cundoet</strong></span> <span class='ocrx_word' id='word_1_188' title='bbox 1010 3324 1190 3400; x_wconf 92' lang='lat' dir='ltr'><strong>redeundo</strong></span> <span class='ocrx_word' id='word_1_189' title='bbox 1215 3334 1355 3399; x_wconf 86' lang='lat' dir='ltr'><strong>utantur</strong></span> <span class='ocrx_word' id='word_1_190' title='bbox 1378 3324 1528 3400; x_wconf 90' lang='lat' dir='ltr'><strong>thelonei</strong></span> <span class='ocrx_word' id='word_1_191' title='bbox 1549 3326 1704 3399; x_wconf 81' lang='lat' dir='ltr'><strong>libertate</strong></span> <span class='ocrx_word' id='word_1_192' title='bbox 1719 3335 1754 3399; x_wconf 92' lang='lat' dir='ltr'><strong>et</strong></span> <span class='ocrx_word' id='word_1_193' title='bbox 1771 3327 1816 3400; x_wconf 85' lang='lat' dir='ltr'><strong>ab</strong></span> <span class='ocrx_word' id='word_1_194' title='bbox 1837 3326 1929 3400; x_wconf 91' lang='lat' dir='ltr'><strong>omui</strong></span> 
     </span>
     <span class='ocr_line' id='line_1_23' title="bbox 525 3450 1931 3548; baseline -0.003 -21"><span class='ocrx_word' id='word_1_195' title='bbox 525 3453 706 3528; x_wconf 80' lang='lat' dir='ltr'><strong>exactione</strong></span> <span class='ocrx_word' id='word_1_196' title='bbox 729 3450 877 3524; x_wconf 90' lang='lat' dir='ltr'><strong>thelonei</strong></span> <span class='ocrx_word' id='word_1_197' title='bbox 900 3450 998 3522; x_wconf 91' lang='lat' dir='ltr'><strong>liberi</strong></span> <span class='ocrx_word' id='word_1_198' title='bbox 1023 3459 1183 3524; x_wconf 87' lang='lat' dir='ltr'><strong>maneant</strong></span> <span class='ocrx_word' id='word_1_199' title='bbox 1203 3460 1237 3526; x_wconf 87' lang='lat' dir='ltr'><strong>et</strong></span> <span class='ocrx_word' id='word_1_200' title='bbox 1254 3451 1447 3544; x_wconf 71' lang='lat' dir='ltr'><strong>immunes,</strong></span> <span class='ocrx_word' id='word_1_201' title='bbox 1474 3451 1644 3548; x_wconf 89' lang='lat' dir='ltr'><strong>presentis</strong></span> <span class='ocrx_word' id='word_1_202' title='bbox 1666 3450 1782 3546; x_wconf 85' lang='lat' dir='ltr'><strong>scripti</strong></span> <span class='ocrx_word' id='word_1_203' title='bbox 1807 3459 1931 3524; x_wconf 88' lang='lat' dir='ltr'><strong>eneto-</strong></span> 
     </span>
     <span class='ocr_line' id='line_1_24' title="bbox 529 3574 1927 3670; baseline -0.001 -21"><span class='ocrx_word' id='word_1_204' title='bbox 529 3577 627 3650; x_wconf 87' lang='lat' dir='ltr'><strong>ritete</strong></span> <span class='ocrx_word' id='word_1_205' title='bbox 657 3575 860 3648; x_wconf 86' lang='lat' dir='ltr'><strong>mandantes</strong></span> <span class='ocrx_word' id='word_1_206' title='bbox 885 3583 1057 3670; x_wconf 87' lang='lat' dir='ltr'><strong>quatenus</strong></span> <span class='ocrx_word' id='word_1_207' title='bbox 1088 3574 1204 3647; x_wconf 92' lang='lat' dir='ltr'><strong>nullus</strong></span> <span class='ocrx_word' id='word_1_208' title='bbox 1231 3575 1484 3668; x_wconf 83' lang='lat' dir='ltr'><strong>ministerialis,</strong></span> <span class='ocrx_word' id='word_1_209' title='bbox 1514 3575 1689 3667; x_wconf 85' lang='lat' dir='ltr'><strong>officialis,</strong></span> <span class='ocrx_word' id='word_1_210' title='bbox 1721 3575 1927 3666; x_wconf 85' lang='lat' dir='ltr'><strong>advocatus,</strong></span> 
     </span>
     <span class='ocr_line' id='line_1_25' title="bbox 528 3697 1929 3796; baseline 0 -22"><span class='ocrx_word' id='word_1_211' title='bbox 528 3701 710 3791; x_wconf 90' lang='lat' dir='ltr'><strong>scultetus,</strong></span> <span class='ocrx_word' id='word_1_212' title='bbox 729 3697 895 3796; x_wconf 86' lang='lat' dir='ltr'><strong>nullaque</strong></span> <span class='ocrx_word' id='word_1_213' title='bbox 915 3719 1061 3794; x_wconf 87' lang='lat' dir='ltr'><strong>persona</strong></span> <span class='ocrx_word' id='word_1_214' title='bbox 1076 3700 1145 3772; x_wconf 83' lang='lat' dir='ltr'><strong>elta</strong></span> <span class='ocrx_word' id='word_1_215' title='bbox 1162 3699 1220 3773; x_wconf 86' lang='lat' dir='ltr'><strong>vel</strong></span> <span class='ocrx_word' id='word_1_216' title='bbox 1235 3699 1394 3793; x_wconf 88' lang='lat' dir='ltr'><strong>humilis,</strong></span> <span class='ocrx_word' id='word_1_217' title='bbox 1414 3699 1642 3774; x_wconf 82' lang='lat' dir='ltr'><strong>ecclesiastica</strong></span> <span class='ocrx_word' id='word_1_218' title='bbox 1658 3700 1717 3774; x_wconf 82' lang='lat' dir='ltr'><strong>vel</strong></span> <span class='ocrx_word' id='word_1_219' title='bbox 1734 3697 1929 3790; x_wconf 81' lang='lat' dir='ltr'><strong>mundana,</strong></span> 
     </span>
     <span class='ocr_line' id='line_1_26' title="bbox 527 3825 1932 3922; baseline -0.001 -22"><span class='ocrx_word' id='word_1_220' title='bbox 527 3838 644 3900; x_wconf 89' lang='lat' dir='ltr'><strong>contre</strong></span> <span class='ocrx_word' id='word_1_221' title='bbox 664 3835 818 3900; x_wconf 90' lang='lat' dir='ltr'><strong>tenorem</strong></span> <span class='ocrx_word' id='word_1_222' title='bbox 843 3826 1011 3921; x_wconf 89' lang='lat' dir='ltr'><strong>presentis</strong></span> <span class='ocrx_word' id='word_1_223' title='bbox 1033 3825 1262 3899; x_wconf 86' lang='lat' dir='ltr'><strong>concessionis</strong></span> <span class='ocrx_word' id='word_1_224' title='bbox 1282 3835 1397 3900; x_wconf 88' lang='lat' dir='ltr'><strong>nostre</strong></span> <span class='ocrx_word' id='word_1_225' title='bbox 1420 3827 1513 3922; x_wconf 88' lang='lat' dir='ltr'><strong>ipsos</strong></span> <span class='ocrx_word' id='word_1_226' title='bbox 1536 3827 1728 3921; x_wconf 78' lang='lat' dir='ltr'><strong>burgenses</strong></span> <span class='ocrx_word' id='word_1_227' title='bbox 1751 3825 1932 3900; x_wconf 86' lang='lat' dir='ltr'><strong>Stndeuscs</strong></span> 
     </span>
     <span class='ocr_line' id='line_1_27' title="bbox 528 3949 1930 4046; baseline -0.003 -22"><span class='ocrx_word' id='word_1_228' title='bbox 528 3951 573 4024; x_wconf 92' lang='lat' dir='ltr'><strong>de</strong></span> <span class='ocrx_word' id='word_1_229' title='bbox 590 3950 725 4024; x_wconf 85' lang='lat' dir='ltr'><strong>indulta</strong></span> <span class='ocrx_word' id='word_1_230' title='bbox 750 3950 816 4023; x_wconf 90' lang='lat' dir='ltr'><strong>sibi</strong></span> <span class='ocrx_word' id='word_1_231' title='bbox 837 3949 993 4024; x_wconf 84' lang='lat' dir='ltr'><strong>libertate</strong></span> <span class='ocrx_word' id='word_1_232' title='bbox 1014 3949 1123 4045; x_wconf 89' lang='lat' dir='ltr'><strong>ipsius</strong></span> <span class='ocrx_word' id='word_1_233' title='bbox 1143 3949 1291 4024; x_wconf 91' lang='lat' dir='ltr'><strong>thelonei</strong></span> <span class='ocrx_word' id='word_1_234' title='bbox 1311 3971 1372 4046; x_wconf 93' lang='lat' dir='ltr'><strong>per</strong></span> <span class='ocrx_word' id='word_1_235' title='bbox 1389 3949 1656 4046; x_wconf 84' lang='lat' dir='ltr'><strong>predestinatam</strong></span> <span class='ocrx_word' id='word_1_236' title='bbox 1680 3949 1845 4024; x_wconf 89' lang='lat' dir='ltr'><strong>diocesim</strong></span> <span class='ocrx_word' id='word_1_237' title='bbox 1861 3949 1930 4020; x_wconf 94' lang='lat' dir='ltr'><strong>im-</strong></span> 
     </span>
     <span class='ocr_line' id='line_1_28' title="bbox 527 4073 1930 4172; baseline -0.004 -23"><span class='ocrx_word' id='word_1_238' title='bbox 527 4076 649 4172; x_wconf 91' lang='lat' dir='ltr'><strong>pedire</strong></span> <span class='ocrx_word' id='word_1_239' title='bbox 675 4077 732 4148; x_wconf 89' lang='lat' dir='ltr'><strong>vel</strong></span> <span class='ocrx_word' id='word_1_240' title='bbox 761 4075 940 4148; x_wconf 85' lang='lat' dir='ltr'><strong>molestare</strong></span> <span class='ocrx_word' id='word_1_241' title='bbox 969 4084 1154 4170; x_wconf 87' lang='lat' dir='ltr'><strong>presumat.</strong></span> <span class='ocrx_word' id='word_1_242' title='bbox 1182 4073 1284 4160; x_wconf 89' lang='lat' dir='ltr'><strong>Quod</strong></span> <span class='ocrx_word' id='word_1_243' title='bbox 1308 4075 1369 4168; x_wconf 92' lang='lat' dir='ltr'><strong>qui</strong></span> <span class='ocrx_word' id='word_1_244' title='bbox 1393 4075 1639 4171; x_wconf 91' lang='lat' dir='ltr'><strong>presumpserit</strong></span> <span class='ocrx_word' id='word_1_245' title='bbox 1664 4073 1930 4168; x_wconf 81' lang='lat' dir='ltr'><strong>indignationem</strong></span> 
     </span>
     <span class='ocr_line' id='line_1_29' title="bbox 529 4199 1931 4294; baseline -0.002 -21"><span class='ocrx_word' id='word_1_246' title='bbox 529 4213 681 4274; x_wconf 83' lang='lat' dir='ltr'><strong>nostram</strong></span> <span class='ocrx_word' id='word_1_247' title='bbox 695 4223 732 4273; x_wconf 92' lang='lat' dir='ltr'><strong>se</strong></span> <span class='ocrx_word' id='word_1_248' title='bbox 747 4202 883 4272; x_wconf 90' lang='lat' dir='ltr'><strong>noverit</strong></span> <span class='ocrx_word' id='word_1_249' title='bbox 902 4201 1134 4272; x_wconf 90' lang='lat' dir='ltr'><strong>incursurum.</strong></span> <span class='ocrx_word' id='word_1_250' title='bbox 1155 4199 1210 4272; x_wconf 82' lang='lat' dir='ltr'><strong>Ad</strong></span> <span class='ocrx_word' id='word_1_251' title='bbox 1226 4199 1331 4290; x_wconf 88' lang='lat' dir='ltr'><strong>hujus</strong></span> <span class='ocrx_word' id='word_1_252' title='bbox 1349 4199 1466 4294; x_wconf 84' lang='lat' dir='ltr'><strong>itaque</strong></span> <span class='ocrx_word' id='word_1_253' title='bbox 1480 4200 1709 4273; x_wconf 89' lang='lat' dir='ltr'><strong>concessionis</strong></span> <span class='ocrx_word' id='word_1_254' title='bbox 1725 4209 1839 4272; x_wconf 91' lang='lat' dir='ltr'><strong>nostre</strong></span> <span class='ocrx_word' id='word_1_255' title='bbox 1854 4219 1931 4270; x_wconf 91' lang='lat' dir='ltr'><strong>me-</strong></span> 
     </span>
     <span class='ocr_line' id='line_1_30' title="bbox 529 4321 1932 4420; baseline -0.004 -22"><span class='ocrx_word' id='word_1_256' title='bbox 529 4327 671 4398; x_wconf 86' lang='lat' dir='ltr'><strong>moriam</strong></span> <span class='ocrx_word' id='word_1_257' title='bbox 688 4335 721 4397; x_wconf 90' lang='lat' dir='ltr'><strong>et</strong></span> <span class='ocrx_word' id='word_1_258' title='bbox 736 4326 890 4398; x_wconf 86' lang='lat' dir='ltr'><strong>stabilem</strong></span> <span class='ocrx_word' id='word_1_259' title='bbox 907 4325 1113 4413; x_wconf 87' lang='lat' dir='ltr'><strong>firmitatem,</strong></span> <span class='ocrx_word' id='word_1_260' title='bbox 1134 4333 1325 4419; x_wconf 89' lang='lat' dir='ltr'><strong>presentem</strong></span> <span class='ocrx_word' id='word_1_261' title='bbox 1344 4324 1495 4398; x_wconf 83' lang='lat' dir='ltr'><strong>divalem</strong></span> <span class='ocrx_word' id='word_1_262' title='bbox 1510 4325 1672 4420; x_wconf 86' lang='lat' dir='ltr'><strong>peginam</strong></span> <span class='ocrx_word' id='word_1_263' title='bbox 1690 4321 1764 4396; x_wconf 89' lang='lat' dir='ltr'><strong>fieri</strong></span> <span class='ocrx_word' id='word_1_264' title='bbox 1783 4331 1819 4396; x_wconf 88' lang='lat' dir='ltr'><strong>et</strong></span> <span class='ocrx_word' id='word_1_265' title='bbox 1840 4323 1932 4395; x_wconf 83' lang='lat' dir='ltr'><strong>bulla</strong></span> 
     </span>
     <span class='ocr_line' id='line_1_31' title="bbox 528 4447 1698 4544; baseline -0.006 -19"><span class='ocrx_word' id='word_1_266' title='bbox 528 4473 633 4525; x_wconf 85' lang='lat' dir='ltr'><strong>auree</strong></span> <span class='ocrx_word' id='word_1_267' title='bbox 646 4452 768 4544; x_wconf 85' lang='lat' dir='ltr'><strong>tipario</strong></span> <span class='ocrx_word' id='word_1_268' title='bbox 784 4458 897 4522; x_wconf 91' lang='lat' dir='ltr'><strong>nostre</strong></span> <span class='ocrx_word' id='word_1_269' title='bbox 914 4449 1099 4543; x_wconf 80' lang='lat' dir='ltr'><strong>mejestatis</strong></span> <span class='ocrx_word' id='word_1_270' title='bbox 1117 4451 1282 4544; x_wconf 86' lang='lat' dir='ltr'><strong>impresse</strong></span> <span class='ocrx_word' id='word_1_271' title='bbox 1296 4449 1463 4540; x_wconf 89' lang='lat' dir='ltr'><strong>jussimus</strong></span> <span class='ocrx_word' id='word_1_272' title='bbox 1481 4447 1698 4520; x_wconf 89' lang='lat' dir='ltr'><strong>communiri.</strong></span> 
     </span>
    </p>

    <p class='ocr_par' dir='ltr' id='par_1_6' title="bbox 529 4570 1934 4794">
     <span class='ocr_line' id='line_1_32' title="bbox 576 4570 1930 4668; baseline -0.003 -22"><span class='ocrx_word' id='word_1_273' title='bbox 576 4577 685 4668; x_wconf 87' lang='lat' dir='ltr'><strong>Hujus</strong></span> <span class='ocrx_word' id='word_1_274' title='bbox 702 4575 752 4646; x_wconf 90' lang='lat' dir='ltr'><strong>rei</strong></span> <span class='ocrx_word' id='word_1_275' title='bbox 773 4581 875 4646; x_wconf 91' lang='lat' dir='ltr'><strong>testes</strong></span> <span class='ocrx_word' id='word_1_276' title='bbox 892 4583 973 4646; x_wconf 90' lang='lat' dir='ltr'><strong>sunt</strong></span> <span class='ocrx_word' id='word_1_277' title='bbox 992 4599 1000 4644; x_wconf 91' lang='lat'><strong>:</strong></span> <span class='ocrx_word' id='word_1_278' title='bbox 1018 4575 1058 4645; x_wconf 87' lang='grc' dir='ltr'><strong>Β.</strong></span> <span class='ocrx_word' id='word_1_279' title='bbox 1081 4573 1339 4646; x_wconf 87' lang='lat' dir='ltr'><strong>Panormitenus</strong></span> <span class='ocrx_word' id='word_1_280' title='bbox 1355 4579 1389 4646; x_wconf 90' lang='lat' dir='ltr'><strong>et</strong></span> <span class='ocrx_word' id='word_1_281' title='bbox 1405 4573 1436 4645; x_wconf 86' lang='lat' dir='ltr'><strong>J.</strong></span> <span class='ocrx_word' id='word_1_282' title='bbox 1460 4571 1643 4667; x_wconf 86' lang='lat' dir='ltr'><strong>Capuanus</strong></span> <span class='ocrx_word' id='word_1_283' title='bbox 1665 4570 1930 4666; x_wconf 84' lang='lat' dir='ltr'><strong>archiepiscopi,</strong></span> 
     </span>
     <span class='ocr_line' id='line_1_33' title="bbox 529 4693 1934 4794; baseline -0.006 -20"><span class='ocrx_word' id='word_1_284' title='bbox 529 4701 680 4774; x_wconf 83' lang='lat' dir='ltr'><strong>marchio</strong></span> <span class='ocrx_word' id='word_1_285' title='bbox 701 4697 897 4772; x_wconf 85' lang='lat' dir='ltr'><strong>lilaniredus</strong></span> <span class='ocrx_word' id='word_1_286' title='bbox 919 4697 1061 4790; x_wconf 78' lang='lat' dir='ltr'><strong>Leucis,</strong></span> <span class='ocrx_word' id='word_1_287' title='bbox 1082 4696 1258 4772; x_wconf 86' lang='lat' dir='ltr'><strong>Comedus</strong></span> <span class='ocrx_word' id='word_1_288' title='bbox 1280 4717 1395 4771; x_wconf 88' lang='lat' dir='ltr'><strong>comes</strong></span> <span class='ocrx_word' id='word_1_289' title='bbox 1413 4695 1459 4770; x_wconf 91' lang='lat' dir='ltr'><strong>de</strong></span> <span class='ocrx_word' id='word_1_290' title='bbox 1477 4697 1682 4794; x_wconf 75' lang='lat' dir='ltr'><strong>Pbeyngen,</strong></span> <span class='ocrx_word' id='word_1_291' title='bbox 1703 4697 1870 4770; x_wconf 85' lang='lat' dir='ltr'><strong>Heuricue</strong></span> <span class='ocrx_word' id='word_1_292' title='bbox 1891 4693 1934 4768; x_wconf 89' lang='lat' dir='ltr'><strong>de</strong></span> 
     </span>
    </p>
   </div>
   <div class='ocr_carea' id='block_1_6' title="bbox 0 0 2161 5908">
    <p class='ocr_par' dir='ltr' id='par_1_7' title="bbox 0 0 2161 5908">
     <span class='ocr_line' id='line_1_34' title="bbox 0 0 2161 5908; baseline 0 0"><span class='ocrx_word' id='word_1_293' title='bbox 0 0 2161 5908; x_wconf 95' lang='lat' dir='ltr'><strong> </strong></span> 
     </span>
    </p>
   </div>
  </div>
 </body>
</html>
