4320 5918
554 561 614 622 Ι161
1051 559 1267 623 rntnentct
1290 559 1465 624 secutor
1777 564 1860 642 [1111.
1878 566 1966 630 lm

548 697 677 790 jestati.
691 694 863 770 Clamores
875 705 991 770 eutem
1003 697 1110 770 ludos
1122 707 1241 770 eontra
1254 696 1341 770 alios
1354 693 1518 770 officiales
1526 693 1667 770 decidat
1677 694 1730 792 (a)
1736 699 1963 790 jusdciarins.

550 820 674 894 Pralati
699 841 782 894 vero
797 821 853 896 vel
874 819 938 894 viri
956 819 1179 894 aeclesiastici
1200 819 1264 914 qni
1280 819 1357 894 loeo
1382 818 1592 915 prelatorum
1607 819 1870 916 intervenerint,
1895 824 1966 900 de-

552 944 768 1018 nunciabunt
779 944 816 1018 in
827 943 894 1018 hac
904 944 1001 1018 11111
1015 943 1119 1039 siqui
1132 953 1214 1016 sunt
1227 943 1263 1016 in
1277 963 1398 1018 eornm
1415 942 1604 1039 provinciis
1620 944 1775 1038 patareni
1786 947 1845 1020 vel
1855 946 1966 1042 aliqui

552 1066 705 1142 heretica
724 1067 892 1163 pravitate
908 1069 1078 1165 suspecd,
1097 1077 1136 1140 ut
1149 1088 1209 1140 eos
1224 1065 1342 1142 debita
1353 1067 1586 1142 seredtmvel
1598 1067 1720 1163 puniat
1733 1069 1789 1144 vel
1804 1071 1962 1164 mstiget.

550 1189 702 1264 Preseuti
717 1191 823 1286 igitur
838 1201 954 1268 nosue
968 1191 1220 1266 constitutionis
1234 1191 1349 1266 edicto
1365 1191 1539 1266 universis
1554 1199 1626 1266 tam
1642 1191 1848 1268 officialibus
1858 1217 1965 1290 quam

553 1316 674 1390 ceteris
693 1317 738 1394 de
754 1339 862 1413 regno
879 1325 996 1392 nostro
1009 1316 1136 1391 damus
1158 1316 1299 1392 tirmiter
1317 1317 1354 1390 in
1376 1313 1569 1408 mandetis,
1595 1315 1662 1388 sub
1686 1316 1832 1390 obtentu
1853 1321 1965 1414 gratie

551 1450 665 1514 nosue
680 1438 823 1516 1111111111
835 1441 981 1537 singulis
996 1441 1217 1536 injungentes
1231 1449 1403 1536 quatenus
1420 1439 1575 1535 magistri
1584 1439 1780 1532 justitiarii,
1808 1442 1964 1536 magistri

551 1585 705 1658 1111111,
723 1565 833 1659 bajuli
851 1575 886 1640 et
900 1565 960 1640 alii
976 1565 1139 1640 officiales
1156 1565 1286 1658 nostri,
1314 1565 1456 1660 prelati,
1473 1564 1616 1640 comites
1632 1574 1669 1639 et
1684 1564 1849 1657 hamnes,
1868 1566 1963 1641 dves

548 1691 742 1764 stallorum
760 1691 915 1766 locorum
936 1689 1130 1766 habitantes
1146 1691 1293 1786 quilibet
1313 1689 1351 1762 in
1371 1688 1549 1786 provincia
1568 1709 1634 1764 sua
1652 1697 1810 1785 tempore
1831 1697 1867 1764 et
1887 1690 1963 1763 loeo

550 1813 685 1910 prolixo
697 1817 800 1908 juxta
817 1824 971 1890 tanmem
986 1815 1155 1910 scripture
1175 1813 1428 1890 constitutionis
1445 1821 1562 1888 nostre
1585 1813 1795 1888 conveniant
1819 1813 1855 1886 lu
1877 1837 1963 1910 pre-

548 1939 660 2012 sentia
677 1940 781 2034 legati
803 1941 928 2029 nostri,
953 1941 1015 2034 qui
1038 1939 1234 2038 specialiter
1255 1957 1302 2014 ex
1325 1950 1445 2014 nostm
1462 1937 1684 2012 trammissua
1705 1938 1812 2012 latera
1832 1939 1911 2014 loco
1927 1948 1962 2014 et

548 2062 627 2136 vice
639 2064 746 2136 nostri
760 2063 797 2136 in
811 2063 935 2138 eadem
951 2063 1048 2138 curia
1064 2063 1248 2156 residebit,
1266 2083 1371 2164 snper
1388 2061 1561 2136 univasis
1577 2070 1613 2136 et
1626 2061 1773 2156 singulis
1785 2083 1859 2158 que
1874 2083 1961 2136 oon-

548 2187 680 2260 stitutio
693 2197 809 2262 nostm
825 2189 977 2263 continet
994 2209 1230 2286 processurus,
1252 2197 1366 2262 utnec
1382 2187 1419 2260 in
1434 2185 1639 2262 officialibus
1652 2187 1881 2282 negligentia,
1897 2208 1962 2262 nec

547 2311 583 2382 iu
600 2312 775 2406 aliquibus
793 2313 899 2409 possit
915 2313 1149 2389 inobedientia
1167 2312 1387 2410 reprehendi,
1404 2311 1558 2386 maxime
1573 2333 1653 2386 cum
1672 2311 1709 2384 in
1726 2311 1876 2406 singulis
1889 2311 1961 2386 hu-

544 2436 700 2528 jusmodi
715 2438 1018 2512 animadversione
1034 2440 1150 2534 puniri
1169 2437 1287 2512 debita
1302 2436 1491 2510 sancimus.

596 2560 734 2653 [Datum
751 2563 847 2658 apud
862 2564 1073 2654 Messanam,
1095 2583 1215 2638 mense
1224 2562 1397 2656 jnnuarii,
1417 2561 1564 2656 septima
1581 2556 1804 2657 indictione]

486 3127 493 3150 ·
598 3097 725 3182 Mense
751 3096 918 3209 ianuarii
946 3095 1048 3206 apud
1078 3096 1292 3180 Messanam
1318 3095 1399 3204 ipse
1420 3093 1628 3204 imperator
1648 3117 1785 3202 regens
1811 3091 1956 3174 curiam

545 3232 761 3342 generalem
793 3229 924 3314 statuit
950 3231 990 3312 in
1019 3239 1163 3340 septem
1184 3227 1294 3342 regni
1312 3227 1485 3339 partibus
1503 3253 1572 3338 per
1594 3251 1740 3310 annum
1762 3225 1957 3336 generales

545 3364 738 3448 nundinas
755 3363 1017 3471 celebrandas,
1033 3363 1223 3446 mandans
1241 3373 1284 3446 ut
1302 3362 1343 3444 in
1362 3361 1525 3474 singulis
1537 3359 1740 3470 prouinciis
1758 3359 1799 3441 in
1817 3358 1958 3470 quibus

543 3507 656 3582 erunt
681 3499 876 3582 nundinae
894 3497 1138 3606 constitutae,
1158 3495 1344 3608 quamdiu
1367 3493 1561 3580 nundinae
1582 3494 1687 3605 ipsae
1715 3491 1954 3598 duraverint,

544 3631 675 3715 nullus
692 3641 880 3717 1111111111
896 3631 956 3718 vel
983 3631 1241 3715 ministerialis
1268 3629 1360 3714 alibi
1377 3655 1468 3713 cum
1485 3627 1676 3714 mercibus
1693 3635 1732 3711 et
1748 3626 1865 3710 rebus
1886 3654 1956 3712 re-

544 3765 699 3848 nalibus
725 3791 843 3876 111111
875 3765 915 3848 in
941 3765 1026 3850 loco
1052 3764 1313 3848 nundinarum
1349 3762 1511 3847 inueniri
1538 3770 1771 3872 praesumat.
1805 3759 1955 3845 Primae

544 3899 740 3983 mundinae
757 3909 869 3984 enmt
886 3901 990 4010 apud
1003 3899 1227 3983 Sulmonem
1245 3909 1284 3984 et
1299 3897 1496 3983 durabunt
1512 3925 1537 3982 a
1554 3896 1651 3982 festo
1667 3896 1788 3980 sancti
1802 3895 1952 4007 Georgii

543 4058 666 4141 usque
683 4035 732 4116 ad
751 4035 891 4117 festum
916 4033 1144 4118 inventionis
1167 4031 1396 4144 Archangeli
1414 4031 1491 4142 (l).
1517 4031 1713 4115 Secundae
1734 4039 1849 4114 enrnt
1871 4029 1951 4114 Ca-

542 4191 642 4272 puae
655 4177 693 4249 et
709 4167 904 4251 durabunt
925 4193 949 4250 a
970 4167 1070 4250 Xllll
1095 4167 1213 4250 madii
1244 4191 1367 4276 usque
1397 4167 1447 4248 ad
1473 4175 1650 4248 octauum
1670 4163 1784 4274 junii.
1807 4164 1951 4247 Tertiae

584 4350 628 4432 (a)
649 4354 706 4430 dp.
722 4355 802 4415 liter,
823 4355 860 4416 de
873 4353 903 4415 S.
919 4355 1018 4418 Germ.
1036 4353 1151 4415 dlrerse
1166 4372 1175 4414 r
1195 4349 1340 4416 6111111111
1351 4359 1449 4414 mrtem
1464 4359 1566 4414 contra
1581 4370 1627 4414 cor
1637 4351 1736 4434 sartor
1749 4351 1802 4433 qui
1821 4347 1949 4432 (Μία

545 4475 604 4518 nort
613 4465 691 4531 arnt,
705 4457 999 4541 decidentjrcrtiticrii
1010 4461 1171 4542 reqionum.

578 4703 616 4774 (1)
634 4701 769 4760 sciliceta
782 4703 816 4760 13
830 4701 922 4776 aprilis
933 4717 1019 4776 usque
1030 4703 1064 4762 ad
1077 4711 1092 4760 t
1107 4701 1181 4761 maii.
