4320 5918
262 611 424 698 ωειλ]
711 611 910 677 HISTORIA
936 613 1232 677 olebousulca
1616 608 1677 673 519

265 752 357 826 nitus
369 759 405 828 et
426 749 623 842 exclusam,
643 758 679 824 et
694 749 792 846 quod
806 749 913 826 libere
930 749 1139 827 advocatum
1156 760 1191 825 et
1204 749 1418 825 defensorem
1430 747 1676 846 possiteligere

263 897 368 972 quem
386 875 505 950 sibiet
521 873 668 950 ecclesie
689 895 753 950 sue
776 874 902 950 viderit
925 875 1111 972 expedire,
1139 875 1254 950 dictus
1273 895 1413 971 quoque
1433 873 1542 947 abbas
1557 895 1620 948 nos
1640 882 1676 948 et

265 1000 460 1097 imperium,
478 1000 569 1073 sicut
581 1020 646 1072 sna
665 999 840 1093 intererat,
860 1021 924 1096 pro
936 1022 976 1076 se
991 1009 1027 1076 et
1044 1001 1189 1076 ecclesie
1204 1022 1268 1075 sue
1283 999 1455 1074 universis
1472 997 1672 1093 intendatis,

264 1123 543 1198 ministerialibus
559 1145 601 1198 ac
619 1133 691 1198 tota
703 1124 834 1198 familia
858 1147 923 1200 soa
936 1125 1079 1222 elegerit
1093 1125 1319 1217 advocatum,
1340 1145 1474 1220 nosque
1491 1124 1537 1198 ad
1549 1125 1675 1218 majes-

264 1257 368 1324 tatem
385 1258 538 1322 nostram
560 1258 776 1324 recurrentes
798 1251 968 1348 recipere,
999 1249 1117 1326 lovere
1138 1261 1173 1326 et
1188 1248 1376 1326 defendere
1393 1258 1589 1342 teneamur,
1606 1247 1676 1323 de-

264 1373 396 1448 votioni
413 1383 526 1448 vestre
548 1371 691 1449 firmiter
708 1375 930 1472 precipiendo
946 1376 1152 1452 mandamus
1170 1387 1342 1474 quatenus
1361 1398 1382 1450 a
1404 1375 1536 1450 lesione
1560 1385 1595 1450 et
1616 1375 1676 1448 in-

264 1498 474 1594 quietatione
496 1508 532 1573 et
556 1499 602 1573 ab
627 1499 828 1574 omnimoda
849 1501 1034 1576 ventione
1053 1501 1136 1577 dicti
1154 1502 1305 1596 abbatis,
1326 1499 1470 1575 ecclesie
1485 1521 1528 1574 ac
1548 1501 1676 1575 familie

263 1645 328 1698 sue
340 1634 529 1719 cessantes,
547 1625 692 1700 ulterius
705 1625 806 1700 vobis
817 1625 875 1720 jus
889 1647 958 1701 non
973 1628 1178 1726 presumatis
1192 1628 1586 1723 aliquatennstenquam
1597 1647 1676 1721 pm·

263 1749 378 1844 prium
398 1749 581 1824 advocatie
608 1759 723 1824 nostre
748 1760 784 1825 et
812 1751 947 1849 imperii
974 1774 1154 1850 usurpare.
1182 1753 1335 1827 Scientes
1354 1750 1450 1846 quod
1472 1772 1535 1824 nos
1558 1751 1674 1847 ipsum

262 1873 475 1949 abbatemet
491 1874 672 1950 eeclesiam
686 1863 767 1949 eum
785 1877 947 1951 omnibus
966 1877 1178 1973 pertinentiis
1194 1877 1268 1951 suis
1283 1876 1349 1950 sub
1364 1883 1526 1949 nostrast
1540 1874 1674 1971 imperii

263 1999 406 2094 speciali
421 1999 616 2096 recepimus
638 2001 867 2097 protectione;
893 2000 989 2077 unde
1006 2024 1075 2076 non
1090 2023 1270 2100 possemus
1285 1999 1514 2099 equanimiter
1531 1999 1675 2073 tolerare

265 2133 304 2196 ut
318 2121 445 2219 aliquis
458 2124 491 2198 ei
507 2123 650 2199 inferret
666 2125 737 2201 ulla
750 2125 952 2221 gravamina
967 2127 1023 2202 vel
1037 2127 1195 2222 iujurias.

312 2249 435 2323 Datum
451 2249 575 2346 Segia,
595 2251 718 2328 ultimo
729 2249 937 2341 decembris,
956 2253 1032 2328 lllll
1050 2251 1253 2328 indictione.

772 2600 1171 2616 Ἣ

661 2883 775 2950 ΑΝΝΟ
796 2883 898 2950 1235.
914 2916 956 2936 -·
975 2884 1215 2949 luorcurortu
1239 2883 1271 2952 8.

847 3123 1089 3152 unu-*—

315 3339 443 3427 Mense
456 3339 624 3451 januarii
645 3339 853 3452 imperator
874 3340 1091 3451 generalem
1108 3340 1305 3425 collectam
1322 3341 1392 3424 toti
1409 3365 1529 3452 regno
1545 3341 1676 3451 impe-

261 3472 337 3580 nit‚
361 3483 400 3557 et
432 3482 525 3558 tuuc
559 3473 739 3559 collectae
764 3473 921 3559 fuerunt
946 3476 994 3559 de
1029 3485 1132 3560 terra
1166 3473 1385 3558 monasterii
1404 3474 1673 3584 [cassinensis]

262 3605 395 3691 unciee
413 3605 536 3692 CCCC
550 3633 621 3719 pro
639 3607 866 3694 adoamento
892 3634 961 3719 per
988 3608 1223 3720 Stephanum
1240 3609 1290 3692 de
1307 3608 1483 3720 Anglone
1496 3609 1673 3721 justitie-

261 3738 362 3824 m'um
389 3739 528 3825 Terrae
554 3739 734 3850 Laboris,
763 3750 803 3826 et
837 3765 908 3853 pro
934 3751 1069 3828 mutuo
1095 3742 1230 3826 unciae
1257 3741 1332 3826 CC.
1353 3741 1524 3826 —Ilrcc
1554 3769 1600 3824 ou
1627 3743 1668 3826 S.

262 3873 453 3987 Cumano,
473 3874 645 3960 Ctroaic.
667 3875 718 3959 ad
735 3899 828 3960 nnn.

312 4457 545 4572 Fridericus,
563 4462 827 4552 Romanorum
856 4461 1078 4578 imperator,
1097 4465 1257 4550 mandat
1286 4467 1495 4579 stratigotis
1526 4467 1674 4552 Salerni

260 4601 304 4675 ut
328 4593 526 4682 beouerdo
553 4599 712 4686 Curensi
738 4599 868 4686 abbati
894 4602 1062 4688 decimas
1089 4601 1238 4687 solvant
1259 4628 1357 4712 quas
1378 4603 1427 4686 de
1443 4601 1675 4713 bajulatione

261 4725 408 4812 Salerni
425 4729 568 4818 babere
589 4734 807 4845 consuerit3
827 4761 926 4848 quas
951 4737 1109 4848 quidem
1130 4735 1276 4820 litteras
1297 4736 1337 4819 in
1355 4737 1486 4820 charta
1507 4736 1675 4848 bomby-

1723 3365 1857 3424 [remon

1746 4493 1834 4550 neon,

1717 4549 1862 4606 seruum.
