4288 5912
1066 585 1282 650 satouatct
1306 587 1481 650 sacuam
1788 589 1869 670 [dn.
1886 591 1964 654 1232

404 1265 503 1374 ἔρῃ·
624 1225 827 1336 Gregorius
849 1249 948 1333 papa
973 1222 1207 1308 Fridericum
1233 1225 1493 1308 Romanorum
1510 1223 1777 1333 imperatorem
1802 1223 1968 1307 hortatur

570 1368 614 1443 ut
633 1359 674 1441 in
693 1383 916 1442 succursum
932 1355 1122 1441 Ecclesiae
1139 1365 1272 1442 contm
1293 1356 1453 1442 rebelles
1471 1367 1645 1468 exurgat.

647 1585 752 1666 (Edld.
761 1586 871 1665 partlm
882 1585 1087 1660 mutunus,
1100 1581 1210 1646 enm
1220 1581 1384 1661 maort..
1399 1585 1440 1648 ad
1451 1602 1524 1650 aun.
1541 1594 1632 1668 tm,
1645 1584 1663 1668 5
1676 1583 1843 1666 XXXVII.)

619 1773 814 1870 Gregorius,
831 1779 898 1846 etc.
916 1769 1104 1866 Friderico,
1119 1777 1186 1846 etc.
1203 1773 1386 1846 Hortamur
1398 1781 1525 1847 attente
1538 1781 1709 1870 quatenus
1724 1773 1760 1844 in
1773 1793 1968 1846 succursum

570 1901 687 1974 matris
711 1897 865 1972 Ecclesia
883 1895 981 1970 velut
1006 1894 1257 1970 benedictionis
1275 1895 1385 1991 filius,
1405 1905 1441 1971 te
1467 1918 1616 1992 superne
1636 1897 1724 1970 lucis
1742 1897 1873 1971 lumine
1893 1917 1969 1993 pre-

571 2024 728 2117 cedente,
748 2020 795 2096 ad
813 2019 985 2116 lugendas
1003 2029 1158 2094 catervas
1174 2019 1360 2094 demonum
1380 2031 1416 2094 et
1438 2019 1629 2116 frangenda
1649 2043 1777 2095 cornua
1794 2021 1969 2118 impiorum

570 2158 642 2222 mm
660 2167 804 2243 propere
829 2167 935 2240 quam
958 2153 1114 2240 potenter
1138 2165 1307 2240 assurgas,
1327 2155 1368 2219 ut
1387 2145 1532 2219 rebelles
1548 2143 1602 2242 (l)
1619 2145 1810 2240 intelligant
1836 2156 1871 2220 et
1893 2168 1969 2242 cog·

571 2279 715 2346 noscant
729 2269 811 2365 quia
832 2269 895 2341 tibi
911 2289 1038 2343 nomen
1052 2266 1104 2366 (c)
1124 2269 1274 2343 invictus
1299 2278 1334 2342 et
1354 2271 1514 2344 excelsus
1531 2291 1594 2365 pra
1615 2279 1703 2344 teuc
1722 2269 1881 2364 regibus,
1899 2271 1970 2344 ela·

571 2406 684 2470 torum
710 2393 748 2465 in
773 2392 1001 2489 perditionem
1019 2391 1196 2490 deponens
1218 2392 1389 2467 insaniam
1411 2403 1448 2468 et
1466 2393 1602 2489 erigens
1623 2393 1806 2466 humilium
1831 2394 1970 2490 gratiam
2037 2409 2041 2418 ·

571 2520 609 2592 in
630 2519 776 2592 salutem
793 2526 829 2590 et
845 2517 950 2591 etiam
969 2517 1110 2611 dejectis
1131 2517 1417 2614 persequentibus
1440 2538 1603 2614 sponsam
1620 2517 1759 2612 Christi,
1777 2519 1894 2615 sponsi
1912 2519 1968 2594 de-

569 2643 660 2717 litias
676 2641 857 2732 mercaris,
878 2649 945 2714 etc.

618 2769 744 2840 Datum
759 2766 878 2860 Reate,
899 2765 948 2839 IX
960 2764 1126 2840 kalendas
1140 2766 1297 2861 augusti,
1316 2766 1420 2861 [auno
1435 2763 1654 2864 pontificatus
1670 2765 1745 2861 Vt]

416 3477 499 3532 m,
628 3420 831 3533 Gregorius
847 3445 946 3530 papa
963 3419 1199 3530 patriarchae
1216 3418 1452 3504 Antiocheno
1472 3420 1631 3504 mandat
1647 3429 1691 3504 ut
1707 3417 1838 3506 habito
1855 3421 1971 3506 consi

412 3531 506 3587 Μ·
574 3549 626 3635 uo
643 3553 916 3664 magistrorum
934 3552 1081 3662 Templi
1107 3561 1146 3636 a
1166 3551 1390 3662 Hospitalis,
1409 3551 1556 3636 nostres
1573 3553 1683 3664 regna
1699 3552 1969 3666 Hieromyc-

574 3686 670 3792 taui,
689 3687 788 3770 ciues
807 3687 1042 3770 Amouenses
1059 3696 1097 3769 et
1118 3684 1214 3768 alios
1232 3685 1283 3768 ad
1300 3684 1537 3770 devotionem
1553 3685 1743 3771 Friderico
1760 3687 1969 3798 imperatori

574 3828 611 3902 et
627 3819 707 3902 filio
724 3817 807 3929 ejus
824 3817 1078 3902 exhibendam
1100 3817 1269 3900 inducat.

653 4033 757 4111 (Edld.
782 4034 956 4107 nemim„
980 4027 1092 4094 ΑΜ.
1115 4027 1223 4108 eccho,
1247 4029 1286 4092 ad
1308 4047 1379 4093 ann.
1406 4039 1502 4108 1²³²,
1526 4027 1544 4113 5
1568 4031 1660 4108 XLV,
1678 4049 1696 4096 c
1716 4039 1824 4114 regest
1840 4031 1967 4114 drogon,

692 4136 941 4218 rounam.)

616 4309 657 4391 (a)
677 4310 746 4373 Vox
757 4316 908 4389 corrupta,
922 4311 980 4374 ntsl
992 4309 1138 4390 medam
1149 4309 1200 4373 hle
1211 4312 1415 4390 praetermissa
1429 4311 1499 4374 rint.

609 4605 646 4681 (t)
664 4606 703 4663 ue
716 4604 858 4664 rebellione
871 4606 1048 4664 ltcmenomm
1062 4605 1108 4680 qui
1121 4620 1220 4679 papum
1233 4605 1312 4679 quasi
1322 4603 1431 4664 mulam
1443 4605 1577 4681 cogebcm
1587 4611 1617 4665 et
1629 4605 1806 4666 inausum
1818 4604 1967 4680 Campaniae

571 4703 750 4776 minabantur,
765 4702 819 4762 uid.
835 4701 908 4762 llice.
923 4703 958 4762 de
970 4703 999 4763 S.
1014 4703 1159 4775 Gemens,
1174 4701 1208 4760 ad
1222 4717 1337 4776 mum,
1345 4703 1463 4779 purtim
