4360 5908
567 587 627 649 360
1065 585 1282 646 Fnlnnnlcl
1308 585 1488 648 sucultut
1788 591 1869 670 [Anu.
1888 589 1974 652 1232

565 721 692 794 Nnuuis
706 719 933 794 existentibus
951 719 986 790 iu
1004 719 1184 816 sollempni
1203 723 1298 794 curie
1316 732 1537 819 congregato,
1559 725 1601 796 ll.
1623 726 1833 800 venerabilis
1848 727 1977 800 Herbi-

565 845 718 940 polensis
745 845 946 941 episcopus,
982 843 1129 916 dilectus
1154 846 1313 942 princeps
1341 856 1475 941 nostor,
1510 849 1754 944 conquerendo
1775 850 1974 946 proposuit,

566 968 661 1063 quod
680 990 722 1042 eo
743 969 779 1040 in
803 969 927 1042 nostris
944 977 977 1041 et
994 969 1129 1064 imperii
1146 969 1295 1043 servitiis
1316 971 1505 1064 existente,
1533 972 1694 1046 libemus
1713 973 1759 1046 ‹le
1774 974 1879 1047 Entse
1895 995 1978 1047 ces-

566 1103 658 1166 trum
672 1093 717 1168 de
729 1095 850 1186 linteo,
868 1093 914 1166 ud
932 1093 1114 1166 ecclesium
1131 1115 1229 1166 sunm
1242 1098 1418 1190 spectans,
1438 1095 1606 1170 violenter
1618 1107 1654 1171 et
1669 1107 1787 1171 contre
1801 1099 1977 1191 justicium

567 1220 762 1314 occupavit.
780 1219 881 1304 Quod
894 1219 975 1313 quin
991 1218 1104 1291 dictus
1121 1219 1328 1292 venerabilis
1341 1221 1525 1316 episcopus
1538 1223 1629 1294 siout
1644 1222 1768 1296 debuit
1782 1223 1883 1320 plene
1899 1243 1979 1320 pm·

565 1345 678 1436 bavit,
707 1344 902 1440 principum
928 1355 963 1416 et
985 1343 1131 1416 aliorum
1158 1353 1357 1440 magnetum
1384 1345 1519 1440 imperii
1541 1345 1604 1442 qui
1631 1355 1806 1442 presentes
1834 1345 1980 1420 ederunt

566 1468 779 1564 approbante
799 1469 991 1560 sentencie,
1019 1467 1172 1541 eundem
1196 1469 1377 1542 Albortum
1399 1469 1565 1542 duximus
1595 1470 1891 1566 pmscribsndum.
1909 1468 1980 1542 -Ad

566 1591 671 1683 hujus
682 1591 1064 1688 itaqneprosoriptiouis
1076 1593 1289 1685 memoriam,
1306 1615 1449 1690 presens
1460 1595 1626 1690 scriptum
1638 1593 1711 1668 lieri
1722 1593 1889 1685 jussimus
1904 1615 1981 1666 rna-

565 1715 698 1807 jestatis
715 1726 830 1790 nostre
848 1717 961 1810 sigillo
980 1719 1163 1790 munitum.
1665 1775 1668 1780 λ
1762 1771 1765 1776 λ

616 1841 726 1931 Hujus
744 1849 859 1914 eutem
872 1842 923 1914 rei
942 1851 1044 1916 testes
1055 1851 1137 1914 sunt
1155 1869 1163 1912 ε
1185 1843 1224 1913 Β.
1241 1841 1434 1938 patriarcha
1448 1840 1704 1937 Aquilcgensis,
1724 1841 1766 1914 ll.
1781 1841 1980 1938 Pepimbcr·

570 1965 702 2058 gensis,
724 1965 759 2038 S.
778 1965 1036 2060 llutisponeusis
1054 1966 1241 2061 imperialis
1260 1967 1340 2040 aule
1362 1967 1587 2040 cancellarius
1599 1975 1635 2040 et
1651 1967 1693 2038 ll.
1712 1964 1982 2039 Wormucieusis

571 2088 740 2183 episcopi,
761 2089 802 2162 B.
830 2089 1009 2162 Kerinthie
1035 2087 1128 2181 dux,
1155 2089 1335 2164 Geberdns
1359 2091 1404 2164 de
1428 2093 1643 2188 Humesteyn
1668 2091 1760 2164 sacri
1783 2091 1921 2187 imperii
1946 2092 1980 2162 in

572 2212 685 2286 Ytnlin
703 2214 853 2308 legatus,
879 2213 1066 2288 Riccnrdus
1087 2215 1312 2306 camerarius,
1336 2215 1583 2308 Tollenrerius,
1611 2213 1824 2289 Merweldus
1851 2215 1982 2288 trison-

572 2337 754 2429 mernrius,
774 2338 954 2411 Heinricns
974 2337 1018 2412 de
1036 2339 1153 2429 Portu,
1174 2348 1208 2412 et
1225 2339 1285 2412 elii
1302 2339 1537 2434 quamplures.

618 2463 705 2536 Aeta
720 2473 801 2536 sunt
823 2463 887 2536 hec
903 2484 995 2536 nuno
1011 2461 1183 2536 dominice
1200 2463 1441 2536 iucnmationis
1457 2461 1639 2536 millesimo
1661 2461 1896 2565 ducentesimo
1915 2462 1983 2534 tri-

571 2587 870 2680 cesimosecundo,
892 2609 1011 2660 meuse
1025 2588 1119 2678 maii,
1137 2587 1258 2682 quinte
1275 2585 1484 2674 indictionis,
1503 2588 1693 2683 imperante
1709 2587 1851 2661 domiuo
1864 2597 1982 2662 noetm

568 2714 742 2788 Friderico
759 2715 912 2788 secundo
927 2715 989 2786 Dei
1005 2713 1115 2808 gretia
1136 2713 1360 2786 invictissimo
1377 2713 1608 2786 llomuuorum
1623 2712 1829 2808 imperatore
1843 2733 1983 2808 semper

571 2850 736 2934 augusto,
755 2839 942 2913 Jerusalem
957 2849 992 2912 et
1006 2837 1121 2912 Sicilie
1138 2858 1237 2930 rege,
1255 2857 1347 2910 enno
1359 2836 1503 2910 Romani
1516 2836 1652 2932 imperii
1667 2839 1744 2931 ejus
1756 2835 1979 2929 duodecimo,

570 2967 668 3058 regni
686 2965 873 3037 Jerusalem
889 2964 1034 3059 septimo
1044 2973 1079 3035 et
1096 2961 1194 3058 regui
1206 2961 1320 3034 Sicilie
1335 2961 1506 3033 tricesimo
1520 2970 1660 3056 quarto,
1681 2961 1836 3034 feliciter.
1854 2961 1979 3035 Amen.

622 3091 746 3162 Datum
764 3087 859 3186 npud
879 3089 1016 3162 Portum
1033 3087 1178 3178 Neonis,
1199 3107 1308 3178 nnnc,
1334 3107 1452 3160 meuse
1467 3095 1501 3158 et
1517 3084 1705 3159 indictione
1719 3085 1931 3182 prescriptis.

800 3397 999 3412 —u-

368 3691 546 3802 ,llfflffi
627 3681 859 3786 Fridericus,
880 3681 1139 3766 Romanorum
1171 3679 1392 3789 imperator,
1416 3676 1466 3758 nd
1492 3673 1802 3784 conquestionem
1833 3669 1984 3754 Hemici

575 3816 865 3904 Wormsticnsis
884 3814 1066 3926 episcopi,
1085 3814 1196 3898 illum
1214 3813 1252 3895 in
1268 3809 1505 3922 possessione
1517 3807 1629 3892 uillne
1646 3805 1851 3892 Nekemwe
1863 3802 1983 3886 resti-

576 3955 672 4062 tnit,
692 3953 740 4036 de
758 3979 834 4064 qun
853 3949 977 4033 lueret
993 3976 1060 4060 per
1083 3949 1217 4031 ducem
1236 3944 1417 4030 Berenice
1439 3941 1650 4054 palatinum
1670 3939 1847 4024 comitem
1863 3934 1984 4022 Rheni

574 4087 714 4200 injuste
731 4087 946 4170 destitutus.

658 4303 759 4382 (Edld.
782 4301 964 4375 Scunnnrr,
982 4299 1093 4360 Hietor.
1117 4293 1213 4360 eccm.
1230 4297 1380 4370 illorum,
1402 4298 1426 4355 t.
1442 4291 1490 4372 11,
1510 4291 1638 4369 probet,
1661 4305 1692 4368 p.
1717 4295 1787 4361 m,
1808 4303 1846 4347 ex
1864 4283 1984 4347 nmhlro

693 4413 821 4488 episcop.
832 4407 1081 4481 Wormetlensls.)

621 4597 883 4672 FridericusDei
896 4597 1004 4692 gratia
1018 4597 1250 4668 llomsnorum
1262 4593 1447 4687 imperator
1458 4593 1786 4684 sempcrengnstus‚
1798 4579 1982 4654 Jerusalem

574 4737 609 4800 et
636 4725 749 4798 Sicilie
775 4743 851 4796 rex.
882 4723 944 4794 Per
975 4741 1117 4816 presens
1143 4718 1309 4814 scriptum
1339 4723 1459 4788 notum
1488 4712 1632 4786 lecimus
1655 4707 1827 4782 universis
1850 4701 1984 4800 imperii
