4308 5910
760 601 886 662 secut
910 600 1098 662 SlGlblAE

666 929 866 1004 TITULUS
896 930 978 1002 Vll.
1006 933 1072 1002 ΝΘ
1097 927 1188 1024 (59).

464 1136 511 1206 De
527 1133 713 1207 homicidae
731 1135 879 1206 maii
898 1135 1043 1230 affidatio
1065 1159 1130 1208 noa
1153 1133 1300 1206 ermae
1319 1131 1334 1230 (
1355 1135 1382 1228 ).

762 1345 855 1409 ross
884 1359 1082 1410 aucusrus.

265 1537 351 1610 Cum
372 1539 545 1614 universis
569 1551 603 1615 et
630 1541 778 1634 singulis
799 1541 896 1637 regni
916 1543 1022 1615 nostri
1041 1542 1223 1616 credamus
1249 1542 1284 1613 in
1311 1551 1444 1614 tantum
1468 1543 1625 1618 sufficere

216 1663 465 1760 praeminentia
490 1673 606 1738 nostre
630 1665 803 1758 savorem,
822 1675 862 1738 ut
879 1665 1047 1756 adversus
1064 1667 1296 1762 quorumlibet
1317 1666 1465 1762 impetus
1490 1668 1626 1741 valeant

215 1789 340 1884 clypeo
361 1797 476 1861 nostre
499 1788 709 1863 detensionis
728 1788 885 1882 delendi,
911 1813 1018 1884 grave
1042 1812 1111 1863 non
1136 1791 1305 1863 immerito
1327 1791 1468 1862 terimus
1489 1803 1523 1864 et
1544 1815 1625 1866 mo-

215 1911 301 1986 leste
318 1913 415 2008 quod
431 1913 539 2008 aliqui
554 1913 602 1988 ad
616 1914 762 1988 aliorum
778 1914 964 2010 patrocinia
978 1924 1235 2002 transeuntem
1252 1916 1353 1988 nobis
1367 1929 1402 1988 et
1419 1915 1624 1991 officialibus

213 2038 342 2110 nostris
364 2039 400 2108 in
423 2059 542 2111 eorum
568 2039 745 2134 presertim
764 2037 908 2132 judiciis
927 2039 1060 2134 protegi
1083 2060 1121 2111 se
1143 2059 1244 2135 posse
1266 2038 1440 2112 diffidunt.
1466 2041 1623 2116 Nolentes

213 2163 322 2256 igitur
345 2163 410 2235 bec
435 2163 502 2236 sub
531 2162 806 2237 dissimulatione
826 2164 969 2236 transire
991 2173 1026 2236 et
1049 2184 1119 2258 que
1144 2164 1181 2235 in
1209 2173 1358 2237 nostram
1386 2174 1623 2260 perpetrantur

212 2287 377 2380 injuriam
402 2289 630 2382 equanimiter
656 2289 799 2361 tolerare
821 2287 888 2383 (t),
914 2289 1081 2384 presentis
1106 2289 1194 2384 legis
1224 2289 1338 2362 edicto
1363 2287 1503 2362 firmiter
1532 2292 1620 2363 inbi-

210 2411 337 2484 bemus
349 2423 390 2484 ut
405 2413 440 2486 in
457 2413 557 2486 terris
575 2413 727 2486 demanii
745 2413 850 2485 nostri
867 2413 949 2485 nulli
968 2413 1109 2486 omnino
1123 2414 1224 2486 liceat
1240 2413 1397 2487 affidatos
1414 2415 1471 2486 uel
1491 2435 1620 2488 recom-

211 2537 396 2610 mendatos
413 2537 553 2624 babere,
571 2538 627 2609 val
647 2535 784 2610 dudum
799 2557 868 2610 non
885 2539 960 2611 sine
977 2537 1105 2610 offensa
1123 2547 1238 2610 nostre
1255 2536 1468 2610 celsitudinis
1486 2537 1619 2612 habitos

210 2661 376 2750 retinere;
397 2663 464 2736 nisi
488 2659 533 2736 de
551 2662 715 2736 babitisa
730 2683 939 2758 quocunque
957 2675 1112 2758 tempora
1131 2673 1299 2736 retroacto
1318 2663 1374 2734 vel
1392 2662 1427 2734 in
1447 2673 1619 2758 posterum

210 2785 395 2876 habendis,
415 2809 436 2858 a
455 2786 554 2858 uobis
570 2787 625 2858 vel
647 2785 739 2859 divis
760 2786 899 2878 regibus
918 2787 974 2860 vel
998 2785 1154 2881 augustis
1174 2785 1474 2882 predecessoribus
1496 2789 1620 2861 nostris

209 2911 432 3007 privilegium
457 2911 514 2982 vel
536 2911 702 3006 scriptum
723 2908 841 2983 debita
863 2910 1075 2984 solemnitate
1094 2910 1266 2982 munitum
1282 2907 1326 3004 (c)
1346 2909 1515 2983 ostendat.
1538 2911 1617 2984 Pre-

207 3035 431 3130 scriptionem
453 3035 581 3108 etenim
603 3035 755 3130 aliquam
774 3035 826 3108 eis
841 3033 1006 3130 prodesse
1025 3056 1094 3108 non
1114 3037 1294 3122 volumus,
1316 3037 1376 3130 qui
1397 3035 1479 3109 fidei
1501 3035 1618 3112 debite

206 3169 422 3232 sacramento
441 3169 634 3256 contempto
646 3183 716 3255 quo
730 3180 800 3232 non
815 3181 981 3255 usurpem
998 3159 1147 3252 fiscalia,
1169 3160 1231 3233 scd
1250 3161 1430 3234 defensare
1444 3171 1615 3250 tenentur,

205 3285 366 3361 homines
383 3288 430 3362 ad
447 3297 602 3360 nostrum
621 3287 821 3362 demanium
835 3289 1043 3384 pertinentes
1058 3289 1115 3360 vel
1134 3289 1208 3382 qui,
1227 3287 1257 3360 si
1277 3289 1323 3360 ab
1341 3288 1391 3360 eis
1403 3290 1531 3384 recepti
1549 3312 1617 3364 non

205 3424 338 3500 essent,
365 3411 402 3482 in
421 3420 537 3485 nostru
555 3412 715 3484 demanio
733 3413 993 3502 remansissent,
1018 3411 1232 3507 quantolibet
1254 3423 1408 3508 tempore
1430 3414 1612 3486 tenuerint.

205 3533 373 3628 Quisquis
393 3545 507 3608 autem
530 3537 710 3610 temerario
731 3559 819 3610 ausu
845 3538 1000 3633 recipere
1021 3538 1156 3632 aliquos
1178 3537 1361 3611 meaverit
1384 3537 1420 3610 in
1444 3549 1616 3634 posterum

204 3660 426 3734 eatretinere
441 3673 595 3758 receptos
608 3673 687 3758 post
702 3685 855 3736 mensem
869 3683 890 3736 a
907 3663 965 3736 die
981 3665 1152 3738 insinuate
1167 3664 1355 3737 sanctionis
1367 3664 1479 3752 istius,
1494 3664 1615 3738 dacem

204 3785 312 3858 libras
334 3787 410 3860 auri
433 3787 608 3883 purissimi
638 3788 723 3862 tisco
750 3797 866 3862 nostro
895 3799 1087 3884 componat.
1120 3787 1222 3874 Quod
1250 3788 1279 3861 si
1306 3787 1427 3863 iterato
1448 3789 1536 3862 alios
1559 3791 1615 3863 vel

203 3909 346 3982 wedam
378 3910 536 3986 affidatos
560 3915 749 4010 susceperit
774 3916 831 3986 vel
858 3917 962 3987 etiam
988 3914 1263 4006 commendatos,
1294 3913 1385 3987 bona
1409 3935 1470 3986 sua
1487 3901 1616 3990 ‘omnia

203 4029 363 4130 [mobilia
386 4045 420 4107 et
442 4035 643 4138 immobilia]
662 4039 892 4136 publicentur.
914 4040 1040 4111 lterum
1063 4039 1093 4110 si
1123 4039 1346 4114 temeritatem
1369 4039 1527 4114 eamdem
1548 4043 1616 4114 rei·

201 4167 315 4232 terere
334 4162 529 4253 tentaverit,
548 4163 703 4238 volentes
718 4164 876 4238 acerbius
889 4163 1050 4258 prosequi
1067 4163 1349 4238 cousuetudinem
1372 4165 1612 4262 delinquendi,

245 4413 286 4494 (a)
308 4413 443 4478 Graece:
462 4416 547 4496 Quod
558 4421 668 4480 ιιιιιιίιιι·
681 4417 766 4482 dccet
777 4417 913 4502 qsfidctm
924 4418 1028 4484 tam
1039 4419 1197 4502 calfacere.

243 4519 281 4600 (d)
301 4523 337 4583 In
351 4538 455 4601 macco
473 4542 482 4584 r
496 4522 595 4607 aliquo
607 4525 690 4588 ιιωᾰο
702 4525 839 4588 colom.

241 4627 277 4708 (c)
300 4631 336 4690 ln
349 4631 417 4692 cod.
434 4639 531 4706 ⁴625,
547 4631 735 4717 privileqicrn
754 4636 894 4715 ιιιίρωιιι
908 4643 937 4698 et
950 4633 1078 4717 quolibet
1089 4633 1152 4696 alic
1168 4633 1346 4698 monestere
1358 4637 1517 4708 munituna·
1533 4637 1613 4714 quod

199 4737 323 4813 proplus
335 4753 441 4818 gruem
453 4741 578 4804 aceedit.
