4288 5912
535 553 597 619 tet
1036 552 1249 617 ruinnaldi
1274 552 1447 618 secono!
1755 553 1838 634 [Aa
1856 555 1937 618 123&

536 687 748 786 temporibus
766 687 918 764 felicium
938 709 1059 784 regum
1078 685 1125 762 ad
1149 688 1398 784 reparationem
1414 688 1526 762 Nocoe
1545 685 1701 784 predicte
1716 689 1775 762 vel
1798 689 1940 782 alicujus

536 813 678 888 alterius
692 813 794 888 castri
810 813 917 886 nostri
933 813 1081 910 predicti
1097 812 1266 906 homines,
1284 811 1375 887 sicut
1388 811 1531 902 asserit,
1551 821 1762 886 tenerentur.
1783 813 1939 888 Nolentes

536 937 642 1034 igitur
652 936 749 1032 quod
761 937 918 1012 homines
934 938 1057 1014 casalis
1070 936 1217 1034 predicti
1232 936 1279 1011 ad
1297 935 1452 1031 ejusdem
1467 937 1580 1010 Rooce
1594 935 1652 1010 rel
1666 935 1809 1010 alterins
1825 939 1939 1030 cujus·

536 1061 622 1136 libet
646 1062 748 1136 castri
771 1063 878 1138 nostri
895 1063 1143 1160 reparationem
1163 1061 1320 1136 indebite
1340 1060 1603 1158 compellantur,
1620 1081 1724 1158 snper
1739 1060 1809 1134 biis
1825 1082 1888 1158 per
1907 1071 1939 1136 te

536 1187 665 1284 inquiri
696 1187 857 1262 volumus
872 1187 998 1262 iterum
1015 1187 1213 1283 dilgennm
1238 1187 1436 1278 veritatem3
1472 1185 1628 1260 fidelitati
1654 1194 1716 1260 tna
1739 1185 1939 1260 mmdantes

534 1313 699 1410 quatinus
714 1311 868 1408 inquiras
884 1335 989 1410 snper
1004 1312 1182 1412 premissis
1199 1333 1262 1410 per
1275 1311 1398 1386 fideles
1414 1319 1450 1385 et
1465 1321 1600 1386 veteres
1618 1310 1775 1385 homines
1790 1311 1937 1406 regionis

534 1435 644 1534 ipsius
656 1437 875 1534 solempniter
887 1438 1085 1532 renuam,
1106 1447 1142 1510 et
1162 1434 1332 1533 quicquid
1350 1436 1433 1512 inde
1455 1435 1630 1510 inveneris
1655 1435 1722 1509 sub
1743 1435 1857 1530 sigillo
1879 1447 1936 1512 tuo

534 1561 680 1637 fideliter
702 1563 738 1636 in
764 1563 900 1659 scriptis
925 1563 1105 1638 redactum
1131 1563 1227 1638 curie
1257 1573 1373 1638 nosue
1402 1563 1630 1636 transmictcs.
1657 1563 1797 1637 Interim
1825 1571 1935 1636 umen

531 1685 688 1762 homines
711 1687 833 1761 casalis
857 1687 1003 1785 predicti
1024 1710 1130 1784 super
1150 1687 1400 1784 reparationem
1422 1687 1533 1761 Rocoe
1555 1685 1709 1784 predicte
1726 1687 1783 1760 vel
1798 1687 1933 1760 alterins

531 1811 633 1884 castri
654 1811 760 1884 nostri
776 1811 995 1908 aliquatenus
1017 1834 1086 1886 non
1108 1813 1305 1910 compellas.
1326 1813 1450 1886 Datum
1470 1813 1645 1907 Messene,
1665 1811 1929 1905 moremati,

532 1945 630 2010 sexte
648 1934 857 2011 indictionis.

578 2059 682 2133 Anno
696 2059 870 2135 dominice
882 2061 1128 2137 incarnationis
1140 2062 1323 2136 millesimo
1334 2062 1570 2138 ducentesimo
1584 2061 1756 2134 tricesimo
1770 2061 1886 2148 tertio,
1900 2069 1932 2133 et

417 2217 425 2230 ¹
528 2181 783 2258 tertiodecimo
803 2188 1049 2284 annoimperii
1073 2187 1205 2262 domini
1224 2188 1331 2262 nostri
1353 2187 1545 2280 Frederici,
1562 2186 1626 2259 Dei
1648 2186 1760 2282 gratia
1781 2185 1932 2258 invictis·

528 2307 607 2380 simi
622 2309 852 2382 Romanorum
866 2312 1081 2407 imperatoris
1092 2333 1228 2409 semper
1241 2313 1394 2408 augusti,
1407 2311 1595 2386 Jerusalem
1612 2319 1647 2384 et
1664 2311 1760 2406 regni
1775 2309 1887 2382 Sicilie
1899 2319 1931 2384 ct

527 2429 624 2506 ltalia
650 2433 883 2528 gloriosissimi
910 2435 1021 2530 regis,
1046 2435 1106 2510 die
1130 2438 1212 2511 lune
1234 2437 1401 2512 meesimo
1421 2437 1541 2532 quinto
1567 2435 1693 2510 mensis
1713 2434 1813 2528 julii,
1838 2443 1931 2508 sexte

527 2553 739 2650 indictionis,
756 2579 821 2652 ego
838 2559 1031 2634 liobbertus
1049 2561 1200 2636 Malerba
1213 2563 1370 2660 provisor
1388 2571 1576 2636 castmmm
1593 2561 1821 2656 imperialium
1834 2560 1931 2633 Prin-

525 2679 659 2776 cipatns
675 2689 710 2755 et
726 2683 829 2756 Terre
846 2685 1104 2778 beneventane,
1120 2686 1265 2760 veniens
1284 2683 1380 2783 apud
1393 2686 1577 2760 Nuceriam
1600 2707 1662 2784 pro
1685 2683 1850 2758 mandato
1870 2706 1930 2756 sn-

523 2806 705 2903 prascripti
722 2806 853 2882 domini
870 2810 977 2883 nostri
991 2811 1203 2908 imperatoris
1220 2807 1393 2886 Frederici
1408 2810 1590 2884 efficaciter
1602 2809 1682 2884 totis
1694 2809 1826 2883 viribus
1843 2829 1930 2884 exc-

522 2929 683 3024 quendo,
701 2934 804 3026 juxta
820 2943 974 3008 tenorem
1000 2936 1193 3010 litterarum
1219 2935 1303 3010 dicti
1330 2935 1462 3010 domini
1489 2935 1596 3009 nostri
1615 2935 1746 3009 Cesaris
1774 2933 1929 3032 superius

524 3056 818 3154 exemplatorum,
843 3060 908 3134 leci
923 3062 1042 3154 jurare
1072 3082 1177 3158 super
1206 3070 1324 3135 sancta
1347 3062 1409 3134 Dei
1428 3061 1616 3156 Evangelia
1643 3060 1718 3134 sine
1743 3059 1865 3134 fraude
1886 3059 1929 3134 dc

522 3177 735 3256 fidelioribus
752 3193 787 3258 et
803 3185 980 3260 veteribus
997 3187 1195 3261 bominibus
1210 3187 1319 3283 ipsius
1333 3195 1422 3260 torre
1436 3187 1583 3262 Nuceria
1601 3187 1636 3260 in
1652 3189 1824 3284 presentia
1840 3208 1926 3277 mea,

521 3303 692 3380 Guillelmi
721 3308 766 3384 de
787 3310 934 3386 Turione
952 3321 987 3386 et
1004 3312 1169 3386 lobannis
1189 3311 1236 3387 de
1258 3311 1430 3388 Aldorisio
1442 3311 1603 3406 judicum
1623 3313 1769 3387 Nuceria
1792 3321 1828 3385 et
1844 3312 1928 3386 Beu-

520 3432 621 3506 nardi
639 3435 769 3532 puplici
789 3436 937 3511 Avellini
955 3439 1079 3514 notari
1101 3449 1136 3512 et
1151 3440 1292 3512 altadus
1306 3438 1472 3513 lobannis
1483 3439 1614 3534 judicis
1628 3439 1738 3512 Rocce
1750 3437 1925 3528 Pimontis,

518 3558 737 3654 presentibus
748 3561 894 3636 testibus
906 3563 1179 3658 subscribendis,
1196 3561 1360 3638 videlicet
1367 3563 1489 3658 jndice
1500 3563 1633 3638 Baccho
1647 3565 1785 3660 Ungam
1797 3561 1927 3636 ethi-

518 3679 634 3755 lielmo
653 3679 723 3756 lilio
739 3683 908 3759 Osmundi
926 3688 1110 3762 castellano
1126 3687 1228 3762 castri
1250 3687 1360 3784 ipsius
1377 3687 1488 3762 Rooce
1505 3689 1552 3764 ad
1572 3689 1638 3762 boc
1655 3687 1848 3784 specialiter
1866 3707 1926 3760 ro-

519 3805 622 3900 gatis,
642 3815 680 3880 ut
700 3809 829 3884 omisso
849 3810 985 3906 penitus
1007 3811 1191 3886 mendacio
1208 3810 1361 3886 dicerent
1378 3833 1482 3908 snper
1496 3812 1565 3886 biis
1579 3812 1624 3888 de
1639 3812 1769 3910 quibus
1786 3812 1925 3885 interm

518 3929 587 4026 gati
605 3931 733 4005 inerint
743 3932 943 4030 diligentius
954 3935 1152 4027 veritatem
1168 3935 1215 4009 ita
1227 3934 1324 4031 quod
1338 3957 1452 4032 neque
1466 3957 1529 4032 pro
1545 3937 1714 4029 amicitia,
1734 3935 1922 4025 inimicitia,

518 4057 712 4150 parentela,
733 4039 815 4132 odio
831 4060 890 4134 vel
908 4060 1029 4134 timore
1046 4059 1202 4134 dicerent
1218 4059 1314 4134 alind
1331 4059 1427 4156 quod
1444 4062 1605 4157 superins
1627 4070 1680 4135 est
1697 4069 1873 4152 notatum3
1892 4069 1926 4133 et

515 4176 567 4252 sic
584 4179 650 4252 ioci
662 4181 779 4272 jurare
795 4205 858 4280 pro
881 4186 1094 4282 reparatione
1117 4186 1220 4259 castri
1241 4185 1397 4283 predicte
1412 4187 1522 4262 llocce
1539 4209 1601 4284 per
1622 4186 1780 4260 homines
1803 4185 1924 4260 casalis

516 4302 629 4378 Cavea
650 4304 970 4406 hominesjnferius
993 4310 1184 4385 denotatos.
1205 4311 1248 4383 Et
1262 4312 1375 4408 primo
1396 4313 1516 4386 Petrus
1545 4311 1699 4386 notarius
1729 4309 1775 4385 de
1802 4312 1924 4384 Sancto

516 4425 668 4504 Mattheo
682 4431 819 4524 juratus
836 4441 872 4508 et
890 4433 1118 4532 interrogatus
1138 4435 1168 4508 si
1189 4435 1334 4510 vidisset
1359 4446 1512 4533 tempore
1534 4437 1686 4510 lelicium
1712 4457 1835 4532 regum
1856 4436 1925 4509 bo-

518 4551 631 4627 mines
660 4553 806 4651 predicti
833 4559 955 4632 casalis
983 4561 1095 4636 Cevee
1120 4561 1241 4634 venire
1266 4559 1314 4635 ad
1337 4559 1567 4658 reparandum
1593 4569 1743 4634 castrum
1771 4559 1925 4656 predicte

517 4675 692 4753 lioccevel
704 4677 740 4751 in
753 4679 870 4778 aliqua
880 4692 977 4780 parte
990 4683 1099 4782 ipsius
1115 4685 1229 4778 castri,
1243 4683 1456 4760 testificando
1470 4685 1562 4760 dixit
1576 4686 1714 4784 penitus
1725 4706 1764 4760 se
1777 4685 1921 4758 nescire.
