4308 5910
497 560 539 623 st
1025 559 1387 624 cousttntntouus

501 697 645 770 erimine
667 697 873 781 convenire,
892 718 957 772 nee
974 699 1077 772 etiem
1096 699 1226 772 crimen
1250 695 1347 792 quod
1371 696 1584 788 majestatem
1606 707 1758 773 nostram
1777 700 1907 793 leserit,

503 821 576 896 nelo
591 820 764 894 fidelitatis
775 842 942 896 aecensus
958 820 1317 918 proponerevoluerit‚
1337 841 1443 916 quem
1460 820 1613 896 essetab
1629 842 1672 896 eo
1686 823 1748 918 qui
1759 825 1839 916 jnru
1854 824 1912 898 vel

504 945 666 1038 injurium
681 967 780 1019 suam
794 949 1027 1043 prosequitur,
1046 946 1229 1040 injudicio
1246 945 1437 1020 lacessitus.
1462 943 1594 1020 Eodem
1608 965 1755 1022 usnemu
1769 945 1820 1044 (a)
1834 969 1910 1024 ser-

505 1069 621 1144 vanda
650 1070 686 1142 in
708 1071 923 1166 quibuslibet
948 1071 1231 1167 prejudioielibus
1249 1071 1327 1146 eliis
1342 1069 1469 1157 ceusu,
1489 1069 1594 1146 etium
1612 1070 1642 1143 si
1671 1071 1758 1146 tales
1780 1072 1850 1146 siut
1865 1094 1912 1147 ex

505 1195 635 1290 quibus
659 1195 813 1292 probetis
835 1197 969 1269 nullum
986 1205 1076 1270 retro
1092 1194 1266 1289 judicium
1288 1193 1491 1270 redderetur
1512 1193 1558 1290 (i)
1575 1221 1584 1266 :
1602 1194 1793 1270 dummodo
1817 1196 1913 1292 peri·

505 1329 618 1393 torum
627 1321 717 1412 juris
729 1320 895 1394 verietate
908 1320 1025 1394 decise
1040 1341 1146 1416 super
1164 1318 1345 1416 principali
1359 1339 1465 1392 oense
1477 1318 1715 1394 tantummodo
1733 1317 1913 1394 delinitivn

505 1444 801 1518 oondemuetionis
816 1445 874 1518 vel
885 1445 1111 1519 absolutionis
1127 1445 1295 1520 sententie
1306 1445 1511 1540 proferetur.
1532 1445 1570 1518 lu
1584 1444 1842 1540 emergentibus
1859 1453 1912 1518 tu-

506 1589 584 1643 men
606 1570 865 1664 questionibus,
885 1569 993 1644 veluti
1018 1590 1124 1666 super
1141 1569 1407 1664 inoompetentie
1423 1569 1554 1662 judicie
1566 1570 1713 1664 ollegete
1731 1579 1792 1642 ent
1809 1591 1913 1665 super

506 1693 730 1768 dilationibus
753 1693 878 1769 dandis
906 1696 963 1769 vel
983 1717 1088 1790 super
1114 1695 1269 1790 personis
1295 1695 1433 1768 testium
1452 1696 1514 1788 qui
1534 1693 1710 1768 interdum
1725 1715 1747 1768 e
1764 1692 1913 1768 dicendo

505 1820 698 1893 testimonio
708 1820 932 1916 repelluntur,
945 1829 979 1892 et
991 1820 1164 1892 similibus
1177 1819 1415 1914 questionibus
1426 1818 1470 1914 (o)
1483 1819 1721 1910 terminandis
1736 1818 1914 1913 inquibus

506 1944 700 2017 eommunis
709 1945 798 2037 juris
809 1943 1203 2039 elteroetiooonquievit‚
1218 1945 1365 2040 presenti
1375 1945 1451 2040 lege
1465 1943 1551 2017 nibil
1564 1944 1727 2018 volumus
1739 1943 1910 2018 innovari.

934 2227 1136 2303 TITULUS
1166 2227 1373 2301 xxlt.1<n
1399 2229 1489 2326 (tt).

895 2435 943 2506 De
957 2446 1110 2508 eowsoto
1127 2457 1238 2508 eorem
1251 2435 1439 2530 justitiario
1464 2431 1528 2531 (d).

1047 2662 1143 2712 11)ss
1168 2663 1381 2715 subustus.

557 2843 728 2937 Contingit
746 2841 919 2916 interdum
937 2843 1090 2938 eliquem
1109 2843 1154 2918 de
1175 2845 1318 2918 crimine
1340 2845 1477 2942 capitoli
1502 2867 1616 2920 oerum
1640 2843 1821 2938 regionum
1842 2845 1918 2937 Jus-

511 2969 858 3060 titiarioeeousetum,
872 2966 1045 3064 pendente
1058 2990 1164 3042 ceusu
1175 2969 1263 3065 ipso,
1281 2991 1343 3066 per
1356 2971 1557 3066 magistrum
1563 2969 1785 3064 justitiarium
1794 2989 1920 3062 magne

513 3095 608 3168 curie
623 3103 738 3166 nostre
751 3093 848 3166 citari
870 3093 1005 3190 deperi
1022 3093 1167 3167 crimine
1190 3095 1243 3168 vel
1266 3095 1388 3168 minori
1403 3105 1464 3168 eut
1483 3095 1586 3168 etism
1603 3093 1648 3167 de
1667 3094 1849 3190 questione
1866 3091 1920 3167 ci·

511 3219 574 3290 vili
591 3227 779 3292 nestrorum
796 3218 852 3291 vel
869 3217 1014 3291 eliorum
1039 3217 1228 3292 feudalium
1246 3241 1395 3315 quorum
1417 3219 1568 3314 eoguitio
1587 3217 1780 3314 specialiter
1798 3218 1845 3292 ed
1857 3240 1920 3292 on·

512 3343 600 3418 rium
623 3353 775 3416 nostrum
794 3351 944 3439 speetat3
968 3344 1088 3439 sieque
1112 3346 1328 3440 prerogotiva
1359 3344 1498 3438 majoris
1518 3344 1702 3437 auditorii,
1729 3365 1835 3417 oense
1852 3366 1922 3438 que

512 3467 700 3564 aliquando
713 3489 827 3542 uorem
835 3468 1021 3561 justitiario
1035 3491 1147 3564 usque
1160 3469 1207 3544 ed
1222 3470 1392 3544 minutum
1408 3467 1765 3544 definitivesententie
1775 3471 1848 3563 jem
1858 3469 1921 3544 de-

510 3603 664 3680 venerut,
674 3594 868 3667 neeessario
879 3605 1093 3690 prorogetur,
1103 3617 1167 3669 neo
1175 3597 1341 3670 innuoens
1351 3593 1585 3669 absolvendus
1596 3593 1768 3689 detegitur
1778 3617 1841 3670 neo
1853 3619 1921 3692 pn·

510 3721 660 3796 niendus
678 3719 793 3793 debite
808 3741 898 3816 pene
914 3718 1109 3793 damnetur.
1131 3720 1312 3794 Suueimns
1335 3721 1452 3816 itaque
1478 3721 1626 3817 priorem
1647 3742 1786 3794 oensem
1805 3743 1922 3797 eorem

508 3844 690 3938 justitiario
700 3853 828 3917 motem
841 3843 1016 3916 terminari
1030 3844 1174 3936 debere;
1195 3866 1265 3941 que
1276 3846 1405 3937 omniu,
1420 3845 1553 3920 seilicet
1564 3867 1668 3920 oense
1680 3846 1828 3942 quattu
1839 3856 1873 3922 et
1885 3847 1922 3920 in

511 3977 679 4064 querum
698 3969 743 4042 sit
763 3968 996 4064 inquestione
1020 3989 1233 4064 processum,
1252 3991 1313 4066 per
1330 3969 1459 4044 littores
1477 3970 1650 4066 justitiarii
1668 3969 1831 4065 magistro
1846 3973 1922 4066 jus·

554 4167 598 4251 (a)
618 4172 654 4234 1n
665 4171 731 4234 eod.
747 4180 824 4236 lons
839 4189 982 4236 mamm.

554 4276 594 4360 (b)
618 4279 750 4341 lbldemr
766 4281 854 4341 etiam
866 4281 893 4341 ri
906 4277 979 4343 talio
991 4281 1051 4344 em
1068 4297 1107 4344 eu
1123 4281 1227 4364 quibet
1237 4279 1367 4364 probetis
1379 4279 1641 4364 uouwjoatcom
1654 4279 1807 4359 lederetur,
1822 4285 1923 4345 minus

514 4391 603 4448 rotie.

556 4491 594 4570 (c)
616 4491 731 4554 ibidem
737 4492 877 4572 mutto·
889 4496 956 4556 viee
969 4495 1193 4576 praedonibus.
1209 4499 1244 4558 in
1262 4513 1368 4576 puseo
1380 4495 1477 4560 tustm
1490 4497 1653 4577 oondpitur
1668 4513 1677 4560 t
1693 4503 1722 4560 et
1737 4497 1772 4558 ie
1783 4493 1925 4560 mutto

512 4597 722 4680 quaerendo
729 4601 816 4680 prise
828 4601 915 4662 citeri
926 4599 1044 4680 debes&
1057 4603 1090 4664 io
1102 4603 1205 4686 quiite
1214 4611 1324 4680 mum,
1333 4611 1386 4668 etc.

557 4704 600 4786 (d)
622 4709 658 4769 ln
671 4709 739 4772 eod.
756 4715 835 4770 46²⁴
850 4708 878 4771 Α
894 4727 902 4769 :
918 4709 961 4772 De
969 4711 1157 4792 preroputioa
1171 4711 1291 4792 majoris
1302 4709 1461 4776 audientis.
