4288 5912
206 537 308 603 lucrm.
322 537 368 618 5.]
661 528 859 596 HISTORIA
883 529 1177 594 nlrtottsrlct.
1555 531 1613 598 ott

206 673 243 747 in
267 673 369 747 bonis
385 669 632 768 temporalibus
659 667 744 743 dire
765 667 1011 744 recordationis
1032 657 1273 741 Romanorum
1291 666 1486 764 principum
1508 669 1617 742 crevit

206 797 342 874 auxilio
358 805 394 870 et
413 804 530 870 nostre
548 793 760 867 liberalitatis
781 793 973 868 munimine
995 797 1104 866 status
1122 813 1240 865 earum
1257 789 1389 886 indiget
1404 793 1612 866 conservari.

205 921 384 996 Universis
405 919 512 1015 igitur
525 916 662 1015 imperii
680 917 787 990 nostri
808 915 970 990 fidelibus
991 925 1061 988 tam
1077 915 1252 990 modernis
1269 935 1374 1010 quam
1391 905 1535 1011 posteris
1551 933 1615 990 vo·

204 1045 323 1119 lumns
347 1067 423 1120 esso
450 1052 573 1119 notnm
596 1041 692 1138 quod
716 1041 908 1138 Euphemia
930 1040 1138 1114 venerabilis
1163 1039 1339 1114 abbatissa
1362 1049 1397 1114 et
1424 1047 1616 1113 conventus

206 1169 403 1244 monasterii
414 1167 520 1242 Castri
534 1167 660 1256 Caroli,
676 1165 797 1240 fideles
811 1174 943 1257 nostre,
958 1171 1198 1261 presentarunt
1209 1164 1305 1236 curie
1316 1171 1430 1236 nostre
1437 1162 1617 1258 quoddam

204 1293 430 1391 privilegium
447 1291 586 1386 augusti
608 1289 741 1366 domini
758 1289 818 1364 uvi
836 1290 944 1362 nostri
968 1288 1180 1386 imperatoris
1201 1287 1365 1360 Friderioi
1383 1288 1440 1384 pie
1456 1287 1617 1362 recorda·

203 1417 310 1492 tionis
327 1417 394 1514 ipsi
410 1414 616 1490 monasterio
629 1415 814 1489 clementor
828 1413 1016 1502 indultum,
1034 1413 1196 1486 attentius
1213 1421 1364 1487 nostram
1379 1413 1618 1488 celsitudinem

206 1541 441 1639 supplicantes
459 1547 631 1636 qnaoenus
648 1539 740 1612 idem
766 1537 988 1636 privilegium
1006 1537 1186 1611 transcribi
1205 1545 1240 1610 et
1256 1537 1412 1611 innovari
1431 1545 1467 1610 et
1489 1557 1531 1611 ea
1548 1557 1619 1632 que

206 1665 427 1740 continentur
441 1664 478 1736 in
495 1683 538 1736 eo
559 1662 652 1736 dicto
669 1659 718 1759 (o)
738 1662 961 1753 monasterio,
987 1661 1072 1758 ipsis
1084 1669 1119 1734 et
1138 1660 1403 1736 succedentibus
1420 1661 1472 1734 eis
1488 1643 1617 1757 digna·

205 1813 323 1866 remur
338 1789 385 1863 de
399 1797 516 1862 nostra
533 1788 644 1882 gratia
661 1786 881 1879 confirmare3
901 1787 1001 1880 cnjus
1020 1785 1191 1882 privilegii
1207 1795 1305 1860 tenor
1319 1787 1397 1860 talis
1412 1794 1489 1860 est:

254 1915 293 1986 ln
317 1913 459 1986 nomine
479 1919 598 1986 sancte
621 1920 656 1985 et
683 1911 868 1986 individue
893 1911 1079 1984 Trinitatis.
1104 1910 1306 1986 Frederious
1328 1911 1450 1985 divina
1478 1911 1616 1986 favento

204 2037 388 2111 clementia
418 2037 649 2110 llomanornm
676 2036 859 2132 imperator
882 2042 917 2108 el
944 2055 1080 2132 semper
1107 2043 1289 2130 augustus.
1318 2035 1617 2132 Quandocumque

204 2172 321 2235 nostre
335 2161 522 2259 imperialis
539 2160 825 2234 corroborationis
837 2159 1037 2256 exposcitur
1053 2158 1273 2256 suffragium,
1301 2159 1405 2233 celeri
1424 2139 1548 2234 ellectu
1564 2167 1617 2234 est

205 2283 481 2378 attribuendum,
509 2285 591 2358 etsi
609 2283 648 2358 id
673 2285 874 2381 exposcitur
890 2283 986 2380 qnod
1008 2281 1135 2358 durare
1149 2293 1316 2381 perpetuo
1334 2284 1477 2372 debeat,
1497 2284 1618 2356 litteris

207 2419 260 2484 cst
273 2411 378 2484 etiam
391 2408 628 2484 annotandum
642 2431 687 2483 ne
700 2408 881 2506 prolixitas
890 2417 1083 2505 temporum
1095 2409 1240 2505 posteris
1251 2408 1317 2482 hoe
1329 2407 1453 2482 reddat
1470 2408 1617 2483 dubium

206 2533 263 2608 vel
284 2533 467 2606 incertum.
485 2533 525 2605 ln
541 2533 704 2606 examine
719 2533 812 2606 enim
829 2541 955 2605 cuncta
972 2533 1033 2604 Dei
1052 2531 1293 2629 conspicientis
1311 2532 1434 2626 equale
1456 2519 1617 2606 meritum

207 2657 381 2732 credimus
404 2659 477 2732 lore
500 2655 614 2731 dantis
639 2665 674 2732 et
700 2656 962 2731 corroborantis.
992 2655 1172 2729 Credimus
1199 2655 1303 2728 etiam
1335 2655 1382 2728 ad
1408 2655 1618 2752 imperialem

206 2792 358 2856 nostram
382 2783 593 2875 majestatem
620 2781 791 2877 pertinere
818 2780 923 2853 totius
947 2781 1046 2876 regni
1073 2801 1175 2853 ouras
1203 2779 1434 2875 precipueque
1460 2778 1616 2852 omnium

206 2915 403 2980 sanctarum
413 2905 477 2978 Dei
492 2905 713 2978 ecclesiarum
725 2903 906 2978 commoda
924 2902 1142 2978 considerare
1158 2912 1192 2976 et
1203 2903 1319 2976 omnia
1335 2903 1384 2976 eis
1398 2902 1618 2978 adversantia

207 3029 274 3103 snb
292 3029 388 3103 omni
407 3029 624 3103 festinatione
640 3029 797 3118 abolere,
818 3051 863 3103 ne
883 3029 940 3102 vel
959 3029 1058 3121 gravi
1078 3027 1357 3101 incommoditate
1376 3027 1544 3102 vilescant
1560 3027 1617 3103 vel

200 3175 269 3250 ¹pro
285 3163 402 3228 nostra
419 3154 523 3250 culpa
538 3161 613 3227 orta
630 3153 810 3226 occasione
828 3175 849 3226 a
867 3153 1012 3250 pristino
1026 3153 1121 3226 cultu
1143 3152 1322 3246 recedant,
1342 3161 1513 3248 qnatenus
1530 3153 1616 3228 dum

206 3277 273 3352 bec
290 3298 352 3372 pro
370 3297 486 3350 amoro
503 3277 698 3372 pariterque
715 3277 837 3351 timore
851 3277 913 3349 Dei
929 3273 1074 3350 fideliter
1086 3277 1300 3374 peragimus,
1318 3278 1455 3352 illorum
1473 3279 1534 3374 qui
1550 3279 1616 3354 bec

205 3421 270 3498 pro
287 3400 411 3474 allectn
429 3401 501 3474 Deo
518 3401 754 3493 contulerunt,
775 3401 906 3474 meritis
919 3411 954 3474 et
964 3402 1070 3497 gloria
1084 3402 1389 3476 communicemus.
1404 3403 1618 3500 Quapropter

205 3525 344 3599 noverit
360 3525 516 3599 omnium
531 3523 655 3597 Christi
671 3525 876 3621 imperiique
891 3527 998 3600 nostri
1014 3525 1171 3600 fidelium
1183 3537 1253 3601 tam
1270 3549 1411 3624 presens
1426 3538 1615 3624 etasquam

205 3669 409 3722 successura
421 3649 603 3744 posteritas
616 3648 764 3744 qualiter
777 3649 961 3723 Petronilla
974 3651 1183 3725 venerabilis
1196 3651 1369 3726 abbatissa
1381 3652 1489 3726 Castri
1505 3652 1615 3726 Caroli

206 3772 421 3864 majestatem
436 3782 588 3845 nostrum
604 3770 707 3864 adiit,
728 3773 926 3869 suppliciter
940 3795 1088 3849 exorans
1111 3786 1152 3849 nt
1169 3779 1335 3873 prefatam
1352 3775 1615 3873 ecclesiamque

206 3893 361 3968 Castrum
370 3895 479 3969 Caroli
490 3905 723 3992 nuncupatur,
738 3897 867 3971 abesto
877 3900 1211 3974 memorieNorberto
1223 3901 1366 3997 patricio
1376 3910 1411 3973 et
1420 3901 1614 3975 Eusebiana

206 4027 365 4091 consorte
382 4039 445 4092 sua
467 4041 531 4115 pro
549 4017 784 4116 redemptione
800 4021 993 4094 animarum
1012 4045 1152 4098 suarum
1169 4024 1205 4097 in
1226 4025 1392 4098 honorem
1416 4025 1613 4100 beatissime

206 4141 269 4214 Dei
282 4143 456 4236 genitricis
469 4151 503 4216 et
516 4163 652 4239 semper
667 4144 814 4239 virginis
833 4145 938 4219 llario
957 4156 993 4220 et
1006 4148 1095 4220 Petri
1110 4148 1275 4244 principis
1289 4150 1522 4244 apostolorum
1538 4160 1612 4225 stu·

206 4264 306 4339 diosa
319 4265 502 4342 devotione
516 4267 776 4367 fundaverunt(
798 4269 880 4368 ‘)et
893 4273 1016 4368 amplis
1030 4273 1301 4368 possessionibus
1315 4273 1531 4361 ditaverunt,
1546 4277 1612 4352 snb

204 4399 322 4464 nostra
337 4391 537 4466 defensione
549 4393 814 4488 susciperemus,
831 4403 866 4468 et
879 4397 995 4469 omnia
1008 4397 1099 4472 bona
1113 4397 1226 4470 eidem
1237 4398 1380 4472 ecclesie
1393 4401 1609 4496 pertinentia,

205 4513 375 4608 acquirite
391 4515 449 4588 rel
472 4514 701 4612 acquirenda,
728 4515 897 4614 imperiali
922 4521 1121 4596 anctoritate
1139 4519 1431 4598 confirmaremus.
1455 4525 1612 4600 Predicte

249 4653 290 4736 (a)
311 4657 369 4738 Ap.
383 4659 492 4724 Dunod
502 4677 536 4723 ee
548 4677 603 4744 que
615 4661 799 4726 conuenirent
810 4663 844 4725 in
858 4659 943 4742 dicte
958 4665 1046 4730 mole.
