4288 5912
210 559 372 648 tentae]
665 553 863 622 HISTORIA
889 553 1181 620 nlenonartch
1567 547 1627 616 tls

212 697 371 772 libertate
404 694 558 771 destitui.
596 691 657 768 Pia
690 715 842 790 namque
877 691 1084 767 conthoralis
1122 697 1237 763 nostre
1268 697 1303 762 et
1337 687 1494 782 conjugis
1529 689 1628 764 Berte

212 824 379 921 petitione
397 831 433 896 et
456 819 651 918 principum
675 818 775 914 regni
794 817 902 892 nostri
923 815 1073 911 judicio,
1100 814 1219 910 inique
1246 809 1487 885 dominationis
1500 814 1626 908 jugum

212 957 249 1022 et
273 967 377 1022 omne
403 949 462 1042 jus
490 941 705 1020 beneficialis
730 941 863 1018 servitii
889 940 1044 1039 predicte
1065 938 1209 1014 ecclesie
1235 937 1449 1026 remisimus,
1470 938 1626 1035 nullique

214 1092 292 1146 cam
311 1071 456 1146 ulterius
478 1069 685 1144 servituram
705 1068 774 1143 nisi
795 1067 958 1142 Romanis
981 1065 1121 1162 ragibm
1145 1063 1202 1137 vel
1227 1061 1490 1158 imperatoribus
1503 1071 1538 1136 et
1556 1085 1626 1139 res·

212 1205 352 1294 pactum
375 1195 543 1270 libertatis
566 1201 734 1292 perpetue
755 1193 802 1268 ad
823 1201 980 1268 sanctum
999 1189 1137 1264 Petrum
1159 1199 1194 1263 et
1213 1189 1401 1262 itomanam
1413 1185 1533 1262 sedern
1555 1211 1625 1284 quo

208 1321 289 1415 jure
305 1321 434 1417 regalia
450 1319 566 1394 omnia
582 1319 786 1416 respiciunt,
802 1317 952 1415 amplius
972 1314 1169 1390 habituram
1190 1313 1360 1410 imperiali
1376 1313 1578 1388 auctoritate
1591 1324 1625 1388 et

215 1445 334 1520 banno
347 1443 603 1519 confirmamus.
623 1445 759 1517 Donum
771 1463 856 1516 vero
869 1441 1085 1539 prepositure
1102 1441 1132 1533 ej
1138 1437 1257 1512 usdem
1273 1435 1419 1512 ecclesie
1432 1438 1518 1511 nulli
1536 1461 1626 1512 oon-

214 1571 384 1644 cessimus
402 1567 641 1666 racipiendum
654 1567 721 1642 nisi
738 1567 772 1642 ei
793 1589 899 1664 qnem
912 1565 1008 1662 regia
1029 1565 1087 1638 vel
1106 1563 1324 1660 imperatoria
1341 1585 1464 1636 manus
1474 1563 1511 1635 in
1529 1565 1625 1638 curia

214 1703 249 1768 et
267 1694 398 1790 capella
415 1715 479 1768 sua
499 1692 741 1766 cancellarium
756 1713 859 1764 snum
877 1689 1100 1766 ordinaverit.
1117 1687 1342 1762 Advocatiam
1354 1709 1494 1784 quoque
1509 1689 1625 1764 altaris

213 1819 360 1915 predicti
376 1819 485 1894 sancti
501 1817 662 1892 omnibus
680 1816 747 1890 nisi
763 1815 845 1890 solis
859 1813 1123 1911 imperatoribus
1136 1821 1171 1887 et
1185 1813 1325 1906 regibus
1335 1822 1370 1886 et
1383 1813 1523 1909 prelatis
1533 1813 1626 1888 dono

213 1963 334 2017 corum
355 1942 500 2018 ecclesie
528 1941 787 2040 presidentibus
812 1939 1016 2034 tenendam,
1038 1938 1206 2037 imperiali
1221 1938 1424 2013 sonoritate
1451 1949 1486 2013 et
1510 1939 1625 2014 banno

213 2068 500 2170 contradiximus.
521 2069 617 2142 Hanc
631 2067 738 2163 igitur
758 2066 924 2140 libertatis
940 2063 1233 2140 confirmationem
1250 2062 1427 2161 qnondam
1445 2086 1466 2138 a
1485 2065 1625 2139 domino

212 2192 335 2268 Carolo
348 2194 552 2290 imperatore
565 2194 690 2267 iactam
703 2201 738 2268 et
752 2192 938 2266 multorum
957 2191 1195 2288 episcoporum
1214 2199 1297 2264 tnnc
1314 2190 1524 2288 presentium
1541 2213 1625 2265 ana·

211 2319 364 2394 themate
380 2317 563 2408 firmatam,
578 2340 642 2392 nos
654 2339 795 2414 qnoque
807 2319 853 2393 ob
866 2317 1026 2392 meritum
1041 2317 1149 2392 sancti
1165 2325 1199 2390 et
1210 2316 1417 2390 venerabilis
1430 2317 1576 2390 Servatii
1591 2327 1626 2390 et

213 2443 417 2540 dignitatem
432 2443 514 2518 cleri
530 2451 565 2518 et
581 2443 709 2518 lamilie
724 2464 794 2539 qne
806 2443 877 2517 lere
890 2443 1002 2516 omnis
1015 2464 1062 2516 ex
1079 2443 1231 2536 ingenua
1243 2453 1421 2538 parentum
1435 2442 1625 2539 propagine

212 2567 322 2644 libera
338 2567 533 2644 traditionis
549 2567 746 2642 conditione
758 2567 805 2642 ad
824 2568 1067 2666 proprietatem
1083 2566 1227 2641 ecclesie
1244 2566 1426 2663 processit,
1447 2568 1547 2662 quasi
1563 2590 1625 2643 ne-

212 2693 362 2790 glectam
378 2703 413 2768 et
429 2693 593 2770 violentia
612 2692 765 2790 quadam
783 2692 991 2768 destructam
1015 2692 1213 2768 conditione
1231 2692 1385 2789 predicta
1401 2713 1619 2767 renovamus.

213 2819 265 2892 Sit
282 2841 367 2915 ergo
383 2821 597 2916 prepositura
610 2821 676 2894 ista
694 2841 774 2894 cum
791 2819 909 2894 altaris
919 2819 975 2893 sni
987 2818 1168 2893 advocatia
1181 2817 1246 2892 soli
1259 2819 1366 2912 regali
1380 2818 1438 2892 vel
1454 2817 1623 2915 imperiali

212 2943 362 3018 libertati
372 2945 524 3035 astricta,
539 2945 585 3018 ab
597 2945 691 3020 omni
704 2946 912 3042 proprietate
921 2945 1061 3020 alterius
1070 2945 1214 3019 ecclesie
1226 2943 1353 3037 aliena;
1370 2953 1405 3017 et
1412 2946 1491 3038 jure
1501 2945 1623 3019 merito

212 3069 378 3164 qnoniam
392 3069 469 3166 ipsa
485 3069 609 3165 viginti
624 3070 866 3168 episcoporum
890 3069 990 3145 sedes
1015 3070 1119 3143 simul
1136 3069 1251 3143 extitit
1264 3079 1300 3142 et
1314 3069 1439 3162 regalis
1456 3078 1490 3142 et
1507 3069 1624 3167 impe-

212 3192 309 3272 rialis
327 3191 436 3266 curia.
463 3193 619 3268 Ducibus
641 3204 839 3290 quoquest
862 3194 1045 3268 comitibus
1066 3203 1101 3268 et
1120 3194 1244 3267 ceteris
1267 3193 1421 3290 personis
1446 3215 1622 3289 nunquam

213 3316 421 3392 beneficium
436 3315 508 3410 bal,
527 3316 591 3392 sed
612 3327 779 3414 perpetuo
798 3319 951 3392 existens
972 3318 1081 3392 libera
1102 3318 1209 3412 regali
1229 3326 1361 3391 tantum
1379 3319 1436 3392 val
1454 3318 1625 3416 imperiali

213 3443 294 3517 aula
320 3441 505 3518 deserviat.
528 3443 639 3536 Hujus
663 3452 779 3518 auwm
802 3443 969 3518 libertatis
993 3443 1135 3516 consilio
1161 3451 1223 3516 aut
1246 3464 1350 3539 opere
1374 3443 1557 3520 violatores
1582 3447 1627 3519 ab

213 3569 387 3666 episcopis
401 3578 483 3641 tunc
497 3569 717 3666 presentibus
730 3569 1059 3662 excommunicatos,
1075 3589 1151 3642 reos
1166 3569 1352 3663 majestatis
1365 3579 1480 3643 nostre
1489 3579 1524 3642 et
1539 3591 1628 3668 apo-

214 3693 333 3768 stolica
342 3693 705 3784 feriendossententia,
714 3716 836 3790 regum
846 3693 1627 3790 etimperatorumperseqnendosgladioquasi

212 3815 330 3892 hostes
347 3818 482 3914 imperii
496 3818 772 3916 pronuntiamus.
792 3817 878 3892 Acta
894 3827 975 3891 sunt
988 3817 1052 3892 hec
1064 3817 1274 3914 Aquisgrani
1286 3819 1431 3915 palatio,
1451 3841 1543 3894 anno
1557 3821 1628 3894 do-

213 3943 342 4020 minice
353 3943 596 4018 incarnationis
610 3945 658 4018 Μο
675 3944 909 4040 octuagesimo
923 3944 1081 4040 septimo,
1097 3943 1283 4017 indictione
1298 3944 1445 4037 decima,
1460 3955 1627 4039 regnante

213 4067 360 4142 llennco
377 4069 597 4166 imperatore,
617 4067 775 4143 Conrado
791 4067 862 4142 lilio
880 4067 990 4166 ipsius
1005 4068 1108 4158 duce,
1122 4090 1214 4142 anno
1227 4068 1326 4165 regni
1341 4069 1416 4162 ejus
1432 4069 1513 4142 XX⁰
1530 4072 1623 4165 Xll⁰,

213 4191 350 4290 imperii
363 4194 451 4287 11110,
465 4193 612 4268 ilenrico
622 4194 785 4292 episcopo
794 4192 989 4287 Leodicnsi,
1000 4191 1208 4270 Godcscalco
1219 4193 1426 4287 Traiectensi
1440 4197 1623 4293 preposito,

212 4317 417 4392 Dudechino
434 4317 579 4392 decano.
600 4319 655 4391 llii
675 4317 848 4394 affuerunt
865 4327 968 4392 testes
984 4317 1158 4412 seguinus
1174 4316 1382 4392 Coloniensis
1398 4319 1627 4418 archiepisco

214 4465 295 4540 pus,
320 4443 475 4517 himarus
494 4445 687 4518 Bremensis
703 4445 995 4543 archiepiscopus,
1011 4445 1623 4544 CunradnsTrajectensiscpiscopus,

214 4567 329 4666 Herpo
347 4567 756 4665 ldimengardeiurdansis
771 4570 971 4666 episcopus,
991 4567 1223 4643 Theodericus
1238 4569 1473 4645 llerdinicnsis
1487 4571 1627 4668 episco-

216 4713 297 4790 pus,
314 4691 507 4768 Borcardus
515 4691 744 4770 lausanensis
765 4695 963 4794 episcopus,
988 4693 1164 4768 Fclmarus
1175 4693 1414 4769 Mindiniensis
1429 4695 1624 4793 episcopus,
