4308 5910
762 619 889 682 autur
917 621 1102 684 sictbtttb
1580 623 1637 684 147

223 755 376 830 dationis
400 755 451 852 (o)
475 755 620 830 insidias
643 767 887 852 proparamnt,
914 757 1077 852 eoquod
1101 757 1295 852 acceperint
1317 757 1476 852 primitus
1498 758 1632 852 integre

222 881 381 956 restituto
411 883 522 977 passis
549 881 732 974 injuriam,
764 881 801 954 in
826 880 1059 978 qnadmplnm
1090 879 1307 956 damnandos
1336 901 1412 953 osse
1442 880 1628 955 sancimus.

223 1004 377 1090 Quodsi
391 1006 492 1080 utitor
507 1007 600 1102 ipsos
614 1003 812 1097 afflixerint,
828 1026 888 1079 eos
900 1007 988 1080 forto
1002 1005 1137 1098 injuriis
1151 1003 1398 1101 pmpulsando,
1416 1006 1515 1078 tortis
1528 1007 1634 1101 partis
1671 987 1675 1002 ’

220 1129 394 1204 bonorum
413 1131 567 1204 omnium
584 1129 818 1226 publicatione
836 1129 1052 1204 damnandos
1069 1151 1145 1204 esse
1168 1151 1367 1221 mosomum
1386 1137 1420 1202 ot
1436 1131 1473 1202 in
1488 1137 1634 1224 utroque

220 1275 306 1326 casu
330 1253 553 1328 nibilominus
579 1276 659 1327 oum
682 1263 845 1352 perpetua
874 1255 1014 1328 infamia
1034 1255 1080 1328 ab
1103 1253 1216 1328 officio
1236 1253 1312 1327 iilos
1336 1252 1413 1352 [qui
1438 1254 1489 1328 sic
1512 1255 1634 1328 officiis

219 1375 429 1476 abutuntur]
452 1378 670 1454 dsuernimos
691 1378 920 1470 amovendum
940 1380 987 1452 ita
1006 1377 1101 1474 quod
1119 1380 1215 1451 nollo
1236 1398 1390 1472 uuquam
1411 1388 1565 1475 tompore
1587 1379 1633 1452 ad

219 1511 418 1576 nostrarum
432 1502 769 1578 administrationum
782 1503 895 1576 offioia
908 1525 930 1576 a
946 1503 1046 1577 nobis
1058 1505 1113 1577 vel
1126 1503 1282 1577 anostris
1293 1503 1573 1577 ministerialibus
1586 1505 1633 1600 (t)

219 1625 460 1700 admittantur.

656 1878 856 1954 rruunus
880 1879 993 1952 xuu.
1021 1881 1086 1950 ur
1110 1876 1199 1976 (u).

498 2059 545 2129 De
562 2057 819 2130 coruiderotione
835 2059 974 2150 injurie,
994 2057 1149 2151 temporis
1169 2067 1200 2129 et
1213 2079 1365 2154 persone.

770 2259 862 2308 ronrr
892 2257 1090 2308 nuousrus.

271 2412 462 2485 Varietatss
490 2435 658 2508 penarum
689 2435 796 2510 super
817 2412 1120 2508 compositionibus
1143 2413 1346 2504 injuriarum
1369 2413 1560 2486 secundum
1583 2413 1637 2486 di·

224 2558 343 2610 versas
370 2537 549 2610 bominum
575 2535 790 2610 conditiones
821 2535 867 2610 ad
898 2537 1062 2610 unitatem
1082 2538 1172 2630 juris
1197 2537 1391 2610 communis
1421 2537 1637 2633 providimus

224 2661 458 2754 redonandus,
486 2663 621 2756 legibus
644 2672 679 2736 ot
702 2661 1011 2735 consuetudinibus
1035 2683 1105 2757 que
1126 2683 1230 2757 super
1248 2661 1446 2755 hujusmodi
1467 2663 1637 2736 conditio-

225 2787 330 2860 nibus
352 2787 521 2860 bactouus
541 2787 743 2861 obtinebant
762 2787 903 2860 omuino
929 2787 1085 2860 sublatis.
1109 2786 1298 2859 statuimus
1322 2787 1427 2881 igitur
1451 2787 1637 2882 providen-

225 2911 307 2984 tiam
336 2911 425 3004 juris
452 2914 644 2986 eommunis
668 2913 705 2984 in
733 2912 895 2985 omnibus
920 2911 1095 2985 observari
1124 2910 1266 3002 debore,
1296 2911 1457 2985 videlicut
1484 2922 1524 2984 ut
1545 2912 1636 2986 circa

224 3055 343 3131 passos
364 3037 523 3129 injuriam
546 3036 714 3110 habeatur
730 3036 891 3110 discretio
914 3057 1137 3132 personarum
1159 3056 1229 3129 qus
1251 3035 1413 3129 injuriam
1432 3035 1583 3108 inierunt
1602 3047 1637 3110 et

223 3181 293 3254 quo
318 3161 478 3254 injuriam
498 3162 689 3258 patiuntur,
710 3162 740 3235 si
767 3163 835 3234 sint
855 3163 995 3258 publice
1016 3162 1071 3234 vot
1095 3160 1230 3256 private
1249 3171 1284 3234 et
1309 3160 1344 3232 in
1368 3183 1438 3256 qua
1460 3160 1637 3256 dignitatis

222 3286 365 3379 speculo
382 3283 426 3382 (o)
446 3287 642 3360 constituta.
665 3287 842 3383 Temporis
864 3285 967 3360 etiam
990 3285 1171 3359 oommisso
1191 3285 1317 3378 injurio
1336 3284 1566 3359 consideratio
1584 3295 1637 3360 ost

224 3407 403 3498 habenda,
427 3431 494 3483 noc
512 3411 629 3482 minus
641 3411 683 3482 in
707 3431 778 3506 quo
800 3412 888 3500 loco,
909 3409 1038 3507 quibos
1059 3408 1294 3504 presentibus,
1312 3431 1357 3482 an
1372 3408 1556 3502 injudicio
1579 3409 1636 3483 vel

227 3541 325 3606 extra
332 3533 506 3627 judioium
519 3535 645 3628 injuria
656 3536 702 3609 sit
714 3535 908 3608 commissa.
920 3535 1016 3607 ltlam
1026 3535 1129 3607 otiam
1139 3532 1206 3607 loci
1217 3532 1527 3607 considerationem
1534 3533 1637 3626 jubo-

227 3680 305 3730 mus
315 3657 510 3734 habendam
523 3661 558 3732 in
570 3682 639 3755 qua
650 3670 747 3757 parto
755 3661 908 3758 oorporis
920 3661 951 3733 is
964 3660 1024 3755 qni
1037 3659 1197 3752 injuriam
1207 3657 1346 3755 potitur,
1359 3658 1518 3752 injuriam
1527 3659 1637 3756 patia-

227 3793 294 3854 tor.
305 3783 348 3855 Et
360 3783 411 3856 sio
422 3783 583 3857 omnibus
596 3784 778 3880 diligantur
789 3785 927 3859 attentis
938 3794 972 3858 ot
982 3783 1200 3878 singulariter
1210 3792 1245 3854 et
1251 3784 1345 3875 Justo
1355 3783 1562 3880 pensatis,.is
1575 3783 1636 3879 qui

227 3905 404 3999 injudicio
419 3911 570 4005 prusidet
586 3911 791 3986 sententiam
810 3907 956 4008 fsrrs(d)
972 3908 1128 4000 debebit3
1145 3907 1308 3984 videlicet
1321 3931 1342 3982 a
1356 3929 1458 4006 passo
1473 3909 1635 4002 injuriam

226 4053 303 4106 oum
317 4033 491 4108 taxatione
509 4035 715 4130 prooodanto
734 4045 946 4111 sacramento
970 4044 1107 4131 recepto
1128 4031 1225 4128 qood
1249 4043 1381 4108 tantum
1403 4035 1570 4108 voluisset
1591 4034 1636 4109 de

228 4178 290 4230 suo
302 4159 440 4254 proprio
458 4159 613 4234 amisisse
630 4160 745 4256 potius
762 4185 869 4256 qnam
886 4161 1045 4256 injuriam
1066 4158 1235 4232 sustinere
1253 4159 1418 4234 uoluisset
1433 4159 1576 4252 illatum,
1600 4170 1635 4234 ot

267 4331 309 4414 (a)
330 4335 367 4395 ln
380 4335 446 4397 ood.
464 4346 541 4399 46²5
556 4335 787 4418 dampnationis,
802 4339 855 4401 ssd
868 4341 899 4400 in
913 4355 1017 4418 graooo
1030 4336 1162 4419 ἁρπαγῆς.

267 4439 308 4521 (b)
329 4441 389 4520 Ap.
412 4443 576 4507 Cumanum
595 4443 890 4510 udndobtratoribm.
915 4447 1095 4524 corrigimus
1120 4459 1159 4505 ex
1179 4442 1247 4506 cod.
1273 4451 1363 4508 toto.
1379 4443 1415 4506 In
1437 4458 1543 4524 gruem
1565 4443 1633 4526 offi-

268 4653 305 4734 (c)
330 4655 530 4720 mmmmm
541 4658 656 4738 pocula
668 4677 721 4740 pro
734 4658 857 4742 puato,
872 4677 908 4722 ox
922 4676 1026 4740 moeno
1039 4658 1067 4718 b
1081 4660 1150 4742 ποτῷ
1163 4655 1241 4740 tntis,
1256 4659 1289 4719 io
1301 4675 1357 4739 quo
1369 4654 1504 4722 comior.

267 4758 309 4842 (d)
330 4761 405 4826 cod.
420 4764 645 4845 roassmmare.
