4308 5910
740 651 747 666 ,
787 591 914 654 bitom
942 589 1135 652 stcltlan.
1627 584 1670 646 89

254 734 379 808 donem
398 739 461 804 aut
478 727 761 826 compositionem
789 727 947 802 eamdem
976 724 1072 798 curia
1098 745 1168 796 non
1194 731 1361 818 acceptat.
1388 722 1464 807 Que
1489 720 1606 794 omnia
1632 721 1668 792 in

253 859 318 930 illis
335 856 542 930 criminibus
559 854 673 926 locum
690 851 818 924 babere
837 873 1018 924 censemus
1032 871 1102 944 que
1121 848 1302 942 sanguinis
1322 867 1446 942 penam
1468 847 1664 940 imponunt,

253 984 288 1056 in
311 983 442 1078 quibus
466 979 713 1055 transactiones
732 978 788 1050 vel
805 976 981 1071 pactiones
1007 973 1081 1046 lieri
1110 981 1227 1045 vetere
1251 973 1332 1064 jura
1354 971 1571 1066 permittunt3
1591 969 1668 1042 aliis

251 1129 319 1203 quc
333 1105 521 1200 sanguinis
539 1123 666 1200 ponam
680 1123 749 1174 non
767 1101 938 1194 irrogant,
958 1109 1102 1194 excepta
1120 1097 1194 1170 falsi
1214 1097 1452 1185 accusatione,
1473 1095 1509 1167 in
1525 1115 1590 1168 sno
1603 1115 1667 1167 ru-

252 1233 335 1306 burc
353 1229 542 1305 duraturis.

688 1449 892 1524 TITULUS
916 1447 1033 1520 Xllll.
1058 1451 1105 1518 lz
1123 1441 1214 1542 (ll).

554 1603 602 1674 lle
614 1605 695 1696 jure
710 1602 922 1676 Francorum
943 1601 980 1672 io
993 1598 1132 1692 judiciis
1152 1597 1279 1670 subluto
1297 1595 1310 1688 (
1329 1597 1355 1693 l.

794 1774 884 1822 rnnn
915 1773 1117 1823 incusans.

296 1900 454 1996 Speciale
469 1899 648 1996 quoddam
662 1902 868 1975 Francorum
883 1904 956 1997 jus,
976 1902 1046 1974 imo
1066 1910 1106 1974 ut
1125 1900 1284 1996 proprius
1301 1900 1484 1994 loquamur
1498 1897 1659 1992 injuriam

248 2046 318 2120 que
334 2025 370 2096 in
393 2024 537 2118 Jndiciis
556 2035 627 2098 tam
644 2025 807 2098 civilibus
831 2047 937 2120 quam
956 2025 1191 2098 criminalibus
1208 2023 1374 2097 hactenus
1389 2023 1587 2112 obtinebat,
1617 2020 1663 2094 de

248 2148 365 2223 medio
384 2151 501 2224 tollere
519 2149 715 2245 cupientes,
737 2152 906 2245 presentis
924 2160 1038 2223 nostre
1056 2147 1242 2222 sanctionis
1266 2156 1516 2244 programmate
1530 2147 1663 2219 cunctis

248 2273 346 2368 regni
363 2274 469 2347 nostri
488 2271 648 2347 fidelibus
666 2277 829 2348 volumus
845 2295 921 2348 esse
940 2283 1060 2346 notum
1077 2272 1174 2368 qnod
1196 2293 1258 2345 nos
1276 2273 1338 2368 qui
1354 2271 1568 2367 singulorum
1583 2272 1661 2362 jura

243 2399 378 2489 justitie
395 2398 483 2470 libra
502 2419 706 2492 pensamus,
725 2397 761 2470 in
778 2397 921 2492 judiciis
939 2397 1090 2492 aliquam
1113 2396 1355 2470 discretionem
1373 2396 1492 2470 baberi
1511 2417 1580 2466 non
1599 2415 1662 2464 vo-

249 2522 367 2594 lumus
379 2542 621 2618 personarum,
634 2521 697 2595 sed
709 2543 800 2616 equa
817 2519 987 2618 lancell),
1006 2521 1081 2594 sive
1093 2521 1137 2592 sit
1150 2521 1304 2592 Francos
1321 2521 1396 2592 sive
1411 2521 1586 2592 llomanus
1601 2527 1661 2592 ant

248 2645 499 2741 Longobardus
510 2647 571 2741 qui
583 2647 655 2740 agit
667 2667 728 2720 sen
738 2646 800 2741 qui
809 2646 1026 2738 convenitur,
1034 2645 1202 2739 Justitiam
1212 2645 1277 2718 sibi
1285 2647 1447 2718 volumus
1460 2643 1656 2717 ministrari.

248 2770 488 2844 Cavillaticnes
505 2781 539 2844 et
557 2773 734 2868 captiones
751 2771 912 2868 antiquas
926 2773 1004 2866 jure
1019 2773 1240 2860 Francorum,
1262 2771 1452 2866 quinzanas
1470 2767 1514 2864 (c)
1527 2779 1562 2842 et
1580 2791 1660 2842 mo-

247 2905 363 2968 menta
386 2905 578 2992 temporum
597 2917 667 2990 que
685 2897 773 2970 inter
787 2897 935 2970 Francos
954 2897 1127 2992 litigantes
1143 2897 1179 2968 in
1191 2895 1335 2990 judiciis
1354 2895 1520 2970 hactenus
1538 2917 1661 2968 serva-

247 3019 387 3110 bantur,
402 3042 535 3094 necnon
545 3021 713 3116 quasdam
727 3021 814 3094 alias
825 3021 968 3094 subtiles
979 3023 1236 3096 observationes
1250 3031 1317 3096 tam
1332 3023 1368 3094 in
1381 3021 1543 3096 civilibus
1554 3043 1658 3116 quam

248 3145 486 3218 criminalibus
511 3146 625 3220 causis
651 3145 910 3219 submovemus.
939 3148 1067 3220 Ponam
1083 3147 1187 3220 etiam
1207 3170 1267 3242 per
1283 3169 1387 3242 quam
1412 3147 1562 3220 Francus
1580 3155 1660 3220 ante

246 3269 340 3342 litem
352 3281 574 3345 contestatam
585 3283 772 3344 contumax
782 3273 881 3347 bonis
892 3273 1078 3346 mobilibus
1088 3273 1250 3346 omnibus
1260 3274 1473 3368 privabatur,
1487 3275 1522 3344 in
1534 3293 1658 3368 penam

249 3395 345 3468 tertie
363 3395 470 3490 partis
488 3397 667 3469 mobilium
683 3407 799 3471 nostra
816 3398 1058 3471 constitutione
1074 3407 1267 3472 contentam
1281 3397 1443 3470 volumus
1457 3419 1532 3470 esse
1547 3407 1660 3470 bans

248 3519 372 3592 lusam.
395 3520 485 3594 lllud
511 3521 735 3595 nibilominus
754 3523 868 3618 (quod
891 3523 1050 3596 acerbius
1071 3520 1290 3620 reputamus)
1312 3521 1461 3619 presenti
1481 3523 1559 3616 lege
1580 3542 1660 3594 cor-

248 3642 411 3736 rigimus,
432 3644 593 3719 videlicet
618 3646 716 3741 qnod
735 3649 885 3722 Francus
904 3649 963 3720 lite
984 3671 1064 3721 cum
1082 3669 1123 3721 eo
1146 3649 1181 3720 in
1201 3649 1444 3745 pecuniaribos
1464 3647 1583 3719 litibus
1601 3647 1662 3718 vel

249 3763 284 3834 in
309 3767 423 3839 causis
445 3768 681 3842 criminalibus
704 3779 890 3844 contestata
917 3781 1126 3862 contumax,
1153 3772 1280 3844 bonam
1299 3773 1354 3843 vel
1374 3771 1499 3843 malam
1517 3790 1659 3842 causam

248 3887 384 3980 babeat,
403 3891 514 3986 ipsam
529 3893 675 3966 amittat.
697 3895 769 3967 Hoc
785 3895 875 3968 enim
894 3904 929 3967 et
946 3895 991 3968 ab
1010 3895 1105 3968 omni
1123 3896 1256 3990 justitie
1275 3897 1409 3969 tramite
1433 3893 1605 3990 discrepat
1624 3903 1659 3967 ct

288 4090 331 4172 (u)
351 4093 460 4156 Graece
478 4095 542 4157 :lle
563 4093 715 4159 abolitione
730 4117 842 4178 poenae
861 4100 1055 4162 mtumadue
1074 4119 1095 4160 u
1114 4101 1236 4161 haurd
1247 4100 1371 4179 potitur.
1391 4099 1427 4160 ln
1447 4099 1515 4160 cod.
1531 4107 1609 4160 tuat
1631 4099 1657 4160 Α

247 4201 344 4260 minus
355 4209 424 4279 apte
438 4219 447 4261 t
463 4203 506 4264 De
518 4220 578 4264 noo
589 4203 720 4268 duleudo
732 4204 901 4269 danuam
912 4224 1102 4287 perronna-arm
1113 4207 1147 4268 lo
1153 4206 1283 4289 judiciis.

289 4304 329 4387 (l)
351 4309 397 4370 lte
409 4310 441 4368 tn
454 4310 521 4372 uod.
537 4321 636 4386 46253
652 4329 702 4390 up.
717 4313 839 4374 Gmcanl
850 4312 1071 4395 acpwdtuteuu
1087 4317 1187 4376 mlnuu
1201 4323 1291 4376 recte.

289 4412 324 4489 (c)
349 4413 399 4474 Slc
412 4416 445 4474 ln
458 4415 524 4476 cod.
537 4425 627 4478 46²6.
638 4418 673 4478 In
686 4433 791 4497 graeco
803 4419 981 4492 κουιντζάνας,
991 4436 1109 4482 exvoce
1119 4421 1225 4500 gallica
1234 4421 1401 4503 corazaim.
1411 4421 1447 4480 ln
1461 4419 1557 4481 Palat.
1571 4419 1656 4501 pacto-

250 4519 358 4580 zooca‘ur
365 4543 374 4591 ;
388 4522 421 4580 in
435 4521 585 4600 suganap.
598 4525 793 4606 melopaeiam
806 4527 886 4588 unde
909 4545 962 4604 per
983 4531 1201 4606 corruptionem
1219 4529 1378 4590 maeotim
1385 4548 1402 4605 ;
1413 4527 1492 4606 quud
1505 4528 1536 4588 ln
1550 4543 1653 4588 moen·

249 4625 368 4688 tloribns
380 4626 559 4690 editiombm
571 4629 734 4694 admissum
748 4629 859 4696 lrn'stra
873 4633 1001 4713 Canglus
1014 4637 1199 4713 interpretari
1209 4637 1292 4698 ulcus
1302 4643 1358 4714 cot,
1368 4635 1440 4696 dum
1451 4651 1483 4696 se
1495 4634 1533 4696 ad
1543 4651 1573 4695 v.
1583 4649 1654 4694 uat-

250 4731 355 4793 csotlar
370 4733 488 4796 rctsrut.

324 4839 379 4902 IV·
1461 4860 1496 4912 ra
