4298 5906
721 607 847 670 neunt
870 607 1056 672 slcltlnb.

562 851 701 926 LIBER
725 853 800 944 lll,
826 854 1029 928 TITULUS
1057 853 1232 928 xxvlll.

707 1019 755 1090 Do
773 1019 852 1112 filiis
875 1021 1077 1092 obesorum.

238 1181 463 1271 tiodericus,
487 1189 570 1274 etc,
593 1178 731 1254 Andree
757 1181 856 1275 regni
885 1183 992 1254 nostri
1018 1181 1134 1255 Sicilie
1159 1181 1332 1277 logothete
1355 1189 1390 1255 et
1417 1181 1603 1276 justitiario

190 1305 381 1402 provincie,
402 1313 469 1378 etc.
486 1303 500 1398 (
520 1303 641 1403 ')(l).
660 1304 756 1378 Sicut
778 1305 976 1401 accepimus
1000 1318 1195 1379 nostrorum
1213 1307 1351 1380 servitia
1370 1302 1600 1397 subditorum,

191 1440 227 1505 et
252 1431 361 1526 ipsos,
387 1430 523 1526 quoties
553 1426 714 1526 expedit,
741 1426 788 1502 ad
810 1437 927 1502 nostra
949 1429 1111 1504 mandata
1136 1440 1169 1502 et
1193 1431 1408 1528 beneplacita
1428 1440 1544 1504 nostra
1567 1430 1603 1502 in

191 1557 349 1652 personis
367 1565 402 1630 et
430 1556 535 1629 rebus
562 1553 739 1652 expositos
765 1553 980 1646 invenimus;
1008 1555 1054 1628 ita
1080 1563 1211 1651 spectat
1235 1555 1282 1628 ad
1310 1555 1417 1628 nostri
1445 1555 1605 1627 culminis

192 1681 395 1776 dignitatem
421 1681 575 1778 ipsorum
600 1679 781 1753 commode
805 1678 913 1774 digna
935 1680 1132 1776 provisione
1152 1702 1314 1776 pensare,
1335 1690 1373 1752 ut
1390 1680 1420 1752 si
1437 1680 1517 1775 quis
1535 1679 1605 1752 de-

192 1807 302 1879 iectus
332 1805 518 1902 impediat,
553 1805 753 1879 auctoritato
788 1803 894 1876 nostri
927 1815 1078 1877 remotus
1106 1805 1233 1893 edicti,
1262 1804 1482 1877 commodum
1511 1805 1606 1878 curie

192 1941 308 2004 nostre
322 1930 503 2026 proveniat
518 1929 571 2028 (o)
587 1927 681 2002 unde
704 1937 898 2002 nostrorum
914 1927 1066 2002 fidelium
1090 1929 1217 2001 utilitas
1239 1939 1453 2024 procuratur.
1474 1929 1525 2002 De
1542 1950 1604 2002 or-

193 2053 371 2129 dinatione
394 2055 499 2150 igitur
524 2065 639 2128 nostra
662 2053 819 2150 procedit
845 2065 884 2126 ut
909 2053 989 2148 quia
1017 2053 1078 2124 litii
1102 2053 1304 2126 clericorum
1330 2055 1365 2124 in
1395 2053 1545 2151 paternis
1572 2065 1607 2128 et

194 2179 358 2252 maternis
375 2179 476 2254 bonis
491 2181 547 2254 vel
567 2179 670 2252 rebus
693 2201 755 2275 pro
775 2178 929 2274 legitimo
951 2179 1088 2251 delectu
1110 2179 1275 2251 natalium
1295 2179 1354 2271 jus
1377 2179 1607 2252 successionis

194 2304 372 2398 amittunt,
391 2301 559 2378 beneficio
578 2303 684 2396 curio,
700 2301 746 2378 de
761 2303 938 2400 potestatis
955 2301 1171 2399 plenitudine
1187 2325 1293 2398 quem
1312 2303 1500 2398 babemus,
1517 2303 1607 2376 sub-

196 2429 354 2502 veniatur
378 2427 509 2503 eisdem
527 2427 595 2525 (2),
616 2438 654 2500 ut
672 2449 714 2502 ea
739 2449 809 2524 que
833 2450 893 2525 per
919 2428 1170 2502 successionem
1195 2429 1323 2502 habere
1349 2451 1419 2503 non
1443 2439 1603 2526 possunt,

237 2603 280 2685 (o)
300 2607 338 2668 ln
350 2606 487 2670 Palsttno
499 2607 657 2670 monstras
667 2605 747 2668 curis
758 2602 827 2666 inde
834 2605 1003 2688 maniat,
1017 2603 1104 2682 unde,
1118 2612 1176 2669 eto.
1187 2593 1297 2670 Sensus
1313 2622 1385 2668 vero
1395 2621 1456 2668 non
1468 2607 1608 2686 integrior

196 2711 324 2775 videtur.

232 3003 269 3079 (ι)
286 3005 362 3062 llaeo
374 3004 498 3064 addimus
514 3021 548 3064 er
560 3006 695 3066 munseo
709 3005 744 3064 de
761 3005 888 3078 Afflictis,
900 3013 921 3064 t.
937 3007 964 3078 1,
979 3005 1055 3064 mbr.
1070 3009 1115 3077 89,
1135 3021 1163 3080 p.
1176 3007 1240 3076 tlt,
1255 3005 1302 3078 qui
1315 3005 1432 3064 babebat
1445 3005 1525 3063 istam
1538 3021 1609 3064 con·

197 3102 364 3161 stitutionem
383 3103 411 3160 in
430 3119 481 3162 suo
502 3103 609 3175 codiee,
622 3120 685 3162 oum
702 3104 755 3162 boo
775 3104 862 3164 titulo,
878 3104 955 3162 Unde
974 3103 1083 3162 bravius
1102 3108 1192 3160 notat:
1205 3123 1218 3157 ι
1232 3103 1299 3160 Erat
1311 3103 1454 3162 videndum
1475 3103 1510 3162 de
1522 3103 1608 3162 officio

197 3198 347 3274 logothetae
360 3201 432 3258 circa
446 3199 514 3260 filios
527 3201 784 3276 presbyterorum.»

233 3295 269 3370 (2)
287 3297 425 3368 Quomodo
436 3297 472 3356 ad
483 3295 701 3371 legitimatiouem
712 3298 876 3372 spuriorum,
886 3304 941 3356 tam
954 3296 1145 3372 apresbyteris
1158 3312 1241 3372 quam
1253 3313 1271 3355 a
1284 3296 1359 3356 laicis
1369 3297 1451 3356 etiam
1462 3298 1609 3372 conjugatis

197 3395 356 3467 genitorum,
370 3395 515 3470 imperator
525 3395 659 3454 interdum
670 3397 840 3470 processerit,
853 3402 896 3454 set
906 3396 977 3453 bene
991 3395 1075 3470 liquet
1085 3411 1120 3452 ex
1132 3394 1237 3453 duobus
1246 3393 1401 3470 privilegiis,
1414 3411 1484 3470 quae
1495 3396 1609 3454 multum

198 3493 234 3550 ad
254 3500 439 3567 argumentum
456 3499 579 3552 nostmm
596 3499 734 3569 praestare
746 3494 939 3552 existimamus.
957 3493 1075 3550 Primum
1088 3493 1165 3550 adest
1183 3493 1254 3550 inter
1266 3494 1343 3550 Petra·
1356 3493 1388 3550 do
1407 3493 1468 3550 Via.
1481 3493 1611 3568 Epistol„

198 3589 247 3648 lib.
264 3592 317 3661 Vl,
335 3607 395 3668 cup.
409 3591 484 3664 XVI,
501 3591 561 3650 coll.
576 3607 639 3648 curm
660 3592 720 3650 ood.
736 3593 822 3650 Puris.
839 3591 919 3664 Bibl,
935 3591 1023 3648 Funde
1041 3591 1284 3662 Sciet-Germoio,
1300 3606 1330 3648 ιιο
1346 3593 1410 3662 tte,
1425 3598 1456 3648 ut
1469 3591 1608 3666 sequitur:

200 3687 396 3762 «tredennis,
410 3695 463 3748 eto.
478 3689 593 3764 Dignum
607 3705 667 3747 esse
684 3688 851 3748 densavimus
864 3695 892 3747 et
904 3695 1114 3748 consentaneum
1128 3689 1237 3760 rationi,
1253 3696 1284 3746 ut
1303 3689 1321 3746 ii
1340 3705 1407 3763 quos
1426 3688 1559 3746 interdum
1581 3687 1609 3746 in

201 3804 215 3838 s
231 3785 354 3858 legitimis
366 3789 472 3846 actibus
482 3788 605 3846 delectus
618 3787 748 3846 natalium
761 3787 872 3862 impedit
876 3829 884 3858 ,
898 3787 1095 3862 legitimationis
1109 3787 1211 3845 honore
1223 3804 1272 3864 per
1285 3787 1431 3862 prinoipem
1440 3792 1608 3861 reparentur,

201 3900 215 3932 ι
231 3887 260 3938 et
269 3882 293 3940 si
305 3884 414 3956 quando
425 3900 509 3960 super
521 3883 564 3944 bis
574 3883 720 3959 imperialis
735 3885 811 3942 lavor
823 3883 939 3943 fidelium
952 3901 1062 3942 suorum
1082 3885 1276 3961 supplicatione
1295 3884 1449 3960 requiritur,
1466 3883 1610 3942 liberaliter

201 3995 216 4030 ι
231 3978 365 4053 largiatur.
381 3981 446 4040 Inde
457 3987 500 4040 est
511 3983 583 4056 quod
595 3999 658 4040 cum
672 3983 799 4056 magister
811 3983 963 4042 Theodinus
974 3983 1009 4041 de
1019 3983 1109 4056 Curia,
1124 3984 1247 4054 clericus,
1262 3983 1348 4040 tidelis
1361 3988 1462 4054 noster,
1477 3999 1526 4058 pro
1539 3982 1606 4057 legi·

201 4095 216 4129 s
231 4079 367 4136 limatione
378 4079 420 4150 l’.,
432 4079 474 4152 S.,
487 4080 522 4138 G.
537 4085 566 4138 et
575 4081 613 4139 ll.
626 4079 740 4139 liborum
754 4097 874 4152 suorum,
886 4097 955 4158 quos
966 4082 1025 4157 ipss
1037 4082 1139 4140 dudum
1152 4083 1180 4139 in
1194 4081 1278 4140 sacris
1287 4081 1423 4138 ordinibus
1437 4080 1609 4150 constitutus,

157 4227 167 4247 „
201 4177 347 4252 sexltog.
366 4178 512 4236 desudem
531 4183 617 4251 tona,
637 4179 749 4238 muliere
769 4181 870 4253 soluta,
890 4197 920 4240 se
938 4181 1036 4239 asserit
1054 4181 1192 4254 genuisse,
1210 4179 1342 4254 majestati
1363 4185 1454 4238 nostre
1474 4178 1611 4238 humiliter

202 4291 216 4324 ι
231 4273 403 4347 srpplioavit;
417 4291 467 4334 nos
484 4275 723 4351 supplicationibus
741 4278 798 4336 suis
817 4278 961 4352 benignius
979 4279 1113 4346 inclinati,
1127 4278 1262 4352 predictos
1332 4277 1366 4336 de
1379 4277 1543 4352 plenitudine
1557 4295 1607 4354 po-

202 4373 334 4429 stestatis
346 4378 456 4446 nostre,
470 4379 499 4430 et
510 4389 543 4431 ex
559 4380 634 4432 carta
647 4375 759 4433 scientia
779 4391 826 4434 eos
847 4377 953 4450 spurios
971 4391 1033 4435 esse
1053 4377 1181 4448 scisntm,
1197 4375 1389 4449 legitimamus,
1403 4381 1432 4432 et
1451 4375 1540 4434 omnia
1550 4376 1613 4450 jura

202 4485 218 4520 s
231 4467 347 4540 legitima
356 4469 521 4529 restituimus
534 4489 541 4528 :
556 4479 586 4530 ut
598 4479 727 4549 tanquam
740 4473 850 4547 legitimi
863 4480 891 4532 et
902 4474 1019 4548 legitimo
1030 4474 1108 4532 thoro
1122 4474 1194 4546 neti,
1207 4474 1235 4530 in
1248 4473 1326 4532 bouis
1338 4473 1457 4548 paternis
1470 4479 1498 4532 et
1508 4479 1610 4530 mater-

204 4583 219 4618 s
234 4565 292 4637 nis,
306 4585 358 4642 que
373 4569 489 4628 leudalie
510 4586 566 4628 uon
587 4571 718 4644 existunt,
734 4573 891 4646 suoeedant,
910 4579 939 4630 et
953 4573 987 4630 ad
998 4589 1093 4630 omnes
1107 4579 1184 4630 actus
1200 4571 1323 4647 publicos
1336 4577 1365 4630 et
1377 4571 1469 4630 civiles
1481 4571 1611 4644 bonores,

203 4681 219 4716 s
234 4661 260 4720 si
275 4679 351 4722 cesos
374 4681 405 4726 se
417 4666 571 4741 ingesserit,
586 4669 770 4743 admittantur,
786 4677 814 4728 et
827 4670 855 4727 in
869 4671 993 4728 omnibus
1007 4669 1068 4730 aliis
1081 4687 1160 4729 suam
1173 4671 1257 4730 libem
1270 4669 1395 4746 prosequi
1415 4669 1522 4728 valeant
1535 4669 1615 4727 aetio-

204 4777 313 4837 ruem3
327 4765 476 4841 objectione
490 4769 573 4842 prolis
586 4769 675 4827 illicite
695 4768 723 4826 in
740 4776 877 4844 postemm
890 4769 1056 4846 quassante,
1076 4775 1105 4828 et
1122 4769 1180 4843 lege
1200 4771 1290 4844 aliqua
1310 4784 1364 4828 non
1383 4768 1520 4840 obstante,
1535 4773 1562 4826 et
1583 4783 1616 4826 ea

303 4865 356 4930 1v.
1416 4876 1456 4930 ²9
