4288 5912
216 549 315 614 truc.
331 547 401 625 6.]’
665 539 865 608 HISTORIA
887 535 1181 602 draconarius
1566 537 1631 600 451.

216 685 267 764 sic
285 679 431 778 prolatio
447 685 665 772 expresserat
685 674 804 765 intima
831 673 986 763 veritatis
1003 672 1053 768 (a)
1075 694 1144 768 que
1154 669 1245 766 juris
1264 671 1502 766 solempnitas,
1517 672 1625 768 „rigor

212 806 346 901 J'ustitie
361 810 395 879 et
410 796 731 892 condempnationis
747 805 869 886 exacte
887 795 1056 874 sententia
1067 803 1254 892 pateretur.
1263 794 1405 886 Verum,
1422 802 1461 884 ut
1475 797 1625 891 speranti

215 926 406 1023 dliopatris
419 921 573 1021 provisio
584 941 655 999 nnn
669 921 821 1012 deesset,
838 918 1000 993 dominus
1011 939 1102 1015 papa
1114 916 1161 992 ad
1179 917 1271 1001 illius
1281 916 1395 1008 statim
1410 917 1626 1012 providentie

217 1050 410 1128 remedium
431 1069 470 1122 se
492 1045 676 1132 convertit,
698 1043 743 1118 de
764 1043 996 1138 compromissi
1013 1051 1053 1132 ut
1068 1042 1181 1138 potuit
1195 1043 1304 1132 forma
1324 1039 1514 1136 suscipieris
1529 1041 1637 1136 qnod,

219 1171 398 1269 descripti
413 1168 463 1267 (d)
478 1169 566 1262 jnris
582 1167 745 1261 suffragio
760 1166 1054 1240 nonhabebst.1n
1070 1166 1138 1238 hiis
1155 1185 1294 1261 quoque
1311 1163 1494 1237 consilium
1508 1186 1623 1238 meum

217 1297 420 1390 nondeinit,
431 1305 466 1368 et
479 1292 784 1386 consideratisque
795 1289 1044 1365 consideranda
1057 1289 1234 1382 videbam,
1247 1287 1379 1362 credidi
1393 1289 1622 1384 profuturnm.

217 1422 304 1512 Sed,
325 1430 366 1494 ut
380 1419 502 1509 video,
522 1415 691 1508 contingit
706 1412 880 1488 interdum
892 1413 987 1508 quod
1000 1412 1072 1508 spei
1088 1413 1198 1507 gratie
1209 1433 1278 1486 non
1292 1411 1449 1487 succedit
1464 1419 1623 1504 eventus,

218 1543 439 1619 etcommoda
446 1539 661 1638 procurantis
675 1538 818 1612 affectus
830 1537 1018 1633 gratiosum
1035 1558 1104 1610 non
1122 1536 1254 1628 invenit
1272 1535 1513 1630 recognitionis
1523 1534 1626 1609 effec-

218 1679 306 1743 tum.
324 1667 485 1740 Ceterum
500 1663 690 1759 ntquerele
706 1663 843 1736 tollatur
857 1662 1037 1746 occasiost
1051 1661 1232 1749 admiratio
1246 1682 1386 1735 caumm
1399 1680 1468 1732 non
1485 1659 1624 1751 habeat,

218 1793 248 1866 si
267 1789 498 1886 magnitudini
518 1798 632 1863 vestre
647 1787 830 1884 placuerit,
858 1785 962 1858 credo
980 1784 1076 1880 quod
1088 1785 1211 1881 poterit
1224 1783 1399 1880 provideri
1415 1792 1453 1856 ut
1470 1783 1516 1856 ad
1528 1783 1626 1854 illurn

217 1924 345 1988 statum
370 1912 548 2006 negotium
571 1910 758 1986 reducatur
784 1911 821 1982 in
849 1930 920 2005 quo
950 1917 1101 2004 tempore
1126 1907 1331 2004 provisionis
1359 1907 1451 1981 edite
1476 1906 1627 1980 noscitur

217 2039 385 2114 extitisse.
476 2086 479 2094 ·

439 2261 466 2270 .—
471 2260 551 2270 ..ι-ιι..
555 2260 577 2268 -ι
585 2251 1406 2268 mnu—“mm

268 2529 500 2640 Fridericus,
520 2531 780 2614 Romanorum
800 2531 1020 2640 imperator,
1042 2531 1224 2642 Gregorio
1240 2555 1361 2640 papae
1382 2538 1517 2612 notum
1534 2527 1624 2611 facit
1654 2545 1832 2602 truncum

1680 2601 1789 2646 Johmnt·

216 2689 256 2747 se
273 2690 343 2773 pro
361 2675 468 2773 parte
486 2691 555 2748 sun
573 2675 611 2748 et
628 2665 696 2746 filii
715 2666 774 2748 sui
792 2675 917 2748 raum
933 2665 1074 2748 habere
1092 2665 1345 2774 provisionem
1361 2665 1410 2748 ab
1428 2665 1511 2774 ipso
1524 2689 1623 2772 papa
1673 2656 1699 2697 ¹⁴
1710 2635 1807 2708 ‘uel-

215 2795 354 2906 lectam
374 2823 487 2907 snper
504 2797 696 2882 discordia
713 2799 812 2881 inter
830 2824 871 2882 se
888 2807 926 2882 et
942 2797 1192 2882 lombardiae
1210 2797 1426 2880 societatem
1441 2805 1620 2881 vertente.

297 3007 459 3087 (llemorat
476 3011 507 3070 in
518 3009 631 3072 Samot.
637 3007 815 3092 privilegien.
824 3005 904 3070 sat.
920 3009 999 3070 Rom.
1013 3026 1050 3070 ex
1065 3009 1132 3071 cod.
1147 3008 1228 3070 card.
1244 3008 1382 3070 Ottobon.
1397 3025 1448 3086 ap.
1461 3009 1621 3082 Msnrsrvn,

334 3113 468 3196 Amplior.
486 3112 564 3190 coll,
586 3123 610 3178 t.
626 3117 672 3196 11,
689 3117 746 3178 col.
771 3125 914 3192 ttae-47,
933 3121 968 3210 et⁸
979 3117 1011 3176 ln
1026 3111 1121 3175 Catal.
1143 3111 1427 3176 clart.d'ccl.1iom.
1445 3131 1494 3191 ap.
1510 3113 1621 3178 Mults·

333 3237 414 3297 rom,
424 3222 569 3304 Antiquit.
585 3219 651 3283 reat
667 3219 742 3282 med.
755 3223 828 3299 oevi,
839 3229 863 3284 t.
875 3223 928 3298 Vl,
940 3240 971 3300 p.
983 3232 1033 3296 86,
1044 3221 1095 3284 ubi
1106 3219 1619 3301 noteechronologlcaeexhibentur,

334 3333 365 3388 et
377 3345 466 3390 aurea
475 3328 558 3391 bullo
570 3329 711 3407 notatur.)

260 3515 384 3588 Littera
402 3515 559 3610 ejusdem
578 3517 743 3592 Friderici
763 3517 978 3612 imperatoris
993 3515 1155 3612 regisque
1170 3515 1355 3589 Jerusalem
1374 3522 1410 3586 et
1425 3511 1538 3586 Sicilie
1558 3511 1620 3586 do·

211 3638 307 3712 mino
321 3638 484 3733 Gregorio
499 3663 588 3736 pape
606 3641 735 3714 directa
753 3642 933 3716 continens
950 3640 1063 3737 quod,
1081 3641 1170 3712 sicut
1192 3641 1268 3736 ipse
1289 3640 1472 3735 imperator
1492 3637 1618 3731 scripto

211 3761 415 3857 promiserat
445 3763 490 3837 de
511 3785 654 3838 suornm
677 3765 873 3861 principum
897 3774 932 3839 et
955 3765 1093 3838 Henrioi
1113 3763 1174 3836 filii
1197 3765 1251 3837 sui
1276 3765 1506 3848 Romanorum
1526 3759 1617 3855 regis

211 3906 380 3960 consensu
394 3895 485 3962 stare
495 3889 703 3962 ordinationi
715 3890 865 3964 Ecclesia
876 3889 922 3962 de
938 3889 1033 3962 omni
1048 3887 1195 3983 eoquod
1199 3939 1411 3960 ......
1444 3935 1450 3946 -
1482 3939 1492 3956 .
1523 3939 1532 3956 .
1563 3937 1572 3958 .
1604 3935 1614 3954 .

211 4031 314 4104 super
326 4010 498 4085 discordia
510 4021 665 4096 vertente
676 4014 765 4088 inter
777 4014 891 4110 ipsum
904 4014 1142 4108 imperatorem
1154 4010 1365 4106 etqucsdam
1377 4010 1619 4085 universitates

211 4133 434 4227 Lombardie,
461 4157 609 4231 quarum
629 4138 770 4212 nomina
791 4139 828 4210 in
844 4137 1080 4233 compromissi
1100 4136 1189 4210 serie
1200 4143 1280 4208 sunt
1293 4156 1476 4232 expressa,
1500 4133 1616 4230 provi·

212 4255 344 4340 sionem
363 4258 447 4332 dicti
459 4261 591 4334 domini
609 4284 700 4359 pape
716 4284 820 4358 super
835 4262 902 4336 hoc
915 4263 1058 4354 lacum,
1081 4260 1210 4334 scilicet
1226 4258 1323 4356 quod
1340 4260 1432 4333 dicte
1445 4257 1617 4332 universi·

212 4387 296 4454 tates
309 4380 354 4455 ad
370 4382 533 4458 honorem
547 4387 610 4460 Ilei
626 4397 660 4460 et
676 4387 827 4461 Ecclesia
845 4407 887 4460 ac
904 4385 1040 4483 imperii
1060 4393 1239 4460 teneantur
1256 4385 1293 4460 in
1307 4385 1507 4480 quingentis
1521 4383 1615 4474 mili-

248 4553 291 4634 (a)
314 4558 349 4618 ln
363 4558 429 4618 cod.
447 4560 669 4642 eoosprndatio
682 4571 861 4644 musnet
874 4550 1135 4629 cantaverimus.

250 4659 291 4742 p)
311 4663 346 4724 rn
360 4665 426 4726 eor.
443 4675 521 4729 seor
535 4669 640 4732 strare
