4298 5906
285 600 382 662 imru.
397 600 442 679 5.]
729 599 926 665 ntsroutlt
949 599 1242 664 btrnottnrtcn
1634 597 1695 662 ιιι

285 735 480 829 generalem
503 734 636 808 ιιιιιιιι
653 735 694 806 ιι
717 735 898 828 Ravenna,
920 755 1003 810 cum
1023 759 1106 832 rege
1122 734 1300 808 Alemanis
1318 733 1389 808 otio
1408 735 1587 807 'nostro'et
1612 735 1695 806 uni-

285 859 395 934 versis
411 859 547 956 imperii
537 859 778 958 principibus
790 863 864 936 vita
877 863 1002 936 comite
1019 862 1094 936 siue
1111 861 1248 964 delectu
1264 859 1417 954 quolibet
1435 857 1692 945 celebrandam

287 983 458 1058 desiderio
476 1006 612 1097 summo
631 986 780 1058 zelantes
798 986 846 1094 ιιι
863 987 1026 1094 honorem
1041 986 1103 1092 Ilei
1124 994 1159 1058 et
1174 957 1386 1080 imperialem
1404 983 1549 1083 gratiam
1574 1003 1695 1080 paoem

285 1109 556 1181 universalem
546 1089 682 1206 imperii
711 1085 921 1198 reformare
933 1083 1135 1212 disponere
1164 1119 1290 1210 statum
1319 1107 1414 1206 ltalia
1439 1129 1640 1204 prosperum
1663 1117 1698 1179 ιι

286 1207 530 1328 tranquillum,
542 1233 666 1308 sedare
679 1209 825 1308 discidia
847 1235 1004 1308 civitates
1022 1236 1111 1308 iuter
1127 1243 1162 1308 ιι
1179 1244 1278 1308 extra
1296 1233 1462 1306 lerventia
1481 1242 1516 1306 et
1531 1233 1620 1306 inter
1635 1232 1696 1304 vi·-

286 1357 381 1429 cinos
403 1358 550 1454 populos
575 1378 713 1432 omnem
736 1357 907 1432 turbinem
928 1368 964 1432 et
983 1358 1055 1431 odii
1078 1359 1229 1432 fomitem
1250 1377 1422 1430 amovere
1443 1357 1592 1452 Tempus
1614 1355 1698 1430 ido-

285 1501 390 1554 neum
415 1503 492 1556 esse
520 1481 728 1556 confidimus
754 1503 826 1578 quo
857 1493 971 1556 vestra
998 1494 1034 1556 ιι
1060 1482 1307 1556 universalium
1337 1481 1490 1559 omnium
1522 1490 1604 1554 vota
1632 1480 1699 1576 piis

286 1589 424 1678 monitis
448 1615 564 1680 nostre
581 1607 856 1680 mansuetudinis
879 1607 1029 1682 debeant
1056 1607 1257 1698 convenire,
1280 1615 1319 1678 ut
1344 1616 1393 1680 ιιι
1420 1605 1698 1678 incumbentibus

286 1727 537 1806 dissentionum
559 1731 749 1826 malisque
772 1731 900 1828 passim
925 1741 960 1806 ιι
982 1732 1120 1830 publice
1144 1731 1299 1804 civitates
1320 1740 1355 1803 et
1372 1732 1517 1826 populos
1538 1732 1573 1804 in
1593 1731 1699 1804 deso-

288 1854 447 1930 lationem
476 1855 675 1952 impellunt,
707 1877 777 1952 qus
800 1857 961 1930 intestina
988 1866 1023 1930 at
1051 1859 1235 1953 plusquam
1268 1855 1384 1928 civilia
1412 1856 1501 1928 bella
1536 1865 1694 1940 movent,

280 1980 366 2074 ‘finis
389 1980 529 2054 debitus
550 1982 758 2077 imponatur.
781 1983 852 2084 Nos
879 1983 971 2056 enim
997 2004 1076 2054 cum
1101 1981 1196 2054 omui
1219 1980 1403 2054 serenitate
1427 1979 1542 2052 cordis
1562 1989 1598 2051 et
1616 1999 1699 2053 cor-
1756 2066 1757 2069 Ἴ

286 2105 379 2200 poris
401 2104 449 2178 ad
466 2107 576 2202 ipsius
595 2107 827 2180 celebritatem
842 2108 937 2180 curie
956 2117 1113 2180 auctores
1129 2106 1226 2202 pacis
1246 2105 1409 2180 noveritis
1429 2104 1612 2194 advenire,
1637 2127 1699 2200 pro

288 2227 512 2324 dispositione
539 2239 649 2304 status
672 2231 806 2328 imperii
831 2240 866 2304 ιι
886 2230 1158 2304 dissensionibus
1177 2229 1432 2320 ammovendis,
1454 2251 1532 2304 cum
1557 2230 1700 2320 consilio

288 2353 413 2424 summi
431 2353 620 2448 pontilicis,
640 2353 833 2428 assistentia
851 2353 1046 2451 principum
1064 2363 1099 2426 ιι
1116 2363 1310 2426 nostrorum
1330 2352 1526 2448 provisione
1544 2352 1700 2430 fidelium

286 2477 473 2573 procedere
498 2487 739 2574 proponentes.
765 2479 982 2574 Quapropter
1006 2479 1220 2552 universitati
1247 2486 1361 2552 vestre
1377 2479 1442 2552 sub
1468 2478 1585 2567 debito
1608 2480 1701 2556 lide·

290 2600 394 2674 litatis
424 2624 495 2698 quo
523 2603 623 2675 nobis
644 2613 679 2676 et
710 2603 855 2706 imperio
886 2603 1050 2706 tenemini
1080 2603 1222 2678 firmiter
1244 2603 1468 2700 precipiendo
1496 2605 1702 2681 mandamus

284 2726 451 2822 ¹quatinus
474 2727 609 2821 eligatis
629 2727 675 2802 de
699 2729 875 2800 communi
894 2737 1009 2802 vestro
1027 2728 1120 2802 uiros
1141 2727 1330 2801 industrios
1350 2737 1385 2800 et
1403 2729 1545 2824 peritos,
1564 2739 1649 2822 quot
1668 2739 1702 2802 et

290 2851 407 2944 quales
431 2851 588 2924 videritis
611 2851 794 2948 expedire,
816 2873 887 2926 nna
911 2874 990 2926 cum
1014 2861 1182 2950 potestate
1210 2861 1324 2924 vestra
1348 2851 1531 2925 mittendos
1557 2852 1603 2924 ad
1628 2853 1700 2924 ιιι-

289 2994 401 3078 ιιιιι
419 2975 549 3048 ιιιιιιι
571 2985 806 3072 pretaxatam,
825 2976 887 3072 qui
903 2977 1045 3049 veniant
1061 2975 1214 3050 omnium
1233 2986 1388 3050 vestrum
1404 2975 1604 3048 auctoritate
1621 2997 1700 3070 pro-

288 3098 361 3170 vidi
380 3071 512 3172 ιιιιιιιι
537 3100 774 3175 moderatione
790 3102 955 3192 sublulti,
976 3124 1046 3198 qua
1063 3103 1270 3174 sufficienter
1291 3101 1428 3176 valeant
1447 3099 1571 3172 nostris
1588 3101 1699 3173 oollo-

289 3223 379 3316 quiis
402 3233 438 3296 et
451 3223 758 3326 ordinationibus
749 3237 931 3318 interesse;
957 3227 1141 3322 prudentia
1161 3235 1196 3298 et
1215 3226 1343 3297 virtute
1359 3225 1534 3320 conspicui
1554 3225 1699 3320 utquid

283 3347 334 3442 ,de
351 3320 565 3444 promotione
584 3359 694 3422 status
711 3323 846 3446 imperii
870 3361 904 3424 et
923 3351 1168 3446 tranquillitate
1190 3350 1295 3424 totius
1318 3351 1412 3426 ltelie
1435 3351 1537 3444 luerit
1552 3371 1615 3447 per
1631 3371 1700 3444 ge,-

290 3475 403 3548 uerale
415 3476 635 3578 ¹colloquium
654 3477 899 3576 approbatum,
921 3499 984 3576 pro
1003 3487 1100 3575 parte
1118 3500 1182 3552 sua
1198 3487 1238 3551 et.
1254 3488 1369 3552 nostra
1389 3477 1498 3564 sciant
1515 3486 1550 3550 et
1569 3477 1700 3572 possint

285 3599 472 3696 ¹diligenter
488 3601 642 3696 implore.

505 3895 998 3908 -t-un-n—nvw--n--qouuautumnum-a·-
1009 3899 1062 3906 ...ιι
1072 3897 1196 3906 ..n-amau·—
1204 3899 1267 3908 -0-1—
1276 3897 1477 3908 *unna-nuent·-

343 4177 545 4290 Gregorius
563 4207 663 4290 papa
677 4181 955 4268 Vercellensiet
970 4184 1155 4268 Brixiensi
1174 4185 1359 4295 episcopis
1377 4185 1569 4296 electoque
1587 4187 1699 4272 Mau·
1724 4249 1789 4292 2⁷
1766 4194 1851 4304 ἕξις,
1827 4226 1903 4294 „qm

288 4321 405 4394 tuauo
431 4313 561 4396 scribit
586 4316 713 4423 quod,
731 4321 820 4400 uum
842 4318 1072 4425 Fridericus,
1093 4319 1380 4402 Romanorum
1370 4329 1588 4428 imperator,
1610 4348 1698 4404 oum

288 4440 367 4525 fibo
384 4441 467 4552 ejus
485 4455 523 4527 et
540 4445 788 4532 Alemauuiee
813 4451 1048 4560 principibus
1074 4451 1307 4562 colloquium
1325 4451 1365 4532 in
1384 4453 1556 4560 partibus
1574 4454 1697 4538 Lom-

287 4573 443 4660 bardiae
459 4577 600 4664 habere
618 4581 810 4691 intendat,
829 4585 902 4695 ipsi
919 4597 1100 4668 moneant
1116 4597 1280 4668 rectores
1298 4585 1491 4670 Societatis
1509 4585 1699 4672 bombar-
1722 4603 1725 4614 '
1748 4656 1751 4664 .

288 4709 373 4794 diae
389 4737 439 4796 ue
456 4714 551 4824 quid
566 4716 826 4828 impedimenti
844 4720 935 4802 buic
951 4720 1142 4829 colloquio
1160 4718 1331 4804 afferant.
