4298 5906
699 589 825 652 auom
850 586 1040 650 SICILIAE.
1355 605 1356 609 ’
1516 595 1578 660 223

158 726 283 799 bilium
313 723 362 823 (a)
384 723 618 820 publicatione
638 723 835 798 damnetur.
857 725 1015 797 Ceterum
1038 743 1083 795 ue
1103 721 1244 818 prelati,
1270 725 1410 799 comites
1432 729 1490 801 vel
1517 731 1580 804 ba-

157 869 260 924 runes
286 871 349 924 eeu
376 847 523 944 quilibet
550 847 610 922 alii
639 849 834 926 detentores
861 847 1041 922 occasione
1068 848 1237 944 presentis
1263 852 1515 926 constitutionis
1542 855 1579 928 in

159 974 437 1071 possessionibus
469 982 704 1069 aggraventur
732 997 821 1070 quas
842 982 1021 1046 revocatos
1045 973 1090 1044 ab
1119 971 1204 1070 ipsis
1232 983 1347 1048 tancre
1376 979 1579 1072 contigerit,

160 1097 246 1171 dum
277 1097 362 1171 alibi
386 1106 638 1172 commorantes
662 1098 938 1196 possessionibus
965 1097 1051 1192 ipsis
1078 1097 1186 1172 libere
1214 1101 1449 1196 perfruantur,
1477 1113 1512 1178 et
1535 1127 1581 1179 na

159 1223 313 1296 revocati
338 1221 484 1319 predicti
512 1243 574 1319 per
596 1245 660 1296 nos
686 1223 942 1320 possessionum
965 1241 1108 1294 suarum
1131 1223 1363 1298 emolumento
1381 1227 1574 1322 priventur,

160 1344 249 1420 doru
267 1347 353 1443 ipsis
371 1347 423 1420 uti
441 1369 510 1422 non
526 1347 805 1444 permittantura
827 1346 978 1421 dominis
995 1347 1051 1422 vel
1069 1345 1120 1420 uti
1140 1347 1375 1444 nequiverint,
1394 1349 1442 1425 ad
1464 1372 1582 1429 remo-

159 1471 250 1544 tiore
272 1471 417 1546 torsitan
442 1472 520 1546 loca
545 1473 715 1564 translati;
736 1473 893 1568 utrisque
914 1472 1062 1547 discreta
1080 1472 1277 1569 provisione
1299 1474 1515 1569 providimus
1540 1491 1580 1553 ut

160 1595 278 1688 rigore
289 1597 381 1690 juris
399 1597 594 1670 communis
611 1598 648 1670 in
666 1597 734 1670 hac
751 1607 847 1694 parte
869 1595 998 1692 sopito,
1020 1597 1173 1672 revocati
1191 1598 1422 1693 possessiones
1438 1603 1577 1678 easdem

161 1719 363 1794 hominibus
391 1720 469 1794 aliis
496 1721 638 1794 vasallis
668 1721 804 1817 pristini
830 1721 1016 1796 detentoris
1041 1721 1232 1796 distrahere
1260 1725 1526 1821 compellantur,
1545 1739 1580 1802 et

124 1877 135 1900 ·
162 1842 297 1916 domini
312 1845 462 1919 vasallos
480 1867 564 1920 suos
581 1867 696 1922 emere
711 1847 807 1940 justo
824 1845 934 1943 pretio
952 1844 1175 1921 distrahenda
1188 1845 1236 1944 (l)
1253 1849 1471 1946 compellant.

575 2115 719 2192 LIBEII
747 2117 818 2210 lIl,
846 2116 1049 2188 T1TULUS
1076 2115 1160 2188 XII.

506 2269 554 2339 Dc
570 2291 636 2340 non
653 2269 871 2364 opprimendis
889 2267 1025 2340 caralita
1042 2291 1066 2338 o
1084 2267 1235 2340 domirtd.

213 2417 367 2492 Presenti
390 2419 631 2494 constitutione
649 2421 868 2494 decernimus
890 2430 928 2492 ut
952 2404 1068 2492 nullus
1085 2420 1303 2494 dominorum
1323 2423 1472 2496 vasallos
1496 2447 1578 2500 suos

166 2553 284 2616 contra
304 2545 472 2636 justitiam
497 2545 669 2642 opprimat
692 2547 748 2618 vel
768 2546 815 2618 ab
831 2545 881 2618 eis
904 2555 1021 2618 contra
1040 2545 1316 2619 constitutionem
1337 2557 1487 2622 nostram
1508 2551 1578 2622 illi-

167 2669 274 2741 citum
289 2670 434 2743 auferat.
455 2670 559 2756 Quod
579 2672 639 2766 qni
658 2671 788 2762 lecerit,
810 2692 982 2766 expensas
997 2671 1129 2744 vasallo
1145 2693 1209 2744 suo
1229 2671 1352 2745 victuri
1371 2675 1532 2748 resarciat
1547 2686 1580 2749 et

168 2792 270 2867 ablati
288 2792 437 2892 duplum
453 2793 549 2870 curie
565 2805 680 2869 nostre
697 2805 891 2891 componat.
907 2797 1063 2868 Vasallus
1078 2805 1193 2868 autem
1209 2798 1270 2890 qui
1284 2797 1465 2871 dominum
1477 2823 1579 2873 suum

168 2918 347 2994 occasione
370 2919 526 3018 predicta
555 2931 672 2996 contra
695 2921 865 3014 justitIam
888 2922 1052 3016 impetere
1076 2921 1290 2996 calumniose
1316 2925 1515 3016 tentaverit,
1543 2925 1579 2998 in

170 3046 333 3140 expensis
363 3045 486 3120 victori
518 3046 660 3121 domino
694 3047 953 3120 condemnetur.
978 3048 1035 3119 Sic
1059 3047 1150 3119 enim
1187 3047 1325 3142 utrique
1348 3050 1577 3145 consulimus,

170 3167 253 3242 dum
271 3171 460 3268 nequitiam
478 3171 610 3246 domini
628 3182 663 3246 et
680 3173 802 3246 vasalli
821 3171 1027 3245 calumniam
1043 3169 1327 3245 condemnamus.

223 3755 241 3851 ᾗ
267 3743 348 3830 XII.
376 3746 672 3832 Constitutiones
702 3771 816 3857 super
847 3743 1063 3829 conditione
1093 3741 1338 3844 clericorum,
1367 3737 1507 3822 scilicet
1536 3735 1585 3819 de

173 3873 438 3964 beneficiorum
455 3881 696 3992 pluralitate,
720 3881 769 3965 de
789 3879 878 3961 filiis
905 3877 1213 3989 presbyterorum
1236 3875 1286 3958 ed
1308 3871 1584 3957 successi0uem

174 4023 367 4120 paternam
386 4015 649 4122 admittendis,
666 4015 714 4099 de
736 4015 881 4099 clericis
908 4013 949 4096 in
976 4012 1076 4097 clviii
1097 4011 1242 4123 judicio
1259 4003 1586 4119 responsuriS,de

175 4143 286 4230 rebus
302 4147 505 4234 stabilibus
523 4149 573 4234 ab
589 4149 756 4236 ecclesiis
774 4147 875 4231 iufra
893 4173 1036 4231 annum
1054 4143 1276 4231 vendendis.

255 4344 401 4426 (Primum
413 4349 625 4414 momontum
638 4353 795 4412 inserimus
807 4367 847 4412 aa
859 4351 1011 4412 Murano
1022 4355 1054 4412 ct
1066 4349 1208 4422 Domo,
1221 4340 1358 4426 Ampliat.
1369 4338 1491 4420 eluet,
1504 4347 1529 4404 t.
1542 4339 1586 4418 II,
1600 4401 1608 4412 ,

290 4455 732 4536 cot.1rsr,n·ce,cott.cum
754 4457 821 4520 eod.
842 4457 983 4522 Bibttoth.
1002 4451 1209 4538 Paru.‚semtr
1231 4455 1265 4517 S.
1284 4451 1437 4526 omacio,
1461 4459 1494 4511 n⁰
1514 4455 1584 4528 use,

220 4621 258 4704 (⁰)
277 4627 360 4692 Ailou
378 4627 578 4708 imatobiliara,
590 4633 690 4693 minus
702 4636 792 4693 racto.

224 4728 261 4812 p)
280 4735 593 4816 tremensem
607 4741 756 4818 rupted
780 4735 975 4802 terraenae.
