<?xml version="1.0" encoding="UTF-8"?>
<!DOCTYPE html PUBLIC "-//W3C//DTD XHTML 1.0 Transitional//EN"
    "http://www.w3.org/TR/xhtml1/DTD/xhtml1-transitional.dtd">
<html xmlns="http://www.w3.org/1999/xhtml" xml:lang="en" lang="en">
 <head>
  <title>
</title>
<meta http-equiv="Content-Type" content="text/html;charset=utf-8" />
  <meta name='ocr-system' content='tesseract 3.04.00' />
  <meta name='ocr-capabilities' content='ocr_page ocr_carea ocr_par ocr_line ocrx_word'/>
</head>
<body>
  <div class='ocr_page' id='page_1' title='image "./historiadiploma07fredgoog_0068.png"; bbox 0 0 4372 5918; ppageno 0'>
   <div class='ocr_carea' id='block_1_1' title="bbox 489 581 1372 654">
    <p class='ocr_par' dir='ltr' id='par_1_1' title="bbox 489 581 1372 654">
     <span class='ocr_line' id='line_1_1' title="bbox 489 581 1372 654; baseline -0.005 -1"><span class='ocrx_word' id='word_1_1' title='bbox 489 581 531 644; x_wconf 74' lang='lat'>52</span> <span class='ocrx_word' id='word_1_2' title='bbox 1020 585 1372 654; x_wconf 70' lang='lat' dir='ltr'>constitutiones</span> 
     </span>
    </p>
   </div>
   <div class='ocr_carea' id='block_1_2' title="bbox 483 719 1899 1692">
    <p class='ocr_par' dir='ltr' id='par_1_2' title="bbox 483 719 1899 1692">
     <span class='ocr_line' id='line_1_2' title="bbox 491 719 1899 824; baseline 0.004 -32"><span class='ocrx_word' id='word_1_3' title='bbox 491 729 606 793; x_wconf 90' lang='lat' dir='ltr'>nostro</span> <span class='ocrx_word' id='word_1_4' title='bbox 623 731 658 794; x_wconf 92' lang='lat' dir='ltr'>et</span> <span class='ocrx_word' id='word_1_5' title='bbox 671 722 805 814; x_wconf 86' lang='lat' dir='ltr'>justitie</span> <span class='ocrx_word' id='word_1_6' title='bbox 820 723 1013 800; x_wconf 81' lang='lat' dir='ltr'>deferentes</span> <span class='ocrx_word' id='word_1_7' title='bbox 1030 725 1094 824; x_wconf 86' lang='lat' dir='ltr'>(a),</span> <span class='ocrx_word' id='word_1_8' title='bbox 1110 723 1345 800; x_wconf 86' lang='lat' dir='ltr'>confirmando</span> <span class='ocrx_word' id='word_1_9' title='bbox 1363 721 1423 796; x_wconf 86' lang='lat' dir='ltr'>vel</span> <span class='ocrx_word' id='word_1_10' title='bbox 1438 719 1646 794; x_wconf 85' lang='lat' dir='ltr'>infirmando</span> <span class='ocrx_word' id='word_1_11' title='bbox 1659 721 1807 817; x_wconf 91' lang='lat' dir='ltr'>priorem</span> <span class='ocrx_word' id='word_1_12' title='bbox 1822 745 1899 797; x_wconf 90' lang='lat' dir='ltr'>sen·</span> 
     </span>
     <span class='ocr_line' id='line_1_3' title="bbox 492 843 1898 948; baseline 0.006 -34"><span class='ocrx_word' id='word_1_13' title='bbox 492 843 652 938; x_wconf 88' lang='lat' dir='ltr'>tentiam,</span> <span class='ocrx_word' id='word_1_14' title='bbox 673 846 835 923; x_wconf 84' lang='lat' dir='ltr'>decidere</span> <span class='ocrx_word' id='word_1_15' title='bbox 849 860 1051 946; x_wconf 84' lang='lat' dir='ltr'>procurent3</span> <span class='ocrx_word' id='word_1_16' title='bbox 1075 849 1172 948; x_wconf 88' lang='lat' dir='ltr'>quod</span> <span class='ocrx_word' id='word_1_17' title='bbox 1197 870 1267 924; x_wconf 92' lang='lat' dir='ltr'>non</span> <span class='ocrx_word' id='word_1_18' title='bbox 1294 847 1406 922; x_wconf 88' lang='lat' dir='ltr'>solum</span> <span class='ocrx_word' id='word_1_19' title='bbox 1433 846 1469 918; x_wconf 94' lang='lat' dir='ltr'>in</span> <span class='ocrx_word' id='word_1_20' title='bbox 1494 845 1637 938; x_wconf 88' lang='lat' dir='ltr'>judiciis</span> <span class='ocrx_word' id='word_1_21' title='bbox 1663 847 1898 942; x_wconf 71' lang='lat' dir='ltr'>cognitionum</span> 
     </span>
     <span class='ocr_line' id='line_1_4' title="bbox 486 970 1899 1072; baseline 0.006 -34"><span class='ocrx_word' id='word_1_22' title='bbox 486 976 694 1060; x_wconf 87' lang='lat' dir='ltr'>nostrarum,</span> <span class='ocrx_word' id='word_1_23' title='bbox 713 971 775 1045; x_wconf 89' lang='lat' dir='ltr'>sed</span> <span class='ocrx_word' id='word_1_24' title='bbox 797 972 833 1044; x_wconf 92' lang='lat' dir='ltr'>in</span> <span class='ocrx_word' id='word_1_25' title='bbox 850 975 927 1048; x_wconf 87' lang='lat' dir='ltr'>aliis</span> <span class='ocrx_word' id='word_1_26' title='bbox 940 976 1043 1049; x_wconf 90' lang='lat' dir='ltr'>etiam</span> <span class='ocrx_word' id='word_1_27' title='bbox 1057 975 1262 1070; x_wconf 79' lang='lat' dir='ltr'>generaliter</span> <span class='ocrx_word' id='word_1_28' title='bbox 1277 971 1366 1072; x_wconf 88' lang='lat' dir='ltr'>[sive</span> <span class='ocrx_word' id='word_1_29' title='bbox 1385 970 1611 1066; x_wconf 80' lang='lat' dir='ltr'>delegationis</span> <span class='ocrx_word' id='word_1_30' title='bbox 1629 972 1709 1064; x_wconf 85' lang='lat' dir='ltr'>jure</span> <span class='ocrx_word' id='word_1_31' title='bbox 1730 974 1806 1046; x_wconf 86' lang='lat' dir='ltr'>sive</span> <span class='ocrx_word' id='word_1_32' title='bbox 1821 974 1899 1066; x_wconf 87' lang='lat' dir='ltr'>jure</span> 
     </span>
     <span class='ocr_line' id='line_1_5' title="bbox 484 1091 1897 1196; baseline 0.005 -32"><span class='ocrx_word' id='word_1_33' title='bbox 484 1091 659 1166; x_wconf 91' lang='lat' dir='ltr'>ordinario</span> <span class='ocrx_word' id='word_1_34' title='bbox 673 1106 915 1191; x_wconf 89' lang='lat' dir='ltr'>cognoscatur,</span> <span class='ocrx_word' id='word_1_35' title='bbox 931 1095 1193 1196; x_wconf 90' lang='lat' dir='ltr'>inviolabiliter]</span> <span class='ocrx_word' id='word_1_36' title='bbox 1209 1101 1370 1173; x_wconf 86' lang='lat' dir='ltr'>volumus</span> <span class='ocrx_word' id='word_1_37' title='bbox 1387 1095 1547 1169; x_wconf 90' lang='lat' dir='ltr'>obtineri.</span> <span class='ocrx_word' id='word_1_38' title='bbox 1564 1097 1606 1168; x_wconf 85' lang='lat' dir='ltr'>Et</span> <span class='ocrx_word' id='word_1_39' title='bbox 1624 1107 1663 1168; x_wconf 92' lang='lat' dir='ltr'>ut</span> <span class='ocrx_word' id='word_1_40' title='bbox 1684 1098 1797 1172; x_wconf 89' lang='lat' dir='ltr'>omnis</span> <span class='ocrx_word' id='word_1_41' title='bbox 1823 1119 1897 1171; x_wconf 93' lang='lat' dir='ltr'>om·</span> 
     </span>
     <span class='ocr_line' id='line_1_6' title="bbox 485 1215 1897 1322; baseline 0.006 -35"><span class='ocrx_word' id='word_1_42' title='bbox 485 1215 566 1290; x_wconf 92' lang='lat' dir='ltr'>nino</span> <span class='ocrx_word' id='word_1_43' title='bbox 584 1217 629 1292; x_wconf 91' lang='lat' dir='ltr'>ab</span> <span class='ocrx_word' id='word_1_44' title='bbox 646 1220 832 1296; x_wconf 88' lang='lat' dir='ltr'>antedictis</span> <span class='ocrx_word' id='word_1_45' title='bbox 839 1223 981 1318; x_wconf 88' lang='lat' dir='ltr'>judiciis</span> <span class='ocrx_word' id='word_1_46' title='bbox 1002 1223 1045 1322; x_wconf 82' lang='lat' dir='ltr'>(b)</span> <span class='ocrx_word' id='word_1_47' title='bbox 1064 1225 1173 1321; x_wconf 85' lang='lat' dir='ltr'>possit</span> <span class='ocrx_word' id='word_1_48' title='bbox 1188 1223 1310 1298; x_wconf 87' lang='lat' dir='ltr'>abesse</span> <span class='ocrx_word' id='word_1_49' title='bbox 1327 1221 1505 1312; x_wconf 73' lang='lat' dir='ltr'>dubietas,</span> <span class='ocrx_word' id='word_1_50' title='bbox 1526 1221 1667 1294; x_wconf 85' lang='lat' dir='ltr'>comites</span> <span class='ocrx_word' id='word_1_51' title='bbox 1692 1231 1726 1294; x_wconf 87' lang='lat' dir='ltr'>et</span> <span class='ocrx_word' id='word_1_52' title='bbox 1751 1221 1897 1297; x_wconf 86' lang='lat' dir='ltr'>barones</span> 
     </span>
     <span class='ocr_line' id='line_1_7' title="bbox 483 1343 1896 1446; baseline 0.006 -33"><span class='ocrx_word' id='word_1_53' title='bbox 483 1351 518 1414; x_wconf 92' lang='lat' dir='ltr'>et</span> <span class='ocrx_word' id='word_1_54' title='bbox 539 1343 668 1417; x_wconf 88' lang='lat' dir='ltr'>similes</span> <span class='ocrx_word' id='word_1_55' title='bbox 693 1355 728 1418; x_wconf 92' lang='lat' dir='ltr'>et</span> <span class='ocrx_word' id='word_1_56' title='bbox 747 1345 790 1444; x_wconf 86' lang='lat' dir='ltr'>(c)</span> <span class='ocrx_word' id='word_1_57' title='bbox 808 1348 870 1444; x_wconf 91' lang='lat' dir='ltr'>qui</span> <span class='ocrx_word' id='word_1_58' title='bbox 896 1351 952 1424; x_wconf 92' lang='lat' dir='ltr'>vel</span> <span class='ocrx_word' id='word_1_59' title='bbox 977 1350 1013 1422; x_wconf 93' lang='lat' dir='ltr'>in</span> <span class='ocrx_word' id='word_1_60' title='bbox 1035 1372 1161 1446; x_wconf 87' lang='lat' dir='ltr'>magna</span> <span class='ocrx_word' id='word_1_61' title='bbox 1194 1349 1291 1422; x_wconf 90' lang='lat' dir='ltr'>ouria</span> <span class='ocrx_word' id='word_1_62' title='bbox 1316 1355 1431 1420; x_wconf 81' lang='lat' dir='ltr'>nostm</span> <span class='ocrx_word' id='word_1_63' title='bbox 1455 1346 1512 1419; x_wconf 89' lang='lat' dir='ltr'>vel</span> <span class='ocrx_word' id='word_1_64' title='bbox 1537 1345 1618 1418; x_wconf 92' lang='lat' dir='ltr'>alibi</span> <span class='ocrx_word' id='word_1_65' title='bbox 1645 1345 1824 1420; x_wconf 87' lang='lat' dir='ltr'>debebunt</span> <span class='ocrx_word' id='word_1_66' title='bbox 1851 1347 1896 1421; x_wconf 88' lang='lat' dir='ltr'>de</span> 
     </span>
     <span class='ocr_line' id='line_1_8' title="bbox 485 1469 1896 1572; baseline 0.005 -33"><span class='ocrx_word' id='word_1_67' title='bbox 485 1477 598 1541; x_wconf 88' lang='lat' dir='ltr'>cetero</span> <span class='ocrx_word' id='word_1_68' title='bbox 616 1469 781 1544; x_wconf 89' lang='lat' dir='ltr'>interesse</span> <span class='ocrx_word' id='word_1_69' title='bbox 795 1474 993 1563; x_wconf 89' lang='lat' dir='ltr'>sententiis,</span> <span class='ocrx_word' id='word_1_70' title='bbox 1011 1475 1204 1572; x_wconf 90' lang='lat' dir='ltr'>corporalia</span> <span class='ocrx_word' id='word_1_71' title='bbox 1218 1473 1381 1546; x_wconf 83' lang='lat' dir='ltr'>volumus</span> <span class='ocrx_word' id='word_1_72' title='bbox 1398 1479 1610 1544; x_wconf 91' lang='lat' dir='ltr'>sacramenta</span> <span class='ocrx_word' id='word_1_73' title='bbox 1632 1481 1784 1566; x_wconf 90' lang='lat' dir='ltr'>prestare</span> <span class='ocrx_word' id='word_1_74' title='bbox 1800 1471 1896 1568; x_wconf 89' lang='lat' dir='ltr'>quod</span> 
     </span>
     <span class='ocr_line' id='line_1_9' title="bbox 484 1590 1896 1692; baseline 0.003 -28"><span class='ocrx_word' id='word_1_75' title='bbox 484 1590 530 1664; x_wconf 86' lang='lat' dir='ltr'>do</span> <span class='ocrx_word' id='word_1_76' title='bbox 562 1615 648 1688; x_wconf 90' lang='lat' dir='ltr'>pure</span> <span class='ocrx_word' id='word_1_77' title='bbox 680 1595 888 1669; x_wconf 87' lang='lat' dir='ltr'>conscientie</span> <span class='ocrx_word' id='word_1_78' title='bbox 918 1599 1065 1692; x_wconf 88' lang='lat' dir='ltr'>gremio,</span> <span class='ocrx_word' id='word_1_79' title='bbox 1089 1598 1175 1671; x_wconf 93' lang='lat' dir='ltr'>nulli</span> <span class='ocrx_word' id='word_1_80' title='bbox 1200 1596 1310 1670; x_wconf 86' lang='lat' dir='ltr'>lavori</span> <span class='ocrx_word' id='word_1_81' title='bbox 1335 1595 1392 1668; x_wconf 83' lang='lat' dir='ltr'>vel</span> <span class='ocrx_word' id='word_1_82' title='bbox 1418 1593 1528 1688; x_wconf 87' lang='lat' dir='ltr'>gratie</span> <span class='ocrx_word' id='word_1_83' title='bbox 1562 1593 1766 1678; x_wconf 83' lang='lat' dir='ltr'>deferentes,</span> <span class='ocrx_word' id='word_1_84' title='bbox 1793 1597 1896 1688; x_wconf 81' lang='lat' dir='ltr'>juxta</span> 
     </span>
    </p>
   </div>
   <div class='ocr_carea' id='block_1_3' title="bbox 484 1717 1895 1942">
    <p class='ocr_par' dir='ltr' id='par_1_3' title="bbox 484 1717 1895 1942">
     <span class='ocr_line' id='line_1_10' title="bbox 484 1717 1895 1822; baseline 0.001 -32"><span class='ocrx_word' id='word_1_85' title='bbox 484 1718 731 1793; x_wconf 87' lang='lat' dir='ltr'>sacratissimus</span> <span class='ocrx_word' id='word_1_86' title='bbox 751 1721 1032 1817; x_wconf 87' lang='lat' dir='ltr'>predecessorum</span> <span class='ocrx_word' id='word_1_87' title='bbox 1056 1733 1247 1797; x_wconf 89' lang='lat' dir='ltr'>nostrorum</span> <span class='ocrx_word' id='word_1_88' title='bbox 1268 1719 1404 1822; x_wconf 83' lang='lat' dir='ltr'>[regum</span> <span class='ocrx_word' id='word_1_89' title='bbox 1417 1717 1545 1818; x_wconf 89' lang='lat' dir='ltr'>Sicilie]</span> <span class='ocrx_word' id='word_1_90' title='bbox 1563 1729 1598 1793; x_wconf 88' lang='lat' dir='ltr'>et</span> <span class='ocrx_word' id='word_1_91' title='bbox 1615 1719 1722 1792; x_wconf 92' lang='lat' dir='ltr'>nostri</span> <span class='ocrx_word' id='word_1_92' title='bbox 1748 1719 1895 1793; x_wconf 92' lang='lat' dir='ltr'>nominis</span> 
     </span>
     <span class='ocr_line' id='line_1_11' title="bbox 485 1839 1894 1942; baseline 0.001 -30"><span class='ocrx_word' id='word_1_93' title='bbox 485 1840 680 1916; x_wconf 89' lang='lat' dir='ltr'>sanctiones</span> <span class='ocrx_word' id='word_1_94' title='bbox 701 1865 743 1916; x_wconf 90' lang='lat' dir='ltr'>ac</span> <span class='ocrx_word' id='word_1_95' title='bbox 769 1839 910 1942; x_wconf 88' lang='lat' dir='ltr'>[deinde</span> <span class='ocrx_word' id='word_1_96' title='bbox 936 1845 1128 1920; x_wconf 89' lang='lat' dir='ltr'>secundum</span> <span class='ocrx_word' id='word_1_97' title='bbox 1153 1845 1250 1940; x_wconf 90' lang='lat' dir='ltr'>regui</span> <span class='ocrx_word' id='word_1_98' title='bbox 1273 1845 1379 1917; x_wconf 89' lang='lat' dir='ltr'>nostri</span> <span class='ocrx_word' id='word_1_99' title='bbox 1394 1843 1551 1917; x_wconf 83' lang='lat' dir='ltr'>obtentas</span> <span class='ocrx_word' id='word_1_100' title='bbox 1567 1841 1835 1916; x_wconf 85' lang='lat' dir='ltr'>eonsuetudines</span> <span class='ocrx_word' id='word_1_101' title='bbox 1847 1841 1894 1942; x_wconf 90' lang='lat' dir='ltr'>et]</span> 
     </span>
    </p>
   </div>
   <div class='ocr_carea' id='block_1_4' title="bbox 394 1967 1895 2437">
    <p class='ocr_par' dir='ltr' id='par_1_4' title="bbox 394 1967 1895 2437">
     <span class='ocr_line' id='line_1_12' title="bbox 480 1967 1894 2064; baseline 0.001 -26"><span class='ocrx_word' id='word_1_102' title='bbox 480 1970 561 2062; x_wconf 90' lang='lat' dir='ltr'>jura</span> <span class='ocrx_word' id='word_1_103' title='bbox 587 1977 622 2040; x_wconf 89' lang='lat' dir='ltr'>et</span> <span class='ocrx_word' id='word_1_104' title='bbox 645 1978 816 2064; x_wconf 90' lang='lat' dir='ltr'>postremo</span> <span class='ocrx_word' id='word_1_105' title='bbox 835 1968 880 2043; x_wconf 89' lang='lat' dir='ltr'>de</span> <span class='ocrx_word' id='word_1_106' title='bbox 901 1971 1107 2044; x_wconf 87' lang='lat' dir='ltr'>conscientie</span> <span class='ocrx_word' id='word_1_107' title='bbox 1129 1981 1244 2044; x_wconf 90' lang='lat' dir='ltr'>nostre</span> <span class='ocrx_word' id='word_1_108' title='bbox 1268 1969 1430 2060; x_wconf 90' lang='lat' dir='ltr'>consilio,</span> <span class='ocrx_word' id='word_1_109' title='bbox 1453 1967 1641 2042; x_wconf 87' lang='lat' dir='ltr'>sententias</span> <span class='ocrx_word' id='word_1_110' title='bbox 1663 1968 1809 2040; x_wconf 77' lang='lat' dir='ltr'>formare</span> <span class='ocrx_word' id='word_1_111' title='bbox 1833 1989 1894 2041; x_wconf 91' lang='lat' dir='ltr'>ou·</span> 
     </span>
     <span class='ocr_line' id='line_1_13' title="bbox 485 2086 1895 2190; baseline 0.001 -28"><span class='ocrx_word' id='word_1_112' title='bbox 485 2090 623 2164; x_wconf 84' lang='lat' dir='ltr'>rabant.</span> <span class='ocrx_word' id='word_1_113' title='bbox 653 2091 827 2165; x_wconf 84' lang='lat' dir='ltr'>Sententia</span> <span class='ocrx_word' id='word_1_114' title='bbox 853 2105 965 2168; x_wconf 89' lang='lat' dir='ltr'>tamen</span> <span class='ocrx_word' id='word_1_115' title='bbox 992 2104 1168 2190; x_wconf 82' lang='lat' dir='ltr'>queunte</span> <span class='ocrx_word' id='word_1_116' title='bbox 1194 2103 1350 2189; x_wconf 87' lang='lat' dir='ltr'>tempora</span> <span class='ocrx_word' id='word_1_117' title='bbox 1375 2091 1542 2188; x_wconf 86' lang='lat' dir='ltr'>presentis</span> <span class='ocrx_word' id='word_1_118' title='bbox 1574 2090 1660 2185; x_wconf 89' lang='lat' dir='ltr'>legis</span> <span class='ocrx_word' id='word_1_119' title='bbox 1689 2086 1787 2188; x_wconf 89' lang='lat' dir='ltr'>[citra</span> <span class='ocrx_word' id='word_1_120' title='bbox 1817 2111 1895 2186; x_wconf 90' lang='lat' dir='ltr'>pre·</span> 
     </span>
     <span class='ocr_line' id='line_1_14' title="bbox 394 2213 1893 2316; baseline -0.001 -27"><span class='ocrx_word' id='word_1_121' title='bbox 394 2263 397 2270; x_wconf 84' lang='lat'>·</span> <span class='ocrx_word' id='word_1_122' title='bbox 486 2214 612 2289; x_wconf 89' lang='lat' dir='ltr'>dictam</span> <span class='ocrx_word' id='word_1_123' title='bbox 637 2213 796 2315; x_wconf 86' lang='lat' dir='ltr'>formam]</span> <span class='ocrx_word' id='word_1_124' title='bbox 812 2228 929 2292; x_wconf 87' lang='lat' dir='ltr'>contra</span> <span class='ocrx_word' id='word_1_125' title='bbox 951 2220 1094 2292; x_wconf 88' lang='lat' dir='ltr'>comites</span> <span class='ocrx_word' id='word_1_126' title='bbox 1112 2229 1146 2292; x_wconf 89' lang='lat' dir='ltr'>et</span> <span class='ocrx_word' id='word_1_127' title='bbox 1164 2219 1309 2293; x_wconf 88' lang='lat' dir='ltr'>barones</span> <span class='ocrx_word' id='word_1_128' title='bbox 1328 2215 1375 2316; x_wconf 89' lang='lat' dir='ltr'>[et</span> <span class='ocrx_word' id='word_1_129' title='bbox 1393 2213 1536 2314; x_wconf 88' lang='lat' dir='ltr'>similes]</span> <span class='ocrx_word' id='word_1_130' title='bbox 1559 2217 1627 2289; x_wconf 92' lang='lat' dir='ltr'>late</span> <span class='ocrx_word' id='word_1_131' title='bbox 1649 2224 1746 2308; x_wconf 89' lang='lat' dir='ltr'>sunt,</span> <span class='ocrx_word' id='word_1_132' title='bbox 1771 2215 1807 2286; x_wconf 92' lang='lat' dir='ltr'>in</span> <span class='ocrx_word' id='word_1_133' title='bbox 1829 2237 1893 2288; x_wconf 93' lang='lat' dir='ltr'>suo</span> 
     </span>
     <span class='ocr_line' id='line_1_15' title="bbox 483 2339 853 2437; baseline 0.005 -25"><span class='ocrx_word' id='word_1_134' title='bbox 483 2339 606 2415; x_wconf 91' lang='lat' dir='ltr'>robore</span> <span class='ocrx_word' id='word_1_135' title='bbox 622 2353 853 2437; x_wconf 84' lang='lat' dir='ltr'>perseverent.</span> 
     </span>
    </p>
   </div>
   <div class='ocr_carea' id='block_1_5' title="bbox 875 2603 1498 2706">
    <p class='ocr_par' dir='ltr' id='par_1_5' title="bbox 875 2603 1498 2706">
     <span class='ocr_line' id='line_1_16' title="bbox 875 2603 1498 2706; baseline -0.002 -30"><span class='ocrx_word' id='word_1_136' title='bbox 875 2605 1080 2680; x_wconf 82' lang='lat' dir='ltr'>rrronos</span> <span class='ocrx_word' id='word_1_137' title='bbox 1104 2605 1272 2678; x_wconf 85' lang='lat' dir='ltr'>xnvrn.</span> <span class='ocrx_word' id='word_1_138' title='bbox 1299 2609 1367 2679; x_wconf 84' lang='lat' dir='ltr'>no</span> <span class='ocrx_word' id='word_1_139' title='bbox 1390 2603 1498 2706; x_wconf 81' lang='lat' dir='ltr'>(ao).</span> 
     </span>
    </p>
   </div>
   <div class='ocr_carea' id='block_1_6' title="bbox 712 2797 1660 3063">
    <p class='ocr_par' dir='ltr' id='par_1_6' title="bbox 712 2797 1660 3063">
     <span class='ocr_line' id='line_1_17' title="bbox 712 2797 1660 2895; baseline 0.003 -29"><span class='ocrx_word' id='word_1_140' title='bbox 712 2798 760 2868; x_wconf 86' lang='lat' dir='ltr'>lle</span> <span class='ocrx_word' id='word_1_141' title='bbox 772 2797 941 2892; x_wconf 74' lang='lat' dir='ltr'>prohibitu</span> <span class='ocrx_word' id='word_1_142' title='bbox 959 2799 1150 2894; x_wconf 79' lang='lat' dir='ltr'>officialium</span> <span class='ocrx_word' id='word_1_143' title='bbox 1169 2809 1359 2871; x_wconf 75' lang='lat' dir='ltr'>nostrornm</span> <span class='ocrx_word' id='word_1_144' title='bbox 1372 2797 1579 2870; x_wconf 81' lang='lat' dir='ltr'>ordinatione</span> <span class='ocrx_word' id='word_1_145' title='bbox 1596 2799 1660 2895; x_wconf 64' lang='lat' dir='ltr'>(d).</span> 
     </span>
     <span class='ocr_line' id='line_1_18' title="bbox 1027 3012 1344 3063; baseline 0.009 -3"><span class='ocrx_word' id='word_1_146' title='bbox 1027 3013 1118 3060; x_wconf 85' lang='lat' dir='ltr'>nourr</span> <span class='ocrx_word' id='word_1_147' title='bbox 1143 3012 1344 3063; x_wconf 82' lang='lat' dir='ltr'>nouusrus.</span> 
     </span>
    </p>
   </div>
   <div class='ocr_carea' id='block_1_7' title="bbox 475 3178 1953 3656">
    <p class='ocr_par' dir='ltr' id='par_1_7' title="bbox 475 3178 1953 3656">
     <span class='ocr_line' id='line_1_19' title="bbox 528 3178 1890 3276; baseline 0.001 -26"><span class='ocrx_word' id='word_1_148' title='bbox 528 3180 656 3252; x_wconf 85' lang='lat' dir='ltr'>buram</span> <span class='ocrx_word' id='word_1_149' title='bbox 675 3189 710 3252; x_wconf 88' lang='lat' dir='ltr'>et</span> <span class='ocrx_word' id='word_1_150' title='bbox 724 3178 837 3253; x_wconf 91' lang='lat' dir='ltr'>diram</span> <span class='ocrx_word' id='word_1_151' title='bbox 856 3201 983 3276; x_wconf 89' lang='lat' dir='ltr'>penam</span> <span class='ocrx_word' id='word_1_152' title='bbox 1001 3191 1035 3254; x_wconf 89' lang='lat' dir='ltr'>et</span> <span class='ocrx_word' id='word_1_153' title='bbox 1056 3182 1214 3274; x_wconf 86' lang='lat' dir='ltr'>qualitati</span> <span class='ocrx_word' id='word_1_154' title='bbox 1235 3179 1350 3254; x_wconf 87' lang='lat' dir='ltr'>delicti</span> <span class='ocrx_word' id='word_1_155' title='bbox 1370 3181 1510 3254; x_wconf 88' lang='lat' dir='ltr'>minime</span> <span class='ocrx_word' id='word_1_156' title='bbox 1533 3187 1778 3274; x_wconf 80' lang='lat' dir='ltr'>congruentem</span> <span class='ocrx_word' id='word_1_157' title='bbox 1798 3179 1890 3272; x_wconf 88' lang='lat' dir='ltr'>regis</span> 
     </span>
     <span class='ocr_line' id='line_1_20' title="bbox 478 3300 1886 3401; baseline 0.002 -28"><span class='ocrx_word' id='word_1_158' title='bbox 478 3300 639 3376; x_wconf 86' lang='lat' dir='ltr'>Gulielmi</span> <span class='ocrx_word' id='word_1_159' title='bbox 658 3302 741 3377; x_wconf 86' lang='lat' dir='ltr'>diue</span> <span class='ocrx_word' id='word_1_160' title='bbox 755 3305 922 3378; x_wconf 91' lang='lat' dir='ltr'>memorie</span> <span class='ocrx_word' id='word_1_161' title='bbox 938 3303 984 3400; x_wconf 89' lang='lat' dir='ltr'>(c)</span> <span class='ocrx_word' id='word_1_162' title='bbox 1006 3307 1260 3401; x_wconf 88' lang='lat' dir='ltr'>predecessoris</span> <span class='ocrx_word' id='word_1_163' title='bbox 1285 3307 1391 3380; x_wconf 90' lang='lat' dir='ltr'>nostri</span> <span class='ocrx_word' id='word_1_164' title='bbox 1415 3306 1657 3378; x_wconf 87' lang='lat' dir='ltr'>constitutione</span> <span class='ocrx_word' id='word_1_165' title='bbox 1680 3314 1886 3390; x_wconf 88' lang='lat' dir='ltr'>contentam,</span> 
     </span>
     <span class='ocr_line' id='line_1_21' title="bbox 476 3427 1889 3528; baseline 0.002 -29"><span class='ocrx_word' id='word_1_166' title='bbox 476 3449 546 3524; x_wconf 84' lang='lat' dir='ltr'>qua</span> <span class='ocrx_word' id='word_1_167' title='bbox 569 3427 785 3502; x_wconf 88' lang='lat' dir='ltr'>ordinatores</span> <span class='ocrx_word' id='word_1_168' title='bbox 813 3439 847 3502; x_wconf 89' lang='lat' dir='ltr'>et</span> <span class='ocrx_word' id='word_1_169' title='bbox 872 3427 1022 3502; x_wconf 87' lang='lat' dir='ltr'>ordinati</span> <span class='ocrx_word' id='word_1_170' title='bbox 1046 3430 1082 3502; x_wconf 95' lang='lat' dir='ltr'>in</span> <span class='ocrx_word' id='word_1_171' title='bbox 1099 3431 1285 3504; x_wconf 87' lang='lat' dir='ltr'>vicariatus</span> <span class='ocrx_word' id='word_1_172' title='bbox 1307 3429 1356 3528; x_wconf 81' lang='lat' dir='ltr'>(s)</span> <span class='ocrx_word' id='word_1_173' title='bbox 1380 3441 1414 3504; x_wconf 89' lang='lat' dir='ltr'>et</span> <span class='ocrx_word' id='word_1_174' title='bbox 1433 3431 1681 3524; x_wconf 87' lang='lat' dir='ltr'>justiciariatus</span> <span class='ocrx_word' id='word_1_175' title='bbox 1704 3427 1817 3502; x_wconf 90' lang='lat' dir='ltr'>officio</span> <span class='ocrx_word' id='word_1_176' title='bbox 1839 3427 1889 3523; x_wconf 76' lang='lat' dir='ltr'>(p)</span> 
     </span>
     <span class='ocr_line' id='line_1_22' title="bbox 475 3552 1953 3656; baseline -0.001 -30"><span class='ocrx_word' id='word_1_177' title='bbox 475 3552 552 3627; x_wconf 91' lang='lat' dir='ltr'>sine</span> <span class='ocrx_word' id='word_1_178' title='bbox 568 3562 657 3628; x_wconf 91' lang='lat' dir='ltr'>nutu</span> <span class='ocrx_word' id='word_1_179' title='bbox 674 3562 710 3626; x_wconf 90' lang='lat' dir='ltr'>et</span> <span class='ocrx_word' id='word_1_180' title='bbox 726 3554 867 3626; x_wconf 88' lang='lat' dir='ltr'>lieentia</span> <span class='ocrx_word' id='word_1_181' title='bbox 881 3554 978 3648; x_wconf 86' lang='lat' dir='ltr'>regie</span> <span class='ocrx_word' id='word_1_182' title='bbox 993 3555 1170 3649; x_wconf 87' lang='lat' dir='ltr'>potestatis</span> <span class='ocrx_word' id='word_1_183' title='bbox 1184 3557 1323 3652; x_wconf 83' lang='lat' dir='ltr'>capitali</span> <span class='ocrx_word' id='word_1_184' title='bbox 1339 3556 1507 3630; x_wconf 88' lang='lat' dir='ltr'>sententia</span> <span class='ocrx_word' id='word_1_185' title='bbox 1523 3555 1704 3648; x_wconf 82' lang='lat' dir='ltr'>leniuntur,</span> <span class='ocrx_word' id='word_1_186' title='bbox 1720 3553 1889 3650; x_wconf 90' lang='lat' dir='ltr'>imperiali</span> <span class='ocrx_word' id='word_1_187' title='bbox 1945 3647 1953 3656; x_wconf 31' lang='grc' dir='ltr'>Ι</span> 
     </span>
    </p>
   </div>
   <div class='ocr_carea' id='block_1_8' title="bbox 469 3754 1886 4808">
    <p class='ocr_par' dir='ltr' id='par_1_8' title="bbox 470 3754 1886 3948">
     <span class='ocr_line' id='line_1_23' title="bbox 514 3754 1886 3842; baseline 0 -26"><span class='ocrx_word' id='word_1_188' title='bbox 514 3755 555 3836; x_wconf 86' lang='lat' dir='ltr'>(a)</span> <span class='ocrx_word' id='word_1_189' title='bbox 578 3757 747 3833; x_wconf 82' lang='lat' dir='ltr'>Plurallter,</span> <span class='ocrx_word' id='word_1_190' title='bbox 761 3755 975 3840; x_wconf 73' lang='lat' dir='ltr'>scillcetjudcx</span> <span class='ocrx_word' id='word_1_191' title='bbox 987 3755 1191 3839; x_wconf 73' lang='lat' dir='ltr'>appellationis</span> <span class='ocrx_word' id='word_1_192' title='bbox 1204 3766 1232 3822; x_wconf 79' lang='lat' dir='ltr'>ct</span> <span class='ocrx_word' id='word_1_193' title='bbox 1244 3761 1358 3822; x_wconf 76' lang='lat' dir='ltr'>comiter</span> <span class='ocrx_word' id='word_1_194' title='bbox 1370 3757 1405 3820; x_wconf 75' lang='lat' dir='ltr'>de</span> <span class='ocrx_word' id='word_1_195' title='bbox 1417 3757 1544 3821; x_wconf 66' lang='lat' dir='ltr'>cnsilio.</span> <span class='ocrx_word' id='word_1_196' title='bbox 1555 3759 1664 3822; x_wconf 86' lang='lat' dir='ltr'>Graece</span> <span class='ocrx_word' id='word_1_197' title='bbox 1677 3754 1886 3842; x_wconf 53' lang='grc' dir='ltr'><strong>ἀναφέροντες..</strong></span> 
     </span>
     <span class='ocr_line' id='line_1_24' title="bbox 470 3861 1721 3948; baseline 0.003 -24"><span class='ocrx_word' id='word_1_198' title='bbox 470 3861 654 3947; x_wconf 78' lang='grc' dir='ltr'>προνοήσεται.</span> <span class='ocrx_word' id='word_1_199' title='bbox 664 3865 801 3927; x_wconf 83' lang='lat' dir='ltr'>Forsitan</span> <span class='ocrx_word' id='word_1_200' title='bbox 818 3861 1000 3948; x_wconf 75' lang='grc' dir='ltr'>ἀναφερόντως</span> <span class='ocrx_word' id='word_1_201' title='bbox 1011 3865 1228 3948; x_wconf 82' lang='lat' dir='ltr'>adverbialiter,</span> <span class='ocrx_word' id='word_1_202' title='bbox 1245 3873 1279 3928; x_wconf 88' lang='lat' dir='ltr'>ut</span> <span class='ocrx_word' id='word_1_203' title='bbox 1292 3870 1387 3948; x_wconf 82' lang='lat' dir='ltr'>mugla</span> <span class='ocrx_word' id='word_1_204' title='bbox 1400 3869 1542 3946; x_wconf 83' lang='lat' dir='ltr'>singulari</span> <span class='ocrx_word' id='word_1_205' title='bbox 1553 3868 1721 3928; x_wconf 83' lang='lat' dir='ltr'>conueniat.</span> 
     </span>
    </p>

    <p class='ocr_par' dir='ltr' id='par_1_9' title="bbox 514 3965 1014 4054">
     <span class='ocr_line' id='line_1_25' title="bbox 514 3965 1014 4054; baseline 0.01 -26"><span class='ocrx_word' id='word_1_206' title='bbox 514 3965 555 4048; x_wconf 82' lang='lat' dir='ltr'>(d)</span> <span class='ocrx_word' id='word_1_207' title='bbox 577 3969 613 4030; x_wconf 95' lang='lat' dir='ltr'>In</span> <span class='ocrx_word' id='word_1_208' title='bbox 628 3985 733 4050; x_wconf 85' lang='lat' dir='ltr'>graeco</span> <span class='ocrx_word' id='word_1_209' title='bbox 746 3978 846 4033; x_wconf 83' lang='lat' dir='ltr'>autem</span> <span class='ocrx_word' id='word_1_210' title='bbox 855 3969 1014 4054; x_wconf 74' lang='lat' dir='ltr'>jndicibus.</span> 
     </span>
    </p>

    <p class='ocr_par' dir='ltr' id='par_1_10' title="bbox 512 4072 1151 4159">
     <span class='ocr_line' id='line_1_26' title="bbox 512 4072 1151 4159; baseline 0.008 -24"><span class='ocrx_word' id='word_1_211' title='bbox 512 4072 550 4154; x_wconf 87' lang='lat' dir='ltr'>(c)</span> <span class='ocrx_word' id='word_1_212' title='bbox 577 4077 620 4137; x_wconf 79' lang='lat' dir='ltr'>Et</span> <span class='ocrx_word' id='word_1_213' title='bbox 633 4076 715 4138; x_wconf 86' lang='lat' dir='ltr'>deest</span> <span class='ocrx_word' id='word_1_214' title='bbox 727 4079 759 4138; x_wconf 93' lang='lat' dir='ltr'>ln</span> <span class='ocrx_word' id='word_1_215' title='bbox 774 4079 842 4141; x_wconf 91' lang='lat' dir='ltr'>cod.</span> <span class='ocrx_word' id='word_1_216' title='bbox 858 4088 935 4140; x_wconf 74' lang='lat' dir='ltr'>toto</span> <span class='ocrx_word' id='word_1_217' title='bbox 950 4087 980 4140; x_wconf 87' lang='lat' dir='ltr'>et</span> <span class='ocrx_word' id='word_1_218' title='bbox 993 4084 1022 4140; x_wconf 89' lang='lat' dir='ltr'>in</span> <span class='ocrx_word' id='word_1_219' title='bbox 1037 4097 1151 4159; x_wconf 79' lang='lat' dir='ltr'>graeco.</span> 
     </span>
    </p>

    <p class='ocr_par' dir='ltr' id='par_1_11' title="bbox 469 4179 1886 4480">
     <span class='ocr_line' id='line_1_27' title="bbox 514 4179 1886 4273; baseline -0.001 -30"><span class='ocrx_word' id='word_1_220' title='bbox 514 4179 556 4261; x_wconf 74' lang='lat' dir='ltr'>(ul</span> <span class='ocrx_word' id='word_1_221' title='bbox 580 4183 726 4273; x_wconf 81' lang='lat' dir='ltr'>ineditis</span> <span class='ocrx_word' id='word_1_222' title='bbox 747 4187 907 4259; x_wconf 73' lang='lat' dir='ltr'>moncione,</span> <span class='ocrx_word' id='word_1_223' title='bbox 922 4189 1030 4265; x_wconf 85' lang='lat' dir='ltr'>inepte.</span> <span class='ocrx_word' id='word_1_224' title='bbox 1053 4189 1216 4250; x_wconf 85' lang='lat' dir='ltr'>carcanum</span> <span class='ocrx_word' id='word_1_225' title='bbox 1233 4192 1325 4250; x_wconf 86' lang='lat' dir='ltr'>secuti</span> <span class='ocrx_word' id='word_1_226' title='bbox 1348 4186 1529 4272; x_wconf 68' lang='lat' dir='ltr'>mdinntione</span> <span class='ocrx_word' id='word_1_227' title='bbox 1549 4187 1742 4250; x_wconf 86' lang='lat' dir='ltr'>admittimus.</span> <span class='ocrx_word' id='word_1_228' title='bbox 1758 4183 1886 4247; x_wconf 80' lang='lat' dir='ltr'>Graecus</span> 
     </span>
     <span class='ocr_line' id='line_1_28' title="bbox 470 4289 1886 4378; baseline 0.003 -29"><span class='ocrx_word' id='word_1_229' title='bbox 470 4289 561 4350; x_wconf 85' lang='lat' dir='ltr'>babet</span> <span class='ocrx_word' id='word_1_230' title='bbox 570 4290 627 4349; x_wconf 80' lang='lat' dir='ltr'>:lle</span> <span class='ocrx_word' id='word_1_231' title='bbox 635 4307 733 4370; x_wconf 75' lang='lat' dir='ltr'>poem</span> <span class='ocrx_word' id='word_1_232' title='bbox 745 4293 980 4354; x_wconf 72' lang='lat' dir='ltr'>constituentium</span> <span class='ocrx_word' id='word_1_233' title='bbox 991 4294 1111 4356; x_wconf 60' lang='lat' dir='ltr'>cunnos</span> <span class='ocrx_word' id='word_1_234' title='bbox 1123 4296 1156 4356; x_wconf 82' lang='lat' dir='ltr'>in</span> <span class='ocrx_word' id='word_1_235' title='bbox 1169 4293 1550 4378; x_wconf 72' lang='lat' dir='ltr'>‹uffica&#39;ojnrtitinriontntlu</span> <span class='ocrx_word' id='word_1_236' title='bbox 1559 4294 1717 4357; x_wconf 88' lang='lat' dir='ltr'>Barberlno</span> <span class='ocrx_word' id='word_1_237' title='bbox 1726 4291 1783 4353; x_wconf 81' lang='lat' dir='ltr'>:De</span> <span class='ocrx_word' id='word_1_238' title='bbox 1789 4305 1886 4370; x_wconf 75' lang='lat' dir='ltr'>pontu</span> 
     </span>
     <span class='ocr_line' id='line_1_29' title="bbox 469 4385 1609 4480; baseline 0.011 -25"><span class='ocrx_word' id='word_1_239' title='bbox 469 4396 648 4458; x_wconf 75' lang='lat' dir='ltr'>constitute.</span> <span class='ocrx_word' id='word_1_240' title='bbox 663 4398 1137 4480; x_wconf 75' lang='lat' dir='ltr'>tincmicntinrcpiucpotcrtntis.</span> <span class='ocrx_word' id='word_1_241' title='bbox 1607 4385 1609 4392; x_wconf 41' lang='grc'><em>’</em></span> 
     </span>
    </p>

    <p class='ocr_par' dir='ltr' id='par_1_12' title="bbox 513 4499 1828 4590">
     <span class='ocr_line' id='line_1_30' title="bbox 513 4499 1828 4590; baseline 0.005 -29"><span class='ocrx_word' id='word_1_242' title='bbox 513 4499 552 4581; x_wconf 80' lang='lat' dir='ltr'>(a)</span> <span class='ocrx_word' id='word_1_243' title='bbox 579 4502 688 4566; x_wconf 85' lang='lat' dir='ltr'>Graece</span> <span class='ocrx_word' id='word_1_244' title='bbox 703 4523 712 4564; x_wconf 78' lang='grc' dir='ltr'><strong><em>ε</em></strong></span> <span class='ocrx_word' id='word_1_245' title='bbox 728 4505 765 4565; x_wconf 89' lang='lat' dir='ltr'>In</span> <span class='ocrx_word' id='word_1_246' title='bbox 769 4501 855 4586; x_wconf 79' lang='lat' dir='ltr'>salici</span> <span class='ocrx_word' id='word_1_247' title='bbox 866 4504 1012 4566; x_wconf 74' lang='lat' dir='ltr'>beatorum</span> <span class='ocrx_word' id='word_1_248' title='bbox 1023 4514 1098 4568; x_wconf 77' lang='lat' dir='ltr'>toric</span> <span class='ocrx_word' id='word_1_249' title='bbox 1110 4509 1186 4590; x_wconf 75' lang='lat' dir='ltr'>regie</span> <span class='ocrx_word' id='word_1_250' title='bbox 1200 4507 1357 4572; x_wconf 69' lang='lat' dir='ltr'>andnimi.</span> <span class='ocrx_word' id='word_1_251' title='bbox 1371 4509 1416 4573; x_wconf 79' lang='lat' dir='ltr'>Cf.</span> <span class='ocrx_word' id='word_1_252' title='bbox 1432 4505 1506 4582; x_wconf 77' lang='grc' dir='ltr'>λῆξις</span> <span class='ocrx_word' id='word_1_253' title='bbox 1519 4527 1568 4587; x_wconf 90' lang='lat' dir='ltr'>ap.</span> <span class='ocrx_word' id='word_1_254' title='bbox 1583 4510 1623 4570; x_wconf 88' lang='lat' dir='ltr'>H.</span> <span class='ocrx_word' id='word_1_255' title='bbox 1636 4507 1828 4590; x_wconf 79' lang='lat' dir='ltr'>Stephanum.</span> 
     </span>
    </p>

    <p class='ocr_par' dir='ltr' id='par_1_13' title="bbox 512 4607 1241 4688">
     <span class='ocr_line' id='line_1_31' title="bbox 512 4607 1241 4688; baseline 0.01 -17"><span class='ocrx_word' id='word_1_256' title='bbox 512 4607 563 4688; x_wconf 79' lang='lat' dir='ltr'>(f)</span> <span class='ocrx_word' id='word_1_257' title='bbox 579 4611 614 4671; x_wconf 90' lang='lat' dir='ltr'>ln</span> <span class='ocrx_word' id='word_1_258' title='bbox 628 4612 693 4672; x_wconf 89' lang='lat' dir='ltr'>cod.</span> <span class='ocrx_word' id='word_1_259' title='bbox 708 4621 785 4673; x_wconf 76' lang='lat' dir='ltr'>tots</span> <span class='ocrx_word' id='word_1_260' title='bbox 801 4614 1024 4688; x_wconf 76' lang='lat' dir='ltr'>conterariatur,</span> <span class='ocrx_word' id='word_1_261' title='bbox 1041 4617 1139 4677; x_wconf 85' lang='lat' dir='ltr'>minus</span> <span class='ocrx_word' id='word_1_262' title='bbox 1153 4623 1241 4678; x_wconf 86' lang='lat' dir='ltr'>recte.</span> 
     </span>
    </p>

    <p class='ocr_par' dir='ltr' id='par_1_14' title="bbox 510 4715 1678 4808">
     <span class='ocr_line' id='line_1_32' title="bbox 510 4715 1678 4808; baseline 0.006 -31"><span class='ocrx_word' id='word_1_263' title='bbox 510 4715 553 4794; x_wconf 76' lang='lat' dir='ltr'>(p)</span> <span class='ocrx_word' id='word_1_264' title='bbox 576 4715 687 4780; x_wconf 85' lang='lat' dir='ltr'>Graece</span> <span class='ocrx_word' id='word_1_265' title='bbox 699 4721 804 4782; x_wconf 83' lang='lat' dir='ltr'>melius</span> <span class='ocrx_word' id='word_1_266' title='bbox 821 4741 829 4782; x_wconf 72' lang='grc' dir='ltr'><strong>ε</strong></span> <span class='ocrx_word' id='word_1_267' title='bbox 845 4719 976 4782; x_wconf 81' lang='lat' dir='ltr'>ordinati</span> <span class='ocrx_word' id='word_1_268' title='bbox 989 4728 1016 4784; x_wconf 82' lang='lat' dir='ltr'>et</span> <span class='ocrx_word' id='word_1_269' title='bbox 1029 4721 1197 4786; x_wconf 79' lang='lat' dir='ltr'>ordinantes</span> <span class='ocrx_word' id='word_1_270' title='bbox 1209 4725 1329 4786; x_wconf 79' lang='lat' dir='ltr'>uicerint</span> <span class='ocrx_word' id='word_1_271' title='bbox 1341 4726 1374 4786; x_wconf 81' lang='lat' dir='ltr'>in</span> <span class='ocrx_word' id='word_1_272' title='bbox 1384 4722 1478 4808; x_wconf 72' lang='lat' dir='ltr'>officio</span> <span class='ocrx_word' id='word_1_273' title='bbox 1482 4721 1650 4808; x_wconf 67' lang='lat' dir='ltr'>justitiarii</span> <span class='ocrx_word' id='word_1_274' title='bbox 1673 4797 1678 4804; x_wconf 24' lang='lat'><em>⁶</em></span> 
     </span>
    </p>
   </div>
   <div class='ocr_carea' id='block_1_9' title="bbox 0 0 2190 5917">
    <p class='ocr_par' dir='ltr' id='par_1_15' title="bbox 0 0 2190 5917">
     <span class='ocr_line' id='line_1_33' title="bbox 0 0 2190 5917; baseline 0 0"><span class='ocrx_word' id='word_1_275' title='bbox 0 0 2190 5917; x_wconf 95' lang='lat' dir='ltr'> </span> 
     </span>
    </p>
   </div>
  </div>
 </body>
</html>
