4288 5912
1051 549 1264 614 coronator
1288 550 1462 615 secutor
1504 553 1509 563 '
1772 561 1853 640 [Μ.
1871 563 1956 628 lm

854 886 907 895 --n
914 871 1742 904 *unna—ffl-o—-q—-q‘

607 1181 811 1292 Gregorius
827 1207 927 1292 papa
943 1181 1178 1266 Fridcricum
1201 1181 1464 1267 Romanorum
1488 1181 1755 1294 imperatorem
1776 1183 1960 1270 instanter

553 1315 729 1400 hortatur
757 1325 801 1400 ιιι
826 1315 877 1398 ad
901 1315 987 1400 loca
1013 1315 1086 1398 sibi
1110 1315 1236 1399 uicina
1263 1317 1346 1401 sine
1370 1341 1481 1402 mora
1497 1327 1536 1402 et
1552 1315 1732 1402 omnibns
1749 1317 1836 1402 aliis
1852 1323 1960 1431 post-

552 1449 684 1560 positis
701 1450 828 1534 veniat
844 1459 978 1534 contra
993 1457 1189 1560 protervos
1206 1449 1274 1562 qui
1291 1449 1480 1536 Ecclesiae
1497 1451 1613 1536 simd
1644 1463 1681 1536 et
1712 1453 1861 1563 imperii
1890 1455 1958 1538 di-

553 1583 736 1698 gnitatem
753 1583 974 1696 proculcare
991 1583 1172 1695 cogitant.

634 1799 747 1881 (Edidit
756 1799 891 1882 nonna,
900 1799 981 1863 Knir.
992 1797 1108 1862 Friedr.
1118 1800 1159 1870 ll,
1174 1800 1303 1881 append.
1317 1818 1349 1882 p.
1365 1809 1480 1878 tamn·
1491 1809 1567 1877 12,.e
1578 1805 1684 1880 regu.
1697 1800 1956 1882 (imponam-Vl,

670 1903 787 1970 ustos.
804 1907 977 1988 Ituynntdm
989 1923 1059 1970 vcro
1072 1908 1207 1972 eamdem
1219 1907 1375 1987 epistolam
1393 1924 1563 1976 mucram
1574 1924 1732 1970 nummum
1751 1909 1863 1970 indicat
1876 1914 1956 1986 rer.)

602 2111 804 2206 Gregorius,
822 2120 888 2184 etc.
907 2111 1099 2198 Friderico,
1117 2121 1185 2186 etc.
1208 2111 1286 2199 Qua
1301 2109 1390 2206 fide,
1408 2131 1479 2208 qna
1493 2110 1680 2186 devotione
1693 2113 1793 2185 mani
1813 2111 1957 2202 debeas,

552 2235 601 2310 lili
615 2235 803 2328 carissime,
820 2235 1042 2330 complacere,
1062 2259 1244 2310 censemus
1259 2236 1443 2334 indiguum
1458 2237 1635 2334 explicare
1652 2237 1785 2330 litteris,
1801 2260 1882 2310 cum
1899 2237 1959 2310 tibi

552 2360 597 2433 sit
612 2359 756 2436 evidens
772 2358 1022 2456 multiplicibus
1042 2361 1265 2455 argumentis.
1292 2361 1484 2434 Recursnm
1506 2361 1611 2456 igitur
1633 2359 1682 2438 ad
1701 2361 1959 2460 exprimendam

554 2485 750 2558 instantiam
774 2485 985 2558 necessitatis
1003 2483 1185 2579 timentes,
1205 2509 1286 2560 cum
1306 2508 1405 2584 spem
1423 2485 1557 2564 firmam
1573 2497 1608 2578 pt
1627 2509 1785 2562 securam
1800 2485 1959 2589 fiduciam

554 2611 741 2685 habeamus
764 2610 860 2706 quod
890 2619 949 2682 tua
977 2619 1114 2710 reputes
1142 2633 1212 2708 que
1239 2612 1446 2705 contingunt
1457 2611 1628 2704 nectare,
1651 2612 1728 2684 sive
1744 2611 1882 2685 sinistra
1904 2613 1959 2696 vel

554 2759 716 2836 prospera
731 2734 933 2828 videantur,
955 2733 1194 2810 celsitudinem
1207 2745 1302 2810 tuam
1320 2757 1499 2832 rogamus,
1518 2735 1725 2811 mandamns
1738 2745 1775 2810 et
1788 2714 1961 2812 hortamur

555 2871 682 2935 attente
696 2870 868 2961 quatenus
884 2861 1073 2960 prudenter
1085 2861 1266 2936 attendens
1280 2861 1377 2960 quod
1393 2863 1468 2937 sine
1482 2861 1609 2956 injuria
1623 2859 1684 2936 lilii
1697 2871 1807 2935 mater
1817 2871 1962 2960 nequeat

556 2986 788 3090 improborum
812 2981 968 3086 nequitia
988 2985 1160 3080 lacessiri,
1189 2987 1367 3084 presertim
1388 2985 1536 3062 eumad
1559 2975 1666 3060 instar
1684 2987 1857 3085 lampadis
1874 3009 1961 3061 oon-

556 3121 650 3186 tento
664 3111 712 3209 (a)
729 3111 860 3185 lumine
871 3111 1073 3204 relucentis,
1094 3111 1144 3183 illi
1161 3111 1293 3186 honore
1304 3122 1426 3186 mutuo
1441 3110 1590 3186 debeant
1602 3109 1738 3186 radiare
1750 3109 1820 3208 (b),
1836 3111 1883 3186 ad
1897 3109 1962 3185 de-

478 3213 481 3218 ’
556 3235 750 3334 ponendam
767 3235 966 3334 superbiam
989 3245 1226 3334 protervorum
1243 3237 1305 3334 qui
1322 3238 1418 3312 velut
1433 3247 1585 3310 amentes
1597 3237 1709 3309 effecti
1726 3245 1797 3308 tam
1815 3236 1962 3309 Ecclesia

554 3383 659 3457 quam
682 3361 817 3460 imperii
838 3359 1040 3457 dignitatem
1061 3371 1096 3436 et
1115 3371 1284 3436 conantur
1304 3361 1470 3460 impetere
1487 3371 1522 3436 et
1544 3360 1788 3472 damnabiliter
1812 3361 1961 3456 cogitem

554 3487 773 3579 conculcare,
790 3508 862 3593 ¹spe
887 3485 953 3558 sibi
977 3485 1151 3584 proposita
1170 3485 1264 3584 quod
1283 3487 1399 3562 celesti
1417 3485 1545 3561 virtute
1559 3487 1616 3560 vel
1635 3483 1789 3561 humana
1812 3487 1961 3595 potentia

553 3635 671 3687 eorum
688 3621 836 3717 nequeat
854 3611 961 3686 etacio
982 3611 1085 3708 dejici
1107 3613 1163 3686 vel
1177 3613 1350 3710 protervia
1367 3611 1527 3702 vacuari,
1555 3610 1602 3686 ad
1624 3613 1700 3686 loca
1715 3623 1831 3699 nostre
1849 3611 1962 3685 vicina

552 3737 723 3834 presentie
743 3749 777 3811 te
798 3737 953 3811 conteras
968 3737 1044 3814 sine
1060 3759 1176 3831 mora,
1197 3747 1236 3810 ut
1255 3737 1418 3811 resistens
1432 3733 1547 3834 impiis
1561 3735 1706 3810 dcxtma
1720 3735 1960 3843 triumphantis

554 3861 727 3934 fatuorum
755 3851 913 3934 saciem'
903 3860 1095 3954 ignominia
1114 3863 1268 3958 repleas,
1287 3870 1323 3934 et
1346 3861 1412 3933 tu'
1402 3883 1439 3932 ιιι
1463 3859 1627 3934 extremis
1644 3867 1733 3933 terre
1751 3848 1961 3955 prepotentie

555 3985 652 4059 titulo
667 3983 713 4059 ad
726 3996 821 4060 tuam
837 3995 872 4060 et
884 3985 1000 4059 matris
1013 3985 1155 4082 gloriam
1168 3985 1389 4083 refulgescas.
1391 3985 1519 4060 Verum
1529 3985 1612 4082 quia
1622 3981 1824 4096 hujusmodi
1838 3981 1959 4106 negotii

555 4109 702 4204 qualitas
718 4111 864 4204 alicujus
881 4109 1091 4208 exceptionis
1105 4109 1341 4184 obstaculum
1337 4133 1407 4184 non
1425 4109 1599 4200 admittat,
1618 4109 1779 4183 volumus
1801 4118 1840 4180 ut
1853 4081 1957 4197 illam,

556 4233 658 4306 etiam
673 4233 702 4306 si
715 4255 762 4308 ex
773 4233 1003 4309 eminentibus
1017 4233 1079 4307 tibi
1092 4235 1241 4332 negotiis
1258 4257 1466 4328 consurgere
1483 4233 1684 4326 videatur,
1674 4256 1710 4305 ιιι
1727 4231 1881 4345 medium
1895 4252 1960 4303 non

555 4355 750 4487 producas,
757 4355 820 4432 sed
832 4369 982 4433 nostram
997 4369 1031 4435 et
1042 4369 1135 4435 tuam
1149 4382 1302 4502 exurgas
1316 4359 1478 4498 injuriam
1492 4357 1693 4480 vindicareJ
1710 4357 1859 4431 sciturus
1869 4352 1962 4452 quod

523 4587 643 4667 (a)
663 4585 721 4665 Ap.
734 4585 835 4648 Hbder
846 4593 993 4652 mammen.

600 4691 642 4778 (b)
661 4693 775 4758 Ibidem
786 4691 928 4758 radicare.
