<?xml version="1.0" encoding="UTF-8"?>
<!DOCTYPE html PUBLIC "-//W3C//DTD XHTML 1.0 Transitional//EN"
    "http://www.w3.org/TR/xhtml1/DTD/xhtml1-transitional.dtd">
<html xmlns="http://www.w3.org/1999/xhtml" xml:lang="en" lang="en">
 <head>
  <title>
</title>
<meta http-equiv="Content-Type" content="text/html;charset=utf-8" />
  <meta name='ocr-system' content='tesseract 3.04.00' />
  <meta name='ocr-capabilities' content='ocr_page ocr_carea ocr_par ocr_line ocrx_word'/>
</head>
<body>
  <div class='ocr_page' id='page_1' title='image "./historiadiploma07fredgoog_0445.png"; bbox 0 0 4288 5912; ppageno 0'>
   <div class='ocr_carea' id='block_1_1' title="bbox 190 576 1603 667">
    <p class='ocr_par' dir='ltr' id='par_1_1' title="bbox 190 576 1603 667">
     <span class='ocr_line' id='line_1_1' title="bbox 190 576 1603 667; baseline -0.008 -16"><span class='ocrx_word' id='word_1_1' title='bbox 190 592 292 652; x_wconf 81' lang='lat' dir='ltr'><strong>lunrcr.</strong></span> <span class='ocrx_word' id='word_1_2' title='bbox 308 585 353 667; x_wconf 82' lang='grc'><strong>6.]</strong></span> <span class='ocrx_word' id='word_1_3' title='bbox 645 581 843 648; x_wconf 75' lang='lat' dir='ltr'>HISTORIA</span> <span class='ocrx_word' id='word_1_4' title='bbox 867 576 1161 642; x_wconf 74' lang='lat' dir='ltr'><strong>nletouurlcu</strong></span> <span class='ocrx_word' id='word_1_5' title='bbox 1544 583 1603 642; x_wconf 74' lang='lat'><strong>431</strong></span> 
     </span>
    </p>
   </div>
   <div class='ocr_carea' id='block_1_2' title="bbox 190 713 1606 943">
    <p class='ocr_par' dir='ltr' id='par_1_2' title="bbox 190 713 1606 943">
     <span class='ocr_line' id='line_1_2' title="bbox 190 713 1602 822; baseline -0.009 -23"><span class='ocrx_word' id='word_1_6' title='bbox 190 727 316 822; x_wconf 87' lang='lat' dir='ltr'><strong>Lupis,</strong></span> <span class='ocrx_word' id='word_1_7' title='bbox 343 721 515 797; x_wconf 81' lang='lat' dir='ltr'><strong>Henricns</strong></span> <span class='ocrx_word' id='word_1_8' title='bbox 537 721 584 796; x_wconf 92' lang='lat' dir='ltr'><strong>de</strong></span> <span class='ocrx_word' id='word_1_9' title='bbox 608 719 870 807; x_wconf 81' lang='lat' dir='ltr'><strong>Choffesberch,</strong></span> <span class='ocrx_word' id='word_1_10' title='bbox 900 717 1102 790; x_wconf 89' lang='lat' dir='ltr'><strong>Gnillelmus</strong></span> <span class='ocrx_word' id='word_1_11' title='bbox 1129 713 1283 788; x_wconf 89' lang='lat' dir='ltr'><strong>marchio</strong></span> <span class='ocrx_word' id='word_1_12' title='bbox 1310 713 1356 788; x_wconf 93' lang='lat' dir='ltr'><strong>de</strong></span> <span class='ocrx_word' id='word_1_13' title='bbox 1380 714 1602 811; x_wconf 78' lang='lat' dir='ltr'><strong>Prosupnch,</strong></span> 
     </span>
     <span class='ocr_line' id='line_1_3' title="bbox 191 837 1606 943; baseline -0.009 -19"><span class='ocrx_word' id='word_1_14' title='bbox 191 848 369 924; x_wconf 86' lang='lat' dir='ltr'><strong>Conradns</strong></span> <span class='ocrx_word' id='word_1_15' title='bbox 393 847 439 924; x_wconf 88' lang='lat' dir='ltr'><strong>de</strong></span> <span class='ocrx_word' id='word_1_16' title='bbox 462 843 563 921; x_wconf 89' lang='lat' dir='ltr'><strong>Ulme</strong></span> <span class='ocrx_word' id='word_1_17' title='bbox 592 846 854 943; x_wconf 78' lang='lat' dir='ltr'><strong>cognominatus</strong></span> <span class='ocrx_word' id='word_1_18' title='bbox 877 840 1078 934; x_wconf 88' lang='lat' dir='ltr'><strong>Havender,</strong></span> <span class='ocrx_word' id='word_1_19' title='bbox 1106 848 1141 914; x_wconf 93' lang='lat' dir='ltr'><strong>ct</strong></span> <span class='ocrx_word' id='word_1_20' title='bbox 1162 839 1202 912; x_wconf 91' lang='lat' dir='ltr'><strong>L.</strong></span> <span class='ocrx_word' id='word_1_21' title='bbox 1228 837 1413 935; x_wconf 87' lang='lat' dir='ltr'><strong>imperialis</strong></span> <span class='ocrx_word' id='word_1_22' title='bbox 1438 839 1516 911; x_wconf 90' lang='lat' dir='ltr'><strong>aule</strong></span> <span class='ocrx_word' id='word_1_23' title='bbox 1537 861 1606 912; x_wconf 88' lang='lat' dir='ltr'><strong>ca-</strong></span> 
     </span>
    </p>
   </div>
   <div class='ocr_carea' id='block_1_3' title="bbox 191 993 1605 1187">
    <p class='ocr_par' dir='ltr' id='par_1_3' title="bbox 191 993 1605 1187">
     <span class='ocr_line' id='line_1_4' title="bbox 191 993 374 1048; baseline -0.011 -2"><span class='ocrx_word' id='word_1_24' title='bbox 191 993 374 1048; x_wconf 83' lang='lat' dir='ltr'><strong>maranus.</strong></span> 
     </span>
     <span class='ocr_line' id='line_1_5' title="bbox 240 1085 1605 1187; baseline -0.006 -18"><span class='ocrx_word' id='word_1_25' title='bbox 240 1101 367 1171; x_wconf 88' lang='lat' dir='ltr'><strong>Datum</strong></span> <span class='ocrx_word' id='word_1_26' title='bbox 388 1095 563 1187; x_wconf 85' lang='lat' dir='ltr'><strong>Messana,</strong></span> <span class='ocrx_word' id='word_1_27' title='bbox 584 1116 677 1169; x_wconf 88' lang='lat' dir='ltr'><strong>anno</strong></span> <span class='ocrx_word' id='word_1_28' title='bbox 705 1092 877 1168; x_wconf 89' lang='lat' dir='ltr'><strong>dominica</strong></span> <span class='ocrx_word' id='word_1_29' title='bbox 901 1089 1145 1164; x_wconf 75' lang='lat' dir='ltr'><strong>incarnationis</strong></span> <span class='ocrx_word' id='word_1_30' title='bbox 1167 1086 1350 1159; x_wconf 90' lang='lat' dir='ltr'><strong>millesimo</strong></span> <span class='ocrx_word' id='word_1_31' title='bbox 1370 1085 1605 1161; x_wconf 88' lang='lat' dir='ltr'><strong>ducentesimo</strong></span> 
     </span>
    </p>
   </div>
   <div class='ocr_carea' id='block_1_4' title="bbox 193 1210 1607 1688">
    <p class='ocr_par' dir='ltr' id='par_1_4' title="bbox 193 1210 1607 1688">
     <span class='ocr_line' id='line_1_6' title="bbox 193 1210 1606 1308; baseline -0.007 -14"><span class='ocrx_word' id='word_1_32' title='bbox 193 1222 368 1296; x_wconf 89' lang='lat' dir='ltr'><strong>tricesimo</strong></span> <span class='ocrx_word' id='word_1_33' title='bbox 387 1217 499 1308; x_wconf 90' lang='lat' dir='ltr'><strong>tertio,</strong></span> <span class='ocrx_word' id='word_1_34' title='bbox 514 1239 634 1294; x_wconf 89' lang='lat' dir='ltr'><strong>mense</strong></span> <span class='ocrx_word' id='word_1_35' title='bbox 652 1218 775 1306; x_wconf 88' lang='lat' dir='ltr'><strong>madii,</strong></span> <span class='ocrx_word' id='word_1_36' title='bbox 793 1223 891 1290; x_wconf 84' lang='lat' dir='ltr'><strong>sexta</strong></span> <span class='ocrx_word' id='word_1_37' title='bbox 908 1213 1109 1303; x_wconf 82' lang='lat' dir='ltr'><strong>indictione,</strong></span> <span class='ocrx_word' id='word_1_38' title='bbox 1130 1211 1320 1307; x_wconf 85' lang='lat' dir='ltr'><strong>imperante</strong></span> <span class='ocrx_word' id='word_1_39' title='bbox 1336 1210 1477 1284; x_wconf 93' lang='lat' dir='ltr'><strong>domino</strong></span> <span class='ocrx_word' id='word_1_40' title='bbox 1491 1222 1606 1285; x_wconf 89' lang='lat' dir='ltr'><strong>nostro</strong></span> 
     </span>
     <span class='ocr_line' id='line_1_7' title="bbox 194 1337 1607 1439; baseline -0.009 -19"><span class='ocrx_word' id='word_1_41' title='bbox 194 1345 388 1436; x_wconf 85' lang='lat' dir='ltr'><strong>Fridarieo,</strong></span> <span class='ocrx_word' id='word_1_42' title='bbox 415 1343 478 1416; x_wconf 91' lang='lat' dir='ltr'><strong>Dei</strong></span> <span class='ocrx_word' id='word_1_43' title='bbox 504 1343 614 1439; x_wconf 75' lang='lat' dir='ltr'><strong>gratia</strong></span> <span class='ocrx_word' id='word_1_44' title='bbox 639 1341 868 1416; x_wconf 87' lang='lat' dir='ltr'><strong>illustrissimo</strong></span> <span class='ocrx_word' id='word_1_45' title='bbox 890 1341 1122 1413; x_wconf 83' lang='lat' dir='ltr'><strong>Romanorum</strong></span> <span class='ocrx_word' id='word_1_46' title='bbox 1149 1337 1352 1431; x_wconf 79' lang='lat' dir='ltr'><strong>imperatore</strong></span> <span class='ocrx_word' id='word_1_47' title='bbox 1374 1357 1511 1430; x_wconf 91' lang='lat' dir='ltr'><strong>semper</strong></span> <span class='ocrx_word' id='word_1_48' title='bbox 1538 1357 1607 1408; x_wconf 88' lang='lat' dir='ltr'><strong>eu-</strong></span> 
     </span>
     <span class='ocr_line' id='line_1_8' title="bbox 195 1459 1605 1566; baseline -0.007 -22"><span class='ocrx_word' id='word_1_49' title='bbox 195 1480 313 1566; x_wconf 78' lang='lat' dir='ltr'><strong>gusto‚</strong></span> <span class='ocrx_word' id='word_1_50' title='bbox 330 1468 518 1542; x_wconf 84' lang='lat' dir='ltr'><strong>Jerusalem</strong></span> <span class='ocrx_word' id='word_1_51' title='bbox 539 1477 575 1542; x_wconf 91' lang='lat' dir='ltr'><strong>et</strong></span> <span class='ocrx_word' id='word_1_52' title='bbox 596 1465 711 1540; x_wconf 85' lang='lat' dir='ltr'><strong>Sicilie</strong></span> <span class='ocrx_word' id='word_1_53' title='bbox 730 1488 826 1561; x_wconf 81' lang='lat' dir='ltr'><strong>rege,</strong></span> <span class='ocrx_word' id='word_1_54' title='bbox 843 1463 986 1538; x_wconf 86' lang='lat' dir='ltr'><strong>Romani</strong></span> <span class='ocrx_word' id='word_1_55' title='bbox 1007 1459 1142 1558; x_wconf 90' lang='lat' dir='ltr'><strong>imperii</strong></span> <span class='ocrx_word' id='word_1_56' title='bbox 1158 1461 1234 1553; x_wconf 87' lang='lat' dir='ltr'><strong>ejus</strong></span> <span class='ocrx_word' id='word_1_57' title='bbox 1251 1481 1341 1531; x_wconf 86' lang='lat' dir='ltr'><strong>anno</strong></span> <span class='ocrx_word' id='word_1_58' title='bbox 1357 1459 1605 1552; x_wconf 90' lang='lat' dir='ltr'><strong>tertiodecimo,</strong></span> 
     </span>
     <span class='ocr_line' id='line_1_9' title="bbox 195 1583 1603 1688; baseline -0.009 -19"><span class='ocrx_word' id='word_1_59' title='bbox 195 1596 297 1688; x_wconf 80' lang='lat' dir='ltr'><strong>regni</strong></span> <span class='ocrx_word' id='word_1_60' title='bbox 310 1592 497 1668; x_wconf 87' lang='lat' dir='ltr'><strong>Jerusalem</strong></span> <span class='ocrx_word' id='word_1_61' title='bbox 508 1585 643 1685; x_wconf 69' lang='lat' dir='ltr'><strong>muru,</strong></span> <span class='ocrx_word' id='word_1_62' title='bbox 656 1591 846 1687; x_wconf 79' lang='lat' dir='ltr'><strong>regnivero</strong></span> <span class='ocrx_word' id='word_1_63' title='bbox 858 1589 974 1662; x_wconf 89' lang='lat' dir='ltr'><strong>Sicilie</strong></span> <span class='ocrx_word' id='word_1_64' title='bbox 986 1585 1157 1658; x_wconf 89' lang='lat' dir='ltr'><strong>tricesimo</strong></span> <span class='ocrx_word' id='word_1_65' title='bbox 1168 1583 1302 1682; x_wconf 91' lang='lat' dir='ltr'><strong>quinto,</strong></span> <span class='ocrx_word' id='word_1_66' title='bbox 1315 1583 1469 1658; x_wconf 79' lang='lat' dir='ltr'><strong>feliciter.</strong></span> <span class='ocrx_word' id='word_1_67' title='bbox 1479 1583 1603 1658; x_wconf 80' lang='lat' dir='ltr'><strong>Amen.</strong></span> 
     </span>
    </p>
   </div>
   <div class='ocr_carea' id='block_1_5' title="bbox 197 2163 1608 2783">
    <p class='ocr_par' dir='ltr' id='par_1_5' title="bbox 197 2163 1608 2783">
     <span class='ocr_line' id='line_1_10' title="bbox 251 2163 1608 2276; baseline 0.001 -28"><span class='ocrx_word' id='word_1_68' title='bbox 251 2163 454 2276; x_wconf 83' lang='lat' dir='ltr'><strong>Gregorius</strong></span> <span class='ocrx_word' id='word_1_69' title='bbox 480 2191 580 2276; x_wconf 88' lang='lat' dir='ltr'><strong>papa</strong></span> <span class='ocrx_word' id='word_1_70' title='bbox 605 2163 794 2250; x_wconf 81' lang='lat' dir='ltr'><strong>Friden&#39;co</strong></span> <span class='ocrx_word' id='word_1_71' title='bbox 820 2163 1080 2250; x_wconf 87' lang='lat' dir='ltr'><strong>Romanorum</strong></span> <span class='ocrx_word' id='word_1_72' title='bbox 1107 2165 1324 2276; x_wconf 87' lang='lat' dir='ltr'><strong>imperatori</strong></span> <span class='ocrx_word' id='word_1_73' title='bbox 1352 2175 1486 2250; x_wconf 93' lang='lat' dir='ltr'><strong>notum</strong></span> <span class='ocrx_word' id='word_1_74' title='bbox 1517 2166 1608 2250; x_wconf 87' lang='lat' dir='ltr'><strong>facit</strong></span> 
     </span>
     <span class='ocr_line' id='line_1_11' title="bbox 197 2297 1606 2412; baseline 0.004 -34"><span class='ocrx_word' id='word_1_75' title='bbox 197 2297 360 2406; x_wconf 84' lang='lat' dir='ltr'><strong>qualiter</strong></span> <span class='ocrx_word' id='word_1_76' title='bbox 378 2301 588 2384; x_wconf 87' lang='lat' dir='ltr'><strong>secundum</strong></span> <span class='ocrx_word' id='word_1_77' title='bbox 610 2299 775 2384; x_wconf 90' lang='lat' dir='ltr'><strong>formam</strong></span> <span class='ocrx_word' id='word_1_78' title='bbox 802 2297 947 2382; x_wconf 89' lang='lat' dir='ltr'><strong>arbitrii</strong></span> <span class='ocrx_word' id='word_1_79' title='bbox 974 2300 1014 2381; x_wconf 93' lang='lat' dir='ltr'><strong>in</strong></span> <span class='ocrx_word' id='word_1_80' title='bbox 1042 2326 1133 2384; x_wconf 88' lang='lat' dir='ltr'><strong>suas</strong></span> <span class='ocrx_word' id='word_1_81' title='bbox 1156 2325 1295 2383; x_wconf 89' lang='lat' dir='ltr'><strong>manus</strong></span> <span class='ocrx_word' id='word_1_82' title='bbox 1321 2301 1453 2410; x_wconf 91' lang='lat' dir='ltr'><strong>positi,</strong></span> <span class='ocrx_word' id='word_1_83' title='bbox 1472 2327 1606 2412; x_wconf 90' lang='lat' dir='ltr'><strong>pacem</strong></span> 
     </span>
     <span class='ocr_line' id='line_1_12' title="bbox 197 2429 1606 2545; baseline 0.006 -35"><span class='ocrx_word' id='word_1_84' title='bbox 197 2430 439 2542; x_wconf 87' lang='lat' dir='ltr'><strong>interipsum</strong></span> <span class='ocrx_word' id='word_1_85' title='bbox 456 2443 494 2518; x_wconf 91' lang='lat' dir='ltr'><strong>et</strong></span> <span class='ocrx_word' id='word_1_86' title='bbox 511 2435 734 2520; x_wconf 75' lang='lat' dir='ltr'><strong>Societatem</strong></span> <span class='ocrx_word' id='word_1_87' title='bbox 751 2429 1002 2518; x_wconf 79' lang='lat' dir='ltr'><strong>Lomltardiae</strong></span> <span class='ocrx_word' id='word_1_88' title='bbox 1018 2435 1303 2543; x_wconf 76' lang='lat' dir='ltr'><strong>restauraverit,</strong></span> <span class='ocrx_word' id='word_1_89' title='bbox 1322 2461 1487 2545; x_wconf 89' lang='lat' dir='ltr'><strong>eumque</strong></span> <span class='ocrx_word' id='word_1_90' title='bbox 1504 2437 1606 2521; x_wconf 93' lang='lat' dir='ltr'><strong>hor-</strong></span> 
     </span>
     <span class='ocr_line' id='line_1_13' title="bbox 197 2565 1606 2654; baseline 0.003 -6"><span class='ocrx_word' id='word_1_91' title='bbox 197 2574 301 2648; x_wconf 88' lang='lat' dir='ltr'><strong>tatur</strong></span> <span class='ocrx_word' id='word_1_92' title='bbox 319 2575 362 2650; x_wconf 92' lang='lat' dir='ltr'><strong>ut</strong></span> <span class='ocrx_word' id='word_1_93' title='bbox 379 2566 481 2651; x_wconf 90' lang='lat' dir='ltr'><strong>hano</strong></span> <span class='ocrx_word' id='word_1_94' title='bbox 497 2567 740 2652; x_wconf 88' lang='lat' dir='ltr'><strong>concordiam</strong></span> <span class='ocrx_word' id='word_1_95' title='bbox 757 2577 881 2650; x_wconf 83' lang='lat' dir='ltr'><strong>ratam</strong></span> <span class='ocrx_word' id='word_1_96' title='bbox 897 2565 1038 2652; x_wconf 86' lang='lat' dir='ltr'><strong>habeat</strong></span> <span class='ocrx_word' id='word_1_97' title='bbox 1053 2578 1090 2652; x_wconf 91' lang='lat' dir='ltr'><strong>et</strong></span> <span class='ocrx_word' id='word_1_98' title='bbox 1108 2594 1132 2651; x_wconf 89' lang='lat' dir='ltr'><strong>a</strong></span> <span class='ocrx_word' id='word_1_99' title='bbox 1148 2567 1227 2652; x_wconf 91' lang='lat' dir='ltr'><strong>filio</strong></span> <span class='ocrx_word' id='word_1_100' title='bbox 1246 2594 1316 2652; x_wconf 88' lang='lat' dir='ltr'><strong>suo</strong></span> <span class='ocrx_word' id='word_1_101' title='bbox 1333 2579 1457 2652; x_wconf 88' lang='lat' dir='ltr'><strong>ratam</strong></span> <span class='ocrx_word' id='word_1_102' title='bbox 1474 2569 1606 2654; x_wconf 88' lang='lat' dir='ltr'><strong>heberi</strong></span> 
     </span>
     <span class='ocr_line' id='line_1_14' title="bbox 197 2695 325 2783; baseline 0 -3"><span class='ocrx_word' id='word_1_103' title='bbox 197 2695 325 2783; x_wconf 87' lang='lat' dir='ltr'><strong>iaciat.</strong></span> 
     </span>
    </p>
   </div>
   <div class='ocr_carea' id='block_1_6' title="bbox 279 2917 1605 3105">
    <p class='ocr_par' dir='ltr' id='par_1_6' title="bbox 279 2917 1605 3105">
     <span class='ocr_line' id='line_1_15' title="bbox 279 2917 1605 3000; baseline 0.003 -21"><span class='ocrx_word' id='word_1_104' title='bbox 279 2917 397 2996; x_wconf 77' lang='lat' dir='ltr'><strong>(Edidit</strong></span> <span class='ocrx_word' id='word_1_105' title='bbox 415 2918 530 2992; x_wconf 86' lang='lat' dir='ltr'><strong>Pmrz,</strong></span> <span class='ocrx_word' id='word_1_106' title='bbox 553 2918 684 2990; x_wconf 78' lang='lat' dir='ltr'><strong>Monam.</strong></span> <span class='ocrx_word' id='word_1_107' title='bbox 711 2917 808 2982; x_wconf 82' lang='lat' dir='ltr'><strong>Gerra.</strong></span> <span class='ocrx_word' id='word_1_108' title='bbox 829 2917 916 2992; x_wconf 78' lang='lat' dir='ltr'><strong>Hiat,</strong></span> <span class='ocrx_word' id='word_1_109' title='bbox 937 2923 961 2980; x_wconf 85' lang='lat' dir='ltr'><strong>t.</strong></span> <span class='ocrx_word' id='word_1_110' title='bbox 984 2917 1038 2992; x_wconf 88' lang='lat' dir='ltr'><strong>IV,</strong></span> <span class='ocrx_word' id='word_1_111' title='bbox 1061 2931 1093 2998; x_wconf 87' lang='lat' dir='ltr'><strong>p.</strong></span> <span class='ocrx_word' id='word_1_112' title='bbox 1117 2925 1190 2993; x_wconf 80' lang='lat'><strong>299,</strong></span> <span class='ocrx_word' id='word_1_113' title='bbox 1212 2934 1252 2980; x_wconf 88' lang='lat' dir='ltr'><strong>ex</strong></span> <span class='ocrx_word' id='word_1_114' title='bbox 1270 2925 1377 2998; x_wconf 73' lang='lat' dir='ltr'><strong>regest.</strong></span> <span class='ocrx_word' id='word_1_115' title='bbox 1400 2919 1522 3000; x_wconf 79' lang='lat' dir='ltr'><strong>Gregor.</strong></span> <span class='ocrx_word' id='word_1_116' title='bbox 1545 2922 1605 2998; x_wconf 85' lang='lat' dir='ltr'><strong>1x,</strong></span> 
     </span>
     <span class='ocr_line' id='line_1_16' title="bbox 318 3023 630 3105; baseline 0 -19"><span class='ocrx_word' id='word_1_117' title='bbox 318 3041 397 3086; x_wconf 81' lang='lat' dir='ltr'><strong>anno</strong></span> <span class='ocrx_word' id='word_1_118' title='bbox 411 3025 487 3099; x_wconf 86' lang='lat' dir='ltr'><strong>Vll,</strong></span> <span class='ocrx_word' id='word_1_119' title='bbox 500 3035 533 3086; x_wconf 85' lang='lat' dir='ltr'><strong>n⁰</strong></span> <span class='ocrx_word' id='word_1_120' title='bbox 549 3023 630 3105; x_wconf 81' lang='grc'><strong>146.)</strong></span> 
     </span>
    </p>
   </div>
   <div class='ocr_carea' id='block_1_7' title="bbox 198 3211 1615 4808">
    <p class='ocr_par' dir='ltr' id='par_1_7' title="bbox 198 3211 1615 4808">
     <span class='ocr_line' id='line_1_17' title="bbox 248 3211 1608 3308; baseline 0.002 -24"><span class='ocrx_word' id='word_1_121' title='bbox 248 3213 445 3308; x_wconf 78' lang='lat' dir='ltr'><strong>Gregorius,</strong></span> <span class='ocrx_word' id='word_1_122' title='bbox 465 3223 548 3305; x_wconf 86' lang='lat' dir='ltr'><strong>etc,</strong></span> <span class='ocrx_word' id='word_1_123' title='bbox 567 3214 746 3288; x_wconf 89' lang='lat' dir='ltr'><strong>carissimo</strong></span> <span class='ocrx_word' id='word_1_124' title='bbox 764 3214 800 3286; x_wconf 94' lang='lat' dir='ltr'><strong>in</strong></span> <span class='ocrx_word' id='word_1_125' title='bbox 820 3213 951 3287; x_wconf 90' lang='lat' dir='ltr'><strong>Christo</strong></span> <span class='ocrx_word' id='word_1_126' title='bbox 966 3211 1039 3286; x_wconf 88' lang='lat' dir='ltr'><strong>lilio</strong></span> <span class='ocrx_word' id='word_1_127' title='bbox 1052 3211 1223 3286; x_wconf 87' lang='lat' dir='ltr'><strong>Fridcrico</strong></span> <span class='ocrx_word' id='word_1_128' title='bbox 1237 3212 1361 3286; x_wconf 85' lang='lat' dir='ltr'><strong>illustri</strong></span> <span class='ocrx_word' id='word_1_129' title='bbox 1376 3213 1608 3288; x_wconf 81' lang='lat' dir='ltr'><strong>Romanorum</strong></span> 
     </span>
     <span class='ocr_line' id='line_1_18' title="bbox 200 3337 1609 3434; baseline 0.001 -24"><span class='ocrx_word' id='word_1_130' title='bbox 200 3338 414 3434; x_wconf 89' lang='lat' dir='ltr'><strong>imperatori,</strong></span> <span class='ocrx_word' id='word_1_131' title='bbox 432 3347 499 3412; x_wconf 89' lang='lat' dir='ltr'><strong>ete.</strong></span> <span class='ocrx_word' id='word_1_132' title='bbox 517 3337 603 3411; x_wconf 88' lang='lat' dir='ltr'><strong>Cum</strong></span> <span class='ocrx_word' id='word_1_133' title='bbox 615 3339 825 3432; x_wconf 87' lang='lat' dir='ltr'><strong>jamdudum</strong></span> <span class='ocrx_word' id='word_1_134' title='bbox 837 3339 925 3412; x_wconf 90' lang='lat' dir='ltr'><strong>inter</strong></span> <span class='ocrx_word' id='word_1_135' title='bbox 943 3348 978 3411; x_wconf 91' lang='lat' dir='ltr'><strong>te</strong></span> <span class='ocrx_word' id='word_1_136' title='bbox 991 3359 1039 3412; x_wconf 84' lang='lat' dir='ltr'><strong>ex</strong></span> <span class='ocrx_word' id='word_1_137' title='bbox 1051 3345 1147 3432; x_wconf 89' lang='lat' dir='ltr'><strong>parte</strong></span> <span class='ocrx_word' id='word_1_138' title='bbox 1159 3359 1230 3410; x_wconf 89' lang='lat' dir='ltr'><strong>una</strong></span> <span class='ocrx_word' id='word_1_139' title='bbox 1245 3347 1280 3410; x_wconf 88' lang='lat' dir='ltr'><strong>et</strong></span> <span class='ocrx_word' id='word_1_140' title='bbox 1294 3339 1491 3412; x_wconf 91' lang='lat' dir='ltr'><strong>societatem</strong></span> <span class='ocrx_word' id='word_1_141' title='bbox 1507 3341 1609 3414; x_wconf 85' lang='lat' dir='ltr'><strong>lom-</strong></span> 
     </span>
     <span class='ocr_line' id='line_1_19' title="bbox 199 3460 1609 3559; baseline -0.001 -22"><span class='ocrx_word' id='word_1_142' title='bbox 199 3463 336 3554; x_wconf 90' lang='lat' dir='ltr'><strong>bardie,</strong></span> <span class='ocrx_word' id='word_1_143' title='bbox 354 3463 505 3537; x_wconf 88' lang='lat' dir='ltr'><strong>Marchie</strong></span> <span class='ocrx_word' id='word_1_144' title='bbox 519 3473 554 3536; x_wconf 90' lang='lat' dir='ltr'><strong>et</strong></span> <span class='ocrx_word' id='word_1_145' title='bbox 569 3463 770 3536; x_wconf 85' lang='lat' dir='ltr'><strong>Romaniole</strong></span> <span class='ocrx_word' id='word_1_146' title='bbox 787 3485 834 3536; x_wconf 84' lang='lat' dir='ltr'><strong>ex</strong></span> <span class='ocrx_word' id='word_1_147' title='bbox 849 3464 956 3536; x_wconf 86' lang='lat' dir='ltr'><strong>altera</strong></span> <span class='ocrx_word' id='word_1_148' title='bbox 970 3483 1075 3558; x_wconf 89' lang='lat' dir='ltr'><strong>super</strong></span> <span class='ocrx_word' id='word_1_149' title='bbox 1090 3460 1300 3558; x_wconf 84' lang='lat' dir='ltr'><strong>quibusdam</strong></span> <span class='ocrx_word' id='word_1_150' title='bbox 1315 3463 1469 3536; x_wconf 89' lang='lat' dir='ltr'><strong>articulis</strong></span> <span class='ocrx_word' id='word_1_151' title='bbox 1487 3465 1609 3559; x_wconf 85' lang='lat' dir='ltr'><strong>expri-</strong></span> 
     </span>
     <span class='ocr_line' id='line_1_20' title="bbox 200 3585 1609 3684; baseline 0.001 -24"><span class='ocrx_word' id='word_1_152' title='bbox 200 3585 336 3661; x_wconf 87' lang='lat' dir='ltr'><strong>mendis</strong></span> <span class='ocrx_word' id='word_1_153' title='bbox 354 3587 510 3680; x_wconf 87' lang='lat' dir='ltr'><strong>inierius,</strong></span> <span class='ocrx_word' id='word_1_154' title='bbox 533 3588 673 3662; x_wconf 91' lang='lat' dir='ltr'><strong>inimico</strong></span> <span class='ocrx_word' id='word_1_155' title='bbox 687 3587 827 3662; x_wconf 92' lang='lat' dir='ltr'><strong>homine</strong></span> <span class='ocrx_word' id='word_1_156' title='bbox 837 3588 1133 3684; x_wconf 83' lang='lat' dir='ltr'><strong>superseminante</strong></span> <span class='ocrx_word' id='word_1_157' title='bbox 1143 3586 1290 3679; x_wconf 91' lang='lat' dir='ltr'><strong>zizania,</strong></span> <span class='ocrx_word' id='word_1_158' title='bbox 1306 3587 1422 3680; x_wconf 81' lang='lat' dir='ltr'><strong>gravis</strong></span> <span class='ocrx_word' id='word_1_159' title='bbox 1437 3587 1609 3662; x_wconf 91' lang='lat' dir='ltr'><strong>discordia</strong></span> 
     </span>
     <span class='ocr_line' id='line_1_21' title="bbox 199 3711 1609 3810; baseline 0 -24"><span class='ocrx_word' id='word_1_160' title='bbox 199 3720 275 3786; x_wconf 90' lang='lat' dir='ltr'><strong>orta</strong></span> <span class='ocrx_word' id='word_1_161' title='bbox 284 3721 386 3805; x_wconf 90' lang='lat' dir='ltr'><strong>esset,</strong></span> <span class='ocrx_word' id='word_1_162' title='bbox 398 3733 464 3786; x_wconf 91' lang='lat' dir='ltr'><strong>nos</strong></span> <span class='ocrx_word' id='word_1_163' title='bbox 479 3714 695 3788; x_wconf 81' lang='lat' dir='ltr'><strong>attendentes</strong></span> <span class='ocrx_word' id='word_1_164' title='bbox 710 3713 903 3786; x_wconf 89' lang='lat' dir='ltr'><strong>animarum</strong></span> <span class='ocrx_word' id='word_1_165' title='bbox 912 3713 1078 3810; x_wconf 89' lang='lat' dir='ltr'><strong>pericula,</strong></span> <span class='ocrx_word' id='word_1_166' title='bbox 1096 3721 1228 3806; x_wconf 79' lang='lat' dir='ltr'><strong>strages</strong></span> <span class='ocrx_word' id='word_1_167' title='bbox 1244 3731 1439 3809; x_wconf 88' lang='lat' dir='ltr'><strong>corporum,</strong></span> <span class='ocrx_word' id='word_1_168' title='bbox 1458 3711 1609 3810; x_wconf 88' lang='lat' dir='ltr'><strong>dampna</strong></span> 
     </span>
     <span class='ocr_line' id='line_1_22' title="bbox 200 3836 1612 3933; baseline 0.003 -25"><span class='ocrx_word' id='word_1_169' title='bbox 200 3855 315 3908; x_wconf 91' lang='lat' dir='ltr'><strong>rernm</strong></span> <span class='ocrx_word' id='word_1_170' title='bbox 333 3845 368 3909; x_wconf 92' lang='lat' dir='ltr'><strong>et</strong></span> <span class='ocrx_word' id='word_1_171' title='bbox 383 3837 604 3910; x_wconf 83' lang='lat' dir='ltr'><strong>ecclesiarum</strong></span> <span class='ocrx_word' id='word_1_172' title='bbox 624 3859 666 3910; x_wconf 91' lang='lat' dir='ltr'><strong>ac</strong></span> <span class='ocrx_word' id='word_1_173' title='bbox 684 3836 922 3928; x_wconf 80' lang='lat' dir='ltr'><strong>religiosorum</strong></span> <span class='ocrx_word' id='word_1_174' title='bbox 940 3837 1093 3910; x_wconf 92' lang='lat' dir='ltr'><strong>locorum</strong></span> <span class='ocrx_word' id='word_1_175' title='bbox 1111 3837 1217 3910; x_wconf 80' lang='lat' dir='ltr'><strong>exitia</strong></span> <span class='ocrx_word' id='word_1_176' title='bbox 1235 3859 1305 3933; x_wconf 89' lang='lat' dir='ltr'><strong>que</strong></span> <span class='ocrx_word' id='word_1_177' title='bbox 1324 3847 1460 3933; x_wconf 92' lang='lat' dir='ltr'><strong>possent</strong></span> <span class='ocrx_word' id='word_1_178' title='bbox 1476 3859 1519 3910; x_wconf 82' lang='lat' dir='ltr'><strong>ex</strong></span> <span class='ocrx_word' id='word_1_179' title='bbox 1540 3838 1612 3912; x_wconf 91' lang='lat' dir='ltr'><strong>hn-</strong></span> 
     </span>
     <span class='ocr_line' id='line_1_23' title="bbox 198 3958 1609 4058; baseline 0.002 -26"><span class='ocrx_word' id='word_1_180' title='bbox 198 3958 351 4052; x_wconf 85' lang='lat' dir='ltr'><strong>jusmodi</strong></span> <span class='ocrx_word' id='word_1_181' title='bbox 367 3959 542 4034; x_wconf 85' lang='lat' dir='ltr'><strong>discordia</strong></span> <span class='ocrx_word' id='word_1_182' title='bbox 553 3961 731 4054; x_wconf 90' lang='lat' dir='ltr'><strong>obvenire,</strong></span> <span class='ocrx_word' id='word_1_183' title='bbox 746 3969 779 4034; x_wconf 90' lang='lat' dir='ltr'><strong>et</strong></span> <span class='ocrx_word' id='word_1_184' title='bbox 790 3959 950 4057; x_wconf 91' lang='lat' dir='ltr'><strong>quodres</strong></span> <span class='ocrx_word' id='word_1_185' title='bbox 962 3961 1029 4034; x_wconf 91' lang='lat' dir='ltr'><strong>nisi</strong></span> <span class='ocrx_word' id='word_1_186' title='bbox 1038 3961 1259 4034; x_wconf 85' lang='lat' dir='ltr'><strong>absisteretur</strong></span> <span class='ocrx_word' id='word_1_187' title='bbox 1270 3961 1447 4058; x_wconf 85' lang='lat' dir='ltr'><strong>principiis</strong></span> <span class='ocrx_word' id='word_1_188' title='bbox 1463 3964 1609 4035; x_wconf 92' lang='lat' dir='ltr'><strong>multum</strong></span> 
     </span>
     <span class='ocr_line' id='line_1_24' title="bbox 202 4085 1612 4184; baseline 0.002 -26"><span class='ocrx_word' id='word_1_189' title='bbox 202 4094 293 4158; x_wconf 85' lang='lat' dir='ltr'><strong>esset</strong></span> <span class='ocrx_word' id='word_1_190' title='bbox 312 4085 457 4160; x_wconf 86' lang='lat' dir='ltr'><strong>allatura</strong></span> <span class='ocrx_word' id='word_1_191' title='bbox 475 4085 684 4161; x_wconf 86' lang='lat' dir='ltr'><strong>discriminis</strong></span> <span class='ocrx_word' id='word_1_192' title='bbox 709 4096 743 4162; x_wconf 89' lang='lat' dir='ltr'><strong>et</strong></span> <span class='ocrx_word' id='word_1_193' title='bbox 765 4088 801 4160; x_wconf 93' lang='lat' dir='ltr'><strong>in</strong></span> <span class='ocrx_word' id='word_1_194' title='bbox 820 4089 950 4162; x_wconf 88' lang='lat' dir='ltr'><strong>malum</strong></span> <span class='ocrx_word' id='word_1_195' title='bbox 966 4088 1068 4162; x_wconf 89' lang='lat' dir='ltr'><strong>altius</strong></span> <span class='ocrx_word' id='word_1_196' title='bbox 1086 4109 1324 4184; x_wconf 78' lang='lat' dir='ltr'><strong>progressura,</strong></span> <span class='ocrx_word' id='word_1_197' title='bbox 1352 4087 1507 4183; x_wconf 88' lang='lat' dir='ltr'><strong>cepimus</strong></span> <span class='ocrx_word' id='word_1_198' title='bbox 1524 4089 1612 4162; x_wconf 90' lang='lat' dir='ltr'><strong>inter</strong></span> 
     </span>
     <span class='ocr_line' id='line_1_25' title="bbox 202 4211 1614 4309; baseline 0.002 -26"><span class='ocrx_word' id='word_1_199' title='bbox 202 4221 236 4283; x_wconf 86' lang='lat' dir='ltr'><strong>ta</strong></span> <span class='ocrx_word' id='word_1_200' title='bbox 252 4219 288 4284; x_wconf 89' lang='lat' dir='ltr'><strong>et</strong></span> <span class='ocrx_word' id='word_1_201' title='bbox 305 4211 463 4286; x_wconf 87' lang='lat' dir='ltr'><strong>eamdem</strong></span> <span class='ocrx_word' id='word_1_202' title='bbox 480 4213 675 4286; x_wconf 86' lang='lat' dir='ltr'><strong>societatem</strong></span> <span class='ocrx_word' id='word_1_203' title='bbox 694 4213 790 4309; x_wconf 91' lang='lat' dir='ltr'><strong>pacis</strong></span> <span class='ocrx_word' id='word_1_204' title='bbox 808 4213 951 4287; x_wconf 90' lang='lat' dir='ltr'><strong>consilia</strong></span> <span class='ocrx_word' id='word_1_205' title='bbox 972 4211 1136 4308; x_wconf 81' lang='lat' dir='ltr'><strong>cogitare.</strong></span> <span class='ocrx_word' id='word_1_206' title='bbox 1164 4213 1379 4308; x_wconf 89' lang='lat' dir='ltr'><strong>Quapropter</strong></span> <span class='ocrx_word' id='word_1_207' title='bbox 1405 4213 1529 4286; x_wconf 83' lang='lat' dir='ltr'><strong>tuturis</strong></span> <span class='ocrx_word' id='word_1_208' title='bbox 1550 4213 1614 4286; x_wconf 91' lang='lat' dir='ltr'><strong>ob-</strong></span> 
     </span>
     <span class='ocr_line' id='line_1_26' title="bbox 202 4334 1614 4432; baseline 0.003 -28"><span class='ocrx_word' id='word_1_209' title='bbox 202 4334 299 4407; x_wconf 86' lang='lat' dir='ltr'><strong>viare</strong></span> <span class='ocrx_word' id='word_1_210' title='bbox 315 4335 477 4430; x_wconf 90' lang='lat' dir='ltr'><strong>periculis</strong></span> <span class='ocrx_word' id='word_1_211' title='bbox 492 4337 684 4432; x_wconf 89' lang='lat' dir='ltr'><strong>cupientes,</strong></span> <span class='ocrx_word' id='word_1_212' title='bbox 705 4337 847 4411; x_wconf 89' lang='lat' dir='ltr'><strong>dilectos</strong></span> <span class='ocrx_word' id='word_1_213' title='bbox 860 4336 949 4409; x_wconf 89' lang='lat' dir='ltr'><strong>filios</strong></span> <span class='ocrx_word' id='word_1_214' title='bbox 963 4347 1096 4410; x_wconf 90' lang='lat' dir='ltr'><strong>nostros</strong></span> <span class='ocrx_word' id='word_1_215' title='bbox 1111 4338 1142 4410; x_wconf 83' lang='lat' dir='ltr'><strong>J.</strong></span> <span class='ocrx_word' id='word_1_216' title='bbox 1158 4337 1395 4410; x_wconf 87' lang='lat' dir='ltr'><strong>Penestrinum</strong></span> <span class='ocrx_word' id='word_1_217' title='bbox 1415 4337 1560 4409; x_wconf 89' lang='lat' dir='ltr'><strong>electum</strong></span> <span class='ocrx_word' id='word_1_218' title='bbox 1579 4345 1614 4410; x_wconf 91' lang='lat' dir='ltr'><strong>et</strong></span> 
     </span>
     <span class='ocr_line' id='line_1_27' title="bbox 203 4457 1613 4557; baseline 0.001 -26"><span class='ocrx_word' id='word_1_219' title='bbox 203 4457 244 4531; x_wconf 89' lang='lat'><strong>0.</strong></span> <span class='ocrx_word' id='word_1_220' title='bbox 274 4460 390 4533; x_wconf 88' lang='lat' dir='ltr'><strong>Sancti</strong></span> <span class='ocrx_word' id='word_1_221' title='bbox 412 4460 542 4535; x_wconf 89' lang='lat' dir='ltr'><strong>Nicolai</strong></span> <span class='ocrx_word' id='word_1_222' title='bbox 570 4462 607 4533; x_wconf 94' lang='lat' dir='ltr'><strong>in</strong></span> <span class='ocrx_word' id='word_1_223' title='bbox 626 4461 767 4536; x_wconf 90' lang='lat' dir='ltr'><strong>Caroere</strong></span> <span class='ocrx_word' id='word_1_224' title='bbox 791 4461 948 4535; x_wconf 86' lang='lat' dir='ltr'><strong>Tulliano</strong></span> <span class='ocrx_word' id='word_1_225' title='bbox 971 4460 1153 4535; x_wconf 87' lang='lat' dir='ltr'><strong>diaconum</strong></span> <span class='ocrx_word' id='word_1_226' title='bbox 1179 4459 1391 4534; x_wconf 86' lang='lat' dir='ltr'><strong>cardinalem</strong></span> <span class='ocrx_word' id='word_1_227' title='bbox 1420 4463 1465 4534; x_wconf 87' lang='lat' dir='ltr'><strong>ad</strong></span> <span class='ocrx_word' id='word_1_228' title='bbox 1497 4470 1613 4557; x_wconf 89' lang='lat' dir='ltr'><strong>partes</strong></span> 
     </span>
     <span class='ocr_line' id='line_1_28' title="bbox 203 4581 1615 4683; baseline 0.001 -28"><span class='ocrx_word' id='word_1_229' title='bbox 203 4581 420 4672; x_wconf 85' lang='lat' dir='ltr'><strong>lombardie,</strong></span> <span class='ocrx_word' id='word_1_230' title='bbox 438 4585 621 4660; x_wconf 90' lang='lat' dir='ltr'><strong>commisso</strong></span> <span class='ocrx_word' id='word_1_231' title='bbox 639 4585 690 4661; x_wconf 90' lang='lat' dir='ltr'><strong>ois</strong></span> <span class='ocrx_word' id='word_1_232' title='bbox 704 4587 804 4683; x_wconf 91' lang='lat' dir='ltr'><strong>plene</strong></span> <span class='ocrx_word' id='word_1_233' title='bbox 821 4586 1002 4682; x_wconf 74' lang='lat' dir='ltr'><strong>legationis</strong></span> <span class='ocrx_word' id='word_1_234' title='bbox 1015 4585 1140 4678; x_wconf 90' lang='lat' dir='ltr'><strong>officio,</strong></span> <span class='ocrx_word' id='word_1_235' title='bbox 1159 4596 1300 4682; x_wconf 90' lang='lat' dir='ltr'><strong>propter</strong></span> <span class='ocrx_word' id='word_1_236' title='bbox 1318 4585 1385 4659; x_wconf 92' lang='lat' dir='ltr'><strong>hoc</strong></span> <span class='ocrx_word' id='word_1_237' title='bbox 1400 4585 1615 4682; x_wconf 91' lang='lat' dir='ltr'><strong>providimus</strong></span> 
     </span>
     <span class='ocr_line' id='line_1_29' title="bbox 205 4705 1615 4808; baseline -0.001 -26"><span class='ocrx_word' id='word_1_238' title='bbox 205 4705 446 4795; x_wconf 87' lang='lat' dir='ltr'><strong>destinandos;</strong></span> <span class='ocrx_word' id='word_1_239' title='bbox 459 4711 588 4806; x_wconf 89' lang='lat' dir='ltr'><strong>quibus</strong></span> <span class='ocrx_word' id='word_1_240' title='bbox 598 4711 643 4785; x_wconf 91' lang='lat' dir='ltr'><strong>ad</strong></span> <span class='ocrx_word' id='word_1_241' title='bbox 654 4713 782 4784; x_wconf 91' lang='lat' dir='ltr'><strong>bonnm</strong></span> <span class='ocrx_word' id='word_1_242' title='bbox 796 4711 891 4808; x_wconf 91' lang='lat' dir='ltr'><strong>pacis</strong></span> <span class='ocrx_word' id='word_1_243' title='bbox 902 4711 1197 4808; x_wconf 90' lang='lat' dir='ltr'><strong>interponentibus</strong></span> <span class='ocrx_word' id='word_1_244' title='bbox 1208 4711 1391 4786; x_wconf 85' lang='lat' dir='ltr'><strong>efficaciter</strong></span> <span class='ocrx_word' id='word_1_245' title='bbox 1404 4721 1519 4806; x_wconf 87' lang='lat' dir='ltr'><strong>partes</strong></span> <span class='ocrx_word' id='word_1_246' title='bbox 1534 4731 1615 4782; x_wconf 90' lang='lat' dir='ltr'><strong>suas</strong></span> 
     </span>
    </p>
   </div>
   <div class='ocr_carea' id='block_1_8' title="bbox 0 0 2165 5908">
    <p class='ocr_par' dir='ltr' id='par_1_8' title="bbox 0 0 2165 5908">
     <span class='ocr_line' id='line_1_30' title="bbox 0 0 2165 5908; baseline 0 0"><span class='ocrx_word' id='word_1_247' title='bbox 0 0 2165 5908; x_wconf 95' lang='lat' dir='ltr'><strong> </strong></span> 
     </span>
    </p>
   </div>
  </div>
 </body>
</html>
