4298 5906
1048 605 1401 670 consalutatores

884 897 1083 974 TlTULUS
1113 898 1352 974 Lxxxvnl.
1380 901 1441 972 ΞΕ
1465 897 1555 993 (65).

583 1075 651 1160 Qui
672 1095 805 1146 ramum
827 1074 867 1146 dc
887 1075 956 1147 olto
973 1077 1152 1170 projiciens
1174 1077 1227 1148 ccl
1246 1097 1281 1148 ae
1294 1077 1496 1174 precipitante
1513 1077 1672 1149 mmmm
1687 1075 1850 1150 οοοίάοπε.

1117 1275 1209 1324 rann
1239 1277 1323 1326 aar.

565 1429 632 1516 Qui
655 1429 701 1504 de
722 1430 792 1504 alto
816 1430 967 1526 seipsum
986 1429 1169 1527 precipitat
1189 1441 1224 1504 et
1247 1431 1420 1506 hominem
1445 1429 1628 1527 occiderit,
1651 1443 1686 1508 ct
1709 1433 1769 1530 qui
1793 1455 1926 1507 murum

516 1556 654 1628 incaute
672 1555 808 1651 projicit
826 1563 861 1628 et
876 1576 945 1627 non
964 1556 1152 1651 proclamat
1166 1577 1228 1630 seu
1246 1555 1397 1652 lapidem
1411 1557 1558 1653 projicit,
1573 1559 1820 1654 hominemque
1836 1559 1928 1632 occi·

515 1679 616 1769 derit,
637 1701 726 1776 pene
745 1680 880 1776 capitali
899 1681 1113 1753 succumbat.

906 2009 1110 2082 TITULUS
1140 2011 1345 2083 LXXXIX.
1372 2011 1425 2096 Ξς
1449 2009 1538 2106 (66).

689 2189 736 2258 lle
749 2209 838 2284 pena
859 2187 1026 2260 mminom
1041 2189 1147 2259 oliam
1162 2189 1379 2260 occidentium
1400 2188 1535 2261 diuersis
1556 2211 1602 2260 coc
1615 2191 1755 2262 casina.

974 2389 1193 2439 tuouuarba
1225 2389 1471 2439 subbulliens,

567 2547 692 2645 Penam
718 2521 918 2640 precedenti
940 2545 1115 2618 sanctione
1136 2553 1297 2618 statutam
1327 2545 1546 2640 imperialiter
1571 2545 1789 2639 mitigantes,
1814 2545 1933 2620 decer·

519 2669 635 2742 nimus
654 2689 735 2742 eum
757 2668 819 2764 qui
839 2689 878 2741 se
898 2667 944 2741 dc
960 2669 1028 2741 alto
1050 2668 1231 2764 precipitat
1249 2669 1305 2742 vel
1322 2691 1369 2741 cx
1386 2670 1457 2742 alto
1481 2669 1619 2742 incante
1642 2657 1935 2766 aliquid'projiea
2088 2667 2095 2692 '

518 2805 553 2870 et
568 2791 717 2891 proinde
730 2791 896 2866 occiderit
912 2792 1077 2888 aliquem,
1099 2793 1130 2866 si
1150 2791 1292 2888 quidem
1312 2795 1347 2866 in
1366 2795 1443 2868 loco
1461 2793 1642 2868 habitabili
1660 2793 1726 2868 hoc
1741 2795 1932 2890 contingat,

520 2943 732 3019 perannum
759 2919 886 2994 carceri
914 2919 1117 3015 mancipari.
1138 2919 1239 3005 Quod
1261 2919 1291 2992 si
1313 2919 1378 2994 hec
1399 2921 1435 2992 in
1456 2921 1705 3018 campestribus
1727 2919 1933 3016 acciderint,

521 3055 734 3121 sacramento
745 3045 790 3118 ab
803 3045 880 3140 ipso
895 3044 1036 3140 prestito
1051 3041 1147 3140 quod
1161 3052 1394 3118 transeuntem
1412 3065 1482 3118 non
1498 3043 1636 3134 viderit,
1649 3046 1743 3118 omni
1759 3045 1936 3120 calumnia

523 3173 717 3246 absolutum
732 3169 846 3265 ipsum
861 3189 937 3242 ease
955 3189 1148 3244 censemus.
1166 3167 1268 3253 Quod
1286 3169 1314 3240 ai
1337 3189 1384 3242 ex
1403 3167 1566 3264 predictis
1586 3189 1770 3265 percussus
1792 3170 1938 3244 minima

524 3297 702 3386 moriatur,
720 3315 840 3368 omnes
866 3315 1037 3390 expensas
1055 3295 1167 3386 justas
1185 3290 1234 3390 [et
1248 3290 1454 3390 moderatas]
1475 3316 1563 3388 quas
1583 3294 1623 3366 in
1640 3295 1716 3390 ipsa
1737 3293 1937 3369 infirmitate

524 3421 641 3494 lecerit
660 3430 730 3492 tam
747 3439 810 3516 pro
830 3439 869 3493 se
886 3439 991 3513 qnam
1012 3437 1075 3513 pro
1099 3415 1293 3504 medicinis.
1310 3417 1449 3490 incaute
1463 3417 1647 3512 projiciens
1665 3417 1699 3491 ci
1720 3417 1866 3492 reddere
1885 3427 1937 3494 te·

524 3557 657 3620 nentur.
685 3542 899 3643 [Absortium
926 3543 1074 3616 enimin
1098 3562 1178 3614 caeo
1204 3541 1269 3614 isto
1285 3539 1502 3636 previdimus
1525 3541 1648 3637 punire
1665 3541 1832 3636 equaliter
1852 3543 1937 3614 aim-

522 3671 645 3767 plicem
665 3677 700 3742 et
715 3663 902 3765 dolosum]

977 3949 1177 4024 arnonus
1204 3950 1278 4024 xo.
1306 3952 1364 4022 az
1389 3945 1479 4047 (ot).

887 4133 933 4202 lle
946 4129 1128 4202 aleatorum
1146 4141 1179 4201 ct
1199 4131 1397 4204 detritionem
1414 4131 1569 4222 iraserat'o.

1067 4332 1157 4380 roan
1189 4299 1386 4382 auon'srns.

574 4486 687 4558 lllorcs
712 4484 877 4559 dissolute
901 4485 1090 4556 viventium
1113 4485 1310 4581 interposite
1333 4507 1421 4582 pene
1438 4485 1620 4560 formidine
1641 4481 1688 4558 ad
1705 4483 1840 4576 frugem
1864 4502 1938 4553 me·

527 4609 622 4682 lioris
638 4610 710 4682 vite
728 4607 894 4682 reducere
906 4610 1096 4704 cupientes,
1113 4609 1298 4685 statuimus
1310 4631 1370 4686 cos
1382 4611 1443 4704 qai
1460 4611 1507 4685 ad
1526 4611 1638 4684 (latios
1656 4609 1708 4684 sic
1724 4630 1771 4682 cx
1782 4605 1936 4702 quadam

529 4735 780 4809 consuetudine
792 4733 918 4807 ludunt
930 4745 963 4806 et
978 4735 1012 4804 in
1027 4733 1110 4807 ludo
1121 4734 1197 4830 ipso
1210 4734 1372 4808 continue
1387 4745 1633 4809 conversantur
1648 4743 1687 4806 ut
1704 4732 1857 4806 nullialii
1872 4753 1935 4806 va-
