4298 5906
686 731 1041 838 APPENDIX
1083 725 1746 839 CONSTITUTIONUII.

1016 1083 1413 1098 mnu--

559 1367 736 1452 Mandata
753 1368 802 1450 do
819 1391 942 1478 poena
960 1367 1147 1450 sumenda
1164 1373 1318 1476 propter
1339 1363 1417 1451 rim
1444 1363 1669 1448 mulieribus
1686 1362 1846 1446 illatam.
1866 1408 1923 1424 -

509 1500 567 1585 cf.
589 1501 658 1586 lib.
676 1502 714 1610 I,
733 1500 792 1584 tit.
813 1502 917 1611 XXI,
937 1501 1057 1608 XXII,
1078 1500 1213 1610 XXIII,
1233 1527 1274 1611 p.
1295 1503 1446 1586 etr-26.

1197 1773 1224 1846 I.

585 2003 712 2083 (Inedlt.
726 2021 764 2066 ex
778 2004 845 2066 uod.
863 2003 1003 2066 Bibliotb.
1016 2003 1186 2070 Vlndobon.
1209 2005 1289 2066 doto
1301 1999 1467 2084 Pilloloan
1479 2011 1547 2077 ³0⁵,
1564 2001 1614 2063 lob
1630 2010 1698 2080 tett,
1713 2001 1916 2079 recto-uerso.)

553 2161 769 2256 Frederious,
790 2173 872 2256 etc,
897 2163 958 2236 toti
969 2163 1098 2257 judici,
1122 2173 1188 2238 etc.
1209 2165 1293 2236 Rem
1320 2161 1519 2237 horribilem
1537 2170 1572 2234 et
1594 2160 1703 2256 quieti
1722 2169 1915 2234 nostrorum
2057 2165 2068 2180 ·

506 2296 695 2382 temporum
724 2287 846 2360 merito
867 2286 1105 2382 displicentem
1129 2296 1326 2384 exponente
1350 2287 1413 2359 rati
1435 2307 1547 2384 nuper
1569 2277 1770 2359 audivimus
1789 2313 1799 2357 z
1819 2285 1916 2380 quud

505 2411 589 2484 dum
609 2412 686 2484 ratis
705 2412 767 2484 teli
782 2411 905 2485 ancille
922 2433 986 2486 sue
1007 2413 1153 2508 virginis
1172 2413 1376 2510 pudicitiam
1400 2420 1634 2508 attemptusset
1656 2432 1719 2485 nec
1739 2411 1848 2507 ipsam
1868 2411 1916 2486 ad

503 2557 567 2609 sue
590 2535 746 2609 libidinis
773 2546 905 2610 motum
927 2537 1157 2611 voluntariam
1183 2537 1392 2630 invenisset,
1412 2536 1643 2633 oportunitate
1664 2545 1765 2632 capta
1788 2535 1834 2609 dc
1851 2537 1913 2608 ab·

502 2659 612 2734 sentia
629 2682 693 2734 sne
710 2662 831 2734 uxoris
855 2670 890 2732 et
908 2661 1037 2735 lamilie
1054 2661 1182 2758 ipsius,
1205 2661 1379 2756 adipsum
1397 2659 1554 2734 ancillam
1577 2659 1731 2732 subitum
1754 2660 1835 2734 lecit
1855 2661 1915 2734 ln-

503 2787 651 2877 sultum,
680 2786 889 2880 virginitatis
918 2807 982 2860 sne
1007 2787 1156 2882 spolium
1185 2787 1347 2884 cupiens,
1377 2784 1474 2881 quod
1500 2785 1615 2882 puelle
1641 2785 1817 2859 voluntate
1842 2806 1913 2858 non

501 2920 651 3006 poterat,
671 2933 734 3007 per
754 2911 954 2987 ululentiam
973 2911 1142 2984 obtinere.
1161 2909 1264 2996 Quod
1284 2910 1388 2984 etiam
1410 2932 1491 2983 cum
1509 2911 1547 2982 in
1568 2909 1735 2983 clamores
1759 2910 1914 2984 mulieris

501 3036 646 3130 pretate,
657 3057 727 3131 quc
740 3057 778 3108 se
796 3035 1026 3110 imbecillitate
1043 3035 1203 3110 muliebri
1222 3034 1407 3109 defendere
1425 3034 1613 3125 nitebatur,
1626 3033 1751 3107 vicinIs
1764 3055 1914 3108 concur-

502 3159 658 3233 rentibus
670 3160 810 3256 asscqui
828 3161 971 3234 minime
986 3161 1166 3257 potuisset,
1176 3159 1351 3233 continere
1368 3141 1497 3232 crimen
1515 3157 1682 3232 indictum
1692 3156 1738 3256 (l)
1745 3159 1816 3232 lesa
1830 3179 1914 3232 oon·

501 3283 644 3359 scientie
657 3307 726 3359 non
742 3286 891 3374 valente,
904 3287 1022 3381 lugam
1038 3285 1182 3382 arripuit
1198 3295 1237 3358 ut
1254 3307 1315 3381 per
1332 3283 1524 3358 absentiam
1543 3305 1606 3357 suc
1623 3281 1743 3380 (juste)
1758 3283 1913 3359 vindicte

495 3408 667 3502 judIoinm
686 3409 842 3485 evitaret.
867 3409 952 3482 Cum
973 3410 1079 3504 igitur
1095 3418 1213 3506 raptus
1235 3409 1404 3484 habeatur
1421 3409 1562 3505 iniquus
1580 3419 1615 3482 et
1633 3409 1759 3482 nostris
1776 3409 1911 3504 legibus

498 3555 540 3608 ac
557 3535 629 3608 llao
642 3532 801 3607 odiosum
812 3532 904 3631 (sie),
917 3532 1073 3607 fidelitati
1083 3543 1142 3607 tue
1155 3532 1361 3608 mandamus
1374 3533 1539 3630 quatinus
1551 3531 1598 3606 ad
1611 3533 1910 3630 investigationem

496 3657 723 3732 malefactoris
747 3658 857 3753 ipsius
878 3659 973 3731 omni
997 3657 1227 3732 sollicitndIne
1251 3657 1426 3732 studiosus
1453 3657 1624 3750 existens,
1649 3657 1908 3754 inquisitionem

495 3783 540 3857 de
566 3781 735 3856 maleficio
761 3781 868 3854 saclas
894 3780 1114 3877 diligentem,
1140 3805 1182 3856 ao
1209 3783 1390 3856 inventum
1412 3781 1575 3856 eumdem
1597 3783 1797 3858 cautissima
1820 3806 1908 3858 cus-

490 3906 584 3980 todia
603 3907 708 3980 lacios
731 3906 917 3994 reservari;
940 3906 987 3981 ita
1002 3906 1098 4003 quod
1115 3903 1181 4006 [si]
1204 3907 1409 3982 maleficium
1433 3910 1484 3980 sic
1506 3907 1691 3980 enormiter
1712 3918 1747 3980 et
1764 3929 1905 3982 enorme

494 4035 684 4127 reppereris
703 4041 946 4128 perpetratum,
969 4032 1197 4106 malefactoris
1212 4032 1311 4128 copia
1328 4033 1391 4106 tibi
1410 4033 1531 4106 deesse
1548 4054 1619 4106 nou
1636 4033 1743 4129 possit
1758 4034 1845 4128 quiu
1861 4031 1907 4106 ad

495 4177 621 4252 penam
644 4156 808 4231 continno
828 4156 946 4230 valeas
968 4156 1137 4252 prosilire.
1166 4157 1303 4252 Equum
1327 4157 1453 4230 etenim
1472 4167 1525 4231 est
1543 4167 1582 4230 ut
1596 4179 1702 4254 quem
1719 4157 1766 4231 ad
1784 4179 1906 4255 perpe·

494 4281 674 4354 tratiouem
696 4281 801 4375 hujus
818 4281 971 4354 criminIs
989 4281 1162 4355 temeritas
1180 4281 1335 4378 impulsit
1351 4292 1387 4354 et
1409 4281 1456 4355 ad
1474 4283 1723 4356 contessionem
1746 4283 1907 4356 facinoris

492 4405 575 4498 lugu
602 4405 732 4498 coegit,
761 4403 922 4478 eumdem
952 4404 1102 4500 diligens
1134 4405 1291 4479 custodia
1320 4416 1434 4480 teneat
1460 4415 1496 4479 et
1516 4405 1640 4500 judicii
1670 4405 1787 4481 debita
1816 4427 1905 4504 pena

492 4531 647 4626 castiget.
