4288 5912
204 589 303 652 tntu.
320 587 366 665 6.]
652 583 849 647 HISTORIA
872 577 1164 642 olebonaatca
1551 577 1611 640 433

201 726 335 816 Brixis,
352 725 526 814 Bononio,
546 721 736 812 Placentia,
756 721 891 813 Padus,
910 718 1046 809 Cumis,
1063 717 1219 808 Mantus,
1239 717 1406 808 Ferraria,
1427 717 1608 806 Faventia,

202 852 349 946 aliisque
361 849 446 923 locis
460 858 494 922 et
511 847 666 944 personis
679 847 891 943 quibuslibet
904 841 1073 918 societatis
1091 839 1259 934 ejusdam.
1278 841 1395 916 Facias
1413 841 1514 914 etiam
1536 840 1611 914 fieri

203 985 359 1072 patentes
372 975 501 1047 litteras
521 979 676 1066 exparte
699 971 761 1044 lilii
778 972 829 1043 tui
847 969 943 1066 quod
961 989 1080 1064 paoem
1097 977 1132 1039 et
1151 967 1370 1041 concordiam
1387 967 1487 1039 istam
1501 974 1611 1039 ratam

203 1100 346 1174 habebit
361 1109 396 1172 et
410 1097 562 1190 firmam,
576 1106 611 1170 st
623 1097 770 1172 remittet
782 1098 850 1170 illis
861 1096 906 1171 de
919 1094 1080 1168 societate
1095 1113 1232 1166 ornnem
1247 1114 1442 1178 rancorem,
1463 1092 1611 1164 malivo-

203 1224 364 1316 lentiam,
383 1221 526 1316 injurias
546 1231 580 1296 et
597 1220 754 1296 offensas.
784 1221 840 1294 Hii
863 1230 979 1295 autem
998 1217 1157 1311 quisunt
1179 1217 1224 1291 de
1243 1217 1404 1290 societate
1419 1217 1548 1312 prelata
1564 1215 1612 1290 ad

204 1345 370 1420 honorem
383 1343 444 1418 Dei
455 1344 697 1440 omnipotentis
712 1355 747 1420 at
759 1345 912 1418 Ecclesia
927 1363 990 1416 sue
1006 1363 1048 1414 ac
1065 1351 1163 1412 tuum
1177 1339 1261 1414 dent
1271 1363 1334 1437 pro
1344 1339 1499 1414 subsidio
1512 1342 1613 1414 Terre

205 1469 328 1543 Sancte
353 1469 390 1541 iu
411 1467 575 1564 expensis
599 1469 770 1544 societatis
792 1467 945 1566 predicte
968 1488 1030 1562 per
1057 1465 1235 1538 biennium
1258 1466 1384 1540 milites
1406 1465 1612 1560 quingentos

205 1594 315 1668 ituros
334 1593 371 1666 in
392 1593 538 1666 termino
553 1613 657 1688 quem
675 1594 827 1668 Romana
848 1591 999 1666 Ecclesia
1026 1590 1166 1663 duxerit
1181 1589 1440 1687 prefigeudum‚
1464 1611 1552 1686 quos
1574 1591 1611 1662 iu

207 1717 339 1811 eundo,
367 1717 535 1790 morando
558 1726 594 1790 et
609 1717 789 1792 redeundo
813 1717 965 1790 Ecclesia
984 1717 1136 1790 Romana
1153 1715 1219 1788 suh
1243 1716 1381 1811 speciali
1404 1717 1613 1812 protectione

207 1842 370 1938 suscipiet
381 1863 461 1914 cum
475 1842 633 1914 omnibus
644 1842 744 1916 bonis
757 1842 848 1931 snis;
861 1862 902 1916 ac
913 1840 1123 1930 civitatibus,
1137 1839 1430 1935 locisstpersonis
1444 1840 1613 1936 imperiali

207 1966 410 2040 excellentie
424 1965 670 2040 adherentibus
683 1977 753 2040 tam
767 1964 1005 2040 ecclesiasticis
1018 1986 1124 2059 quam
1140 1963 1327 2038 mundanis
1344 1964 1478 2038 firmam
1493 1987 1613 2060 pacem

207 2090 451 2164 inviolabiliter
475 2099 630 2180 servent,
657 2091 866 2165 remittentes
890 2090 942 2164 eis
959 2111 1097 2162 omnem
1116 2111 1311 2182 rancorem,
1332 2089 1610 2180 malivolentiam,

206 2216 351 2309 injurias
364 2223 399 2290 et
408 2214 569 2308 offensas,
585 2237 627 2290 ac
640 2225 803 2290 revocent
819 2215 935 2289 omnia
946 2215 1074 2306 banna,
1087 2215 1359 2308 constitutiones,
1376 2215 1563 2290 sententias
1578 2226 1614 2290 et

206 2341 441 2415 ordinamenta
460 2361 530 2435 quc
555 2340 728 2414 discordie
747 2341 927 2414 occasione
945 2340 1110 2436 premisse
1130 2341 1284 2414 lecerunt
1301 2341 1357 2412 vel
1377 2341 1614 2435 imposuerunt

206 2465 419 2557 civitatibus,
445 2465 529 2538 locis
554 2474 589 2538 et
612 2466 767 2561 personis
791 2465 961 2560 imperiali
984 2463 1178 2538 celsitudini
1204 2463 1449 2538 adherentibus
1465 2474 1500 2538 et
1520 2483 1612 2558 que-

205 2611 355 2685 cumque
372 2589 487 2664 exeis
505 2598 622 2662 secuta
638 2600 720 2662 sunt
733 2589 789 2663 vel
803 2589 849 2662 ob
862 2589 949 2684 ipsa.
968 2589 1123 2662 Ceterum
1135 2589 1202 2662 alia
1213 2609 1283 2682 qne
1296 2588 1332 2660 in
1343 2587 1499 2681 ejusdem
1517 2609 1610 2662 com·

205 2713 364 2810 promissi
381 2715 470 2788 serie
486 2715 705 2788 continentur
721 2723 835 2787 nostre
853 2713 1070 2810 providentie
1088 2735 1314 2786 reservamus.
1342 2713 1494 2808 ideoque
1511 2733 1611 2786 sere-

206 2839 346 2914 nitatem
367 2849 461 2912 tuam
476 2861 661 2934 rogamus,
685 2861 866 2912 monemus
887 2849 923 2912 et
943 2838 1119 2912 hortamur
1139 2837 1302 2910 attentius
1318 2859 1359 2911 ac
1376 2838 1443 2910 snb
1457 2836 1611 2933 predicta

204 2985 296 3060 pena
309 2963 517 3038 mandamus
528 2964 692 3059 quatinus
701 2961 856 3060 predicta
866 2964 982 3036 omnia
995 2983 1058 3059 pro
1071 2971 1169 3057 parte
1183 2973 1243 3034 tua
1254 2983 1384 3054 serves,
1401 2962 1491 3036 sicut
1501 2962 1611 3058 impe·

204 3088 324 3162 rialem
348 3087 697 3181 deoetconstantiam,
718 3087 935 3180 inconcussa,
960 3096 995 3160 et
1012 3108 1117 3182 super
1133 3087 1200 3160 hoc
1215 3087 1316 3160 nohis
1335 3088 1436 3180 juxta
1458 3097 1612 3160 tenorem

205 3233 309 3308 wem
322 3211 385 3283 tibi
401 3213 675 3302 transmittimus,
692 3220 770 3286 tuas
785 3221 819 3283 et
836 3210 899 3283 filii
915 3213 966 3284 tui
982 3232 1084 3284 cures
1097 3231 1210 3306 usque
1229 3210 1276 3284 ad
1295 3213 1419 3284 lestnm
1434 3211 1525 3286 beati
1541 3212 1613 3284 ldi-

205 3335 333 3408 chaelis
355 3335 515 3431 proximo
533 3337 688 3410 luturum
712 3343 867 3432 patentes
889 3335 1022 3410 mittero
1043 3336 1173 3409 litteras
1190 3336 1392 3410 excellentie
1410 3345 1470 3410 tue
1485 3357 1527 3410 ac
1546 3356 1612 3409 suo

204 3459 339 3555 typario
357 3459 550 3553 insignitas.

252 3586 376 3658 Datum
390 3585 546 3658 Laterani
566 3585 636 3683 (l),
655 3586 755 3660 nonis
769 3586 879 3678 junii,
901 3607 994 3659 anno
1012 3585 1167 3681 septimo.

283 3791 319 3851 In
341 3789 479 3852 eumdem
498 3789 620 3852 modum
638 3790 781 3867 scriptum
800 3796 845 3851 est
865 3789 1026 3851 rectoribus
1039 3789 1191 3852 societatis
1204 3787 1410 3864 lombardlae,
1425 3787 1573 3850 Marchlas
1585 3795 1617 3850 et

323 3896 495 3970 Romanius,
510 3896 613 3958 verbis
621 3903 819 3974 competenter
833 3900 969 3973 nutatim
985 3898 1046 3958 dat.
1057 3897 1204 3969 Laterani,
1219 3899 1343 3974 septimo
1356 3897 1423 3958 ldus
1433 3897 1521 3974 Junll,
1536 3913 1615 3958 anno

324 4005 460 4079 septlmo.
477 4003 574 4078 Quam
588 4005 763 4065 sententiam
781 4005 937 4066 edldernnt
949 4003 1090 4084 Semoni,
1104 3999 1214 4066 Annei.
1234 4000 1369 4085 Boloqo,
1383 4009 1407 4065 t.
1422 4005 1482 4078 ΙΙΙ,
1497 4020 1527 4081 p.
1544 4011 1615 4086 126,

1522 4159 1609 4172 —n-

239 4240 276 4313 (t)
296 4241 416 4298 «llensa
429 4241 517 4299 martii
530 4247 638 4300 sanator
650 4257 712 4300 cnm
729 4243 863 4301 nonnullis
882 4243 917 4300 ds
937 4243 1084 4318 majoribus
1104 4243 1183 4302 Urbis
1204 4242 1239 4301 ad
1261 4257 1361 4318 papam
1383 4243 1455 4319 apud
1468 4243 1615 4317 Anagrriam

202 4337 314 4395 radunt.
325 4337 443 4407 Quorum
460 4338 584 4398 inductus
599 4341 727 4414 precibus
739 4357 801 4399 cum
815 4341 975 4416 quibusdam
989 4358 1025 4400 ex
1037 4341 1218 4400 cardinalibus
1231 4341 1265 4400 ad
1283 4341 1385 4400 Urbem
1398 4341 1482 4414 vadit,
1496 4341 1544 4400 ubi
1553 4357 1616 4402 cum

202 4435 305 4496 honore
317 4437 433 4496 maximo
443 4439 622 4498 llomanorum
636 4445 761 4514 receptus
773 4445 828 4511 est,
841 4446 869 4498 et
882 4456 945 4514 pars
958 4440 1059 4514 reliqua
1071 4440 1247 4498 cardinalium
1261 4441 1333 4515 apud
1346 4440 1496 4514 Anagniam
1510 4456 1614 4498 reman-

201 4534 246 4592 sit.
262 4533 365 4592 »arcu
384 4552 421 4593 ns
439 4535 467 4594 S.
481 4535 629 4611 Gannsno,
643 4538 767 4598 Obroaic.
783 4538 817 4596 ad
834 4555 896 4596 ann.
914 4537 955 4598 (ΙΙ.
968 4540 1022 4596 Vit.
1039 4538 1453 4613 Grecor.1X,ap.bluasr0n1,
1469 4539 1612 4613 Saipros,

202 4624 222 4688 t:
236 4631 290 4703 111,
304 4647 333 4706 p.
353 4633 655 4710 staminiarum
674 4651 761 4711 papae
780 4635 876 4696 litteris
895 4652 958 4695 aum
971 4636 1094 4695 Laterani
1106 4641 1256 4696 morantem
1272 4636 1344 4696 circa
1357 4635 1438 4695 linem
1459 4636 1549 4695 martii
1568 4637 1613 4694 in-

202 4743 336 4790 venimus.

285 4829 336 4894 IV.
1412 4845 1451 4900 55
