4372 5918
775 601 901 662 REGNl
930 601 1117 662 sicinina.
1630 602 1648 662 7

240 735 337 810 debet
356 733 402 808 ab
422 735 587 809 omuibus
602 733 802 808 horribilius
814 734 963 828 judicari
981 735 1077 830 quod
1095 737 1129 807 iu
1148 734 1267 810 divine
1283 736 1470 828 majestatis
1488 736 1648 829 injuriam

240 859 451 954 dignoscitur
469 867 686 951 attentatum,
703 881 916 956 quamquam
930 861 967 932 in
988 859 1112 954 judicii
1128 871 1294 957 potestate
1310 863 1396 934 alter
1417 862 1560 934 alterum
1577 883 1646 936 nou

239 982 413 1072 excedat]
431 982 518 1054 Nam
540 981 639 1054 sicuti
661 981 908 1078 perduellionis
928 983 1057 1056 odmen
1083 1005 1246 1080 personas
1266 985 1389 1058 adimit
1406 983 1646 1058 damnatorum

238 1118 269 1179 et
284 1108 390 1198 bona,
409 1115 444 1180 et
460 1105 604 1179 damnat
621 1115 698 1203 post
717 1107 850 1180 obitum
869 1107 971 1180 etiam
993 1107 1191 1182 memoriam
1213 1109 1470 1199 detunctorum,
1491 1107 1541 1180 sic
1558 1117 1592 1180 et
1610 1107 1646 1179 in

239 1230 391 1323 prediolo
407 1230 552 1302 erimine
563 1251 635 1325 quo
654 1231 811 1304 Patareni
828 1241 991 1304 notantur
1005 1229 1055 1328 (a)
1073 1255 1135 1328 per
1151 1233 1266 1304 omnia
1278 1234 1438 1304 volumus
1456 1231 1644 1304 observari.

239 1357 275 1427 Et
293 1365 330 1426 ut
347 1355 502 1449 ipsorum
524 1353 696 1450 nequitia,
718 1355 779 1450 qui
801 1355 885 1450 quia
902 1357 1012 1428 Deum
1034 1377 1103 1428 nou
1121 1365 1313 1450 sequuntur
1336 1357 1372 1427 in
1394 1355 1545 1428 tenebris
1571 1377 1646 1428 am·

240 1479 372 1570 balant,
398 1477 595 1573 detegatur,
624 1479 762 1552 nemine
788 1480 892 1552 etiam
921 1479 1114 1570 deserente,
1143 1481 1327 1576 diligenter
1354 1480 1554 1574 investigari
1579 1502 1645 1555 vo-

239 1604 350 1676 lumus
369 1601 571 1696 hujusmodi
596 1605 765 1676 soulerum
791 1612 1000 1699 patratores,
1025 1616 1058 1678 et
1082 1627 1142 1700 per
1159 1605 1322 1679 officiales
1344 1615 1477 1678 nostros
1500 1605 1590 1677 siout
1611 1615 1646 1678 et

238 1729 317 1800 alios
346 1729 583 1802 malefactores
601 1728 747 1824 inquiri,
775 1750 816 1802 ao
840 1727 888 1824 (b)
918 1729 1138 1824 inquisitione
1162 1739 1313 1818 notatos,
1333 1729 1396 1801 etsi
1421 1729 1509 1801 levis
1530 1729 1645 1826 suspi-

237 1853 341 1925 cionis
364 1863 569 1947 argumento
600 1863 796 1948 tangantur,
823 1875 844 1926 a
867 1853 952 1924 viris
976 1853 1213 1926 ecclesiasticis
1234 1863 1268 1926 et
1290 1853 1430 1949 prelatis
1453 1853 1645 1926 examinari

234 1979 412 2068 jubemus3
437 2000 499 2074 per
523 1979 666 2072 quossi
691 1978 869 2052 evidenter
893 1979 1025 2052 inventi
1051 1979 1178 2051 luerint
1198 2001 1218 2051 a
1242 1976 1311 2052 fide
1333 1979 1498 2052 catholica
1523 1981 1643 2054 saltem

238 2102 267 2172 iu
284 2101 401 2196 aliquo
420 2100 465 2197 (e)
483 2100 644 2194 deviare,
665 2123 708 2176 ao
726 2124 787 2199 per
805 2103 899 2198 ipsos
919 2103 1079 2198 pastorali
1103 2124 1196 2175 more
1217 2103 1431 2194 commoniti,
1453 2104 1642 2178 tenebrosis

239 2226 365 2298 lliaboli
393 2225 520 2298 relictis
546 2225 683 2300 insidiis
709 2225 882 2300 noluerint
907 2247 1095 2320 agnoscere
1111 2227 1220 2300 Deum
1247 2227 1351 2320 lueis,
1372 2227 1435 2300 sed
1460 2228 1496 2300 in
1519 2227 1642 2302 erroris

234 2351 387 2446 concepti
413 2351 606 2424 constantia
626 2360 863 2448 perseverent,
887 2351 1055 2446 presentis
1078 2361 1192 2424 nostre
1214 2351 1299 2447 legis
1323 2351 1437 2424 edicto
1462 2351 1644 2425 damnatus

233 2485 373 2548 mortem
399 2475 469 2570 pati
491 2477 675 2550 Petarenos
699 2475 748 2572 (d)
772 2475 990 2550 decernimus
1014 2497 1119 2570 quam
1147 2476 1325 2568 affectant,
1347 2487 1386 2550 ut
1404 2477 1477 2549 vivi
1503 2479 1539 2550 in
1561 2499 1644 2550 cou-

230 2609 351 2695 speetu
380 2601 500 2696 populi
529 2601 774 2674 comburantur
797 2601 1014 2674 flammarum
1042 2601 1214 2672 commissi
1236 2601 1369 2692 judicio
1396 2600 1460 2697 (e);
1490 2623 1555 2674 nec
1579 2600 1643 2674 do·

230 2723 339 2796 lemos
354 2723 451 2818 quod
470 2725 506 2796 in
526 2725 593 2797 hoo
611 2725 764 2822 ipsorum
782 2725 1010 2798 satisfacimus
1025 2725 1193 2798 voluntati
1215 2747 1262 2800 ex
1281 2745 1352 2821 quo
1370 2748 1493 2823 penam
1512 2728 1642 2800 solum·

231 2847 335 2920 modo
354 2869 420 2920 neo
442 2851 591 2922 fructum
615 2851 764 2946 aliquem
791 2851 896 2924 alium
923 2860 1183 2944 consequuntur
1204 2852 1340 2924 erroris.
1366 2850 1471 2946 Apud
1495 2871 1558 2922 uos
1580 2871 1641 2944 pro

230 2972 357 3046 talibus
370 2973 486 3046 nullus
505 2974 714 3049 intervenire
735 2983 922 3070 presumat;
941 2975 1037 3070 quod
1052 2975 1081 3048 si
1096 2976 1176 3070 quis
1191 2976 1322 3067 lecerit,
1341 2975 1377 3046 in
1394 2975 1508 3070 ipsum
1525 2983 1639 3047 nostre

231 3096 479 3192 indignationis
493 3101 633 3174 aonleos
650 3122 720 3173 non
737 3101 906 3174 immerito
923 3099 972 3196 (s)
989 3109 1241 3174 convertemus.

271 3297 313 3378 (a)
334 3300 394 3378 Ap.
410 3300 534 3364 (laroani
553 3309 701 3379 vocentur,
717 3301 797 3382 quud
818 3305 913 3382 magle
927 3319 1032 3382 graeco
1054 3304 1179 3384 quadrat
1194 3323 1203 3366 ε
1218 3303 1258 3364 eie
1277 3310 1305 3366 et
1317 3303 1352 3364 iu
1364 3301 1506 3366 domum
1518 3305 1639 3367 Patere·

230 3423 333 3466 mmm
345 3409 478 3486 nomine,
490 3414 549 3473 nisi
563 3429 616 3490 pro
629 3410 739 3491 ὀνόματι
753 3411 909 3490 legendum
924 3414 962 3472 stt
976 3409 1141 3492 ἀνομήματι.

271 3513 310 3595 (l)
333 3516 393 3596 Ap.
406 3519 486 3582 Petr.
502 3519 539 3581 de
550 3521 620 3584 Vln.
634 3520 755 3582 additur
771 3516 915 3581 :umutile
927 3517 1060 3582 detineri.

269 3621 307 3701 (e)
333 3624 448 3686 lbldem
462 3629 537 3688 etin
550 3627 651 3690 oodiee
664 3630 759 3690 Paris.
775 3623 953 3688 inerticula

269 3726 314 3808 ld)
334 3732 390 3808 Ap
407 3733 482 3793 Petr.
498 3733 535 3794 de
544 3735 612 3796 Vlu.
630 3737 748 3797 addttur
763 3753 772 3796 ε
788 3733 915 3817 aliosque
928 3732 1063 3794 hereticos
1075 3751 1249 3816 quocumque
1261 3735 1376 3796 nomine
1388 3739 1575 3810 censeantur&
1587 3735 1639 3796 sed

227 3835 310 3898 deest
321 3839 354 3898 ln
367 3840 516 3903 oodlulbns
528 3847 558 3903 et
571 3844 602 3903 lu
620 3859 735 3922 graecu.

269 3942 307 4021 (e)
334 3945 392 4022 Ap.
408 3947 489 4008 Patr.
506 3949 543 4010 de
555 3952 625 4013 Vlu.
636 3951 772 4012 addltnr:
792 3951 828 4012 llt
840 3952 1007 4011 animarum
1021 3951 1343 4032 incondemnatam
1356 3950 1407 4011 sed
1419 3949 1499 4010 deest
1513 3951 1544 4009 lu
1559 3947 1642 4010 oudi-

227 4049 310 4112 orbus
323 4057 354 4112 et
367 4055 399 4112 ln
412 4069 527 4131 graeco.

270 4155 319 4236 (s)
333 4159 400 4220 Nou
410 4159 552 4224 immerito
568 4163 651 4225 deest
664 4167 695 4226 iu
709 4167 808 4228 codice
823 4177 901 4228 4625
915 4176 944 4228 et
958 4171 989 4227 lu
1003 4183 1118 4246 graeco.
