4298 5906
736 571 864 634 REGNI
891 571 1077 634 stetttutt
1551 573 1613 638 283

198 707 385 782 habeauto
410 705 550 781 duabus
574 705 748 803 partibus,
775 707 960 782 collatione
984 709 1074 782 lacta
1093 705 1263 804 recipiant
1279 727 1358 782 eam
1379 728 1499 782 omues
1521 709 1611 784 sicot

197 834 490 930 propinquitatem
513 831 653 905 habent.
673 831 708 903 Si
728 839 844 905 autem
859 830 1004 906 domum
1023 852 1132 928 prope
1145 840 1296 904 oestrum
1313 830 1438 904 habeat
1453 830 1516 929 (a),
1535 833 1611 930 ipse

198 978 276 1030 eam
293 957 420 1030 hebeat
438 955 500 1051 qui
519 963 749 1052 porcastrum
770 955 875 1029 habet
891 963 927 1029 ot
948 977 1019 1028 uon
1036 955 1085 1027 illi
1103 955 1164 1050 qui
1180 955 1291 1050 ipsam
1316 929 1527 1049 protimesim
1550 979 1610 1054 per

199 1080 364 1176 parietem
393 1081 522 1154 habeut
548 1079 606 1174 (b).
633 1079 694 1152 Est
718 1089 835 1155 aulem
857 1080 903 1155 de
923 1079 1077 1173 generali
1104 1078 1357 1153 consuetudine
1381 1081 1611 1176 approbatum

199 1203 299 1299 quod
312 1205 378 1278 tria
395 1214 477 1277 suut
493 1226 563 1300 qne
581 1203 794 1300 protimesim
808 1226 880 1278 uon
894 1204 1036 1295 habeut,
1052 1203 1217 1279 videlicet
1229 1203 1287 1278 via
1300 1204 1452 1299 publica,
1468 1207 1612 1282 ecclesia

200 1339 237 1402 et
250 1330 374 1404 civitas
391 1327 449 1426 (e).

283 1580 319 1640 lu
345 1577 430 1642 ntra
452 1579 608 1642 feudorum
624 1579 683 1642 alla
702 1579 848 1660 quamam
869 1579 1020 1642 adduntur
1039 1579 1189 1641 Frldertm
1208 1595 1326 1658 quoque
1344 1579 1511 1659 adscripta,
1534 1597 1612 1658 quaa

321 1686 459 1766 Gulaelnr
472 1696 502 1751 et
514 1689 593 1750 Beck
605 1695 674 1766 port
686 1690 924 1752 contitutionem
933 1688 1084 1750 &arim
1095 1689 1301 1764 msmmunt,
1315 1687 1384 1748 lieet
1395 1689 1614 1750 constitutionlr

335 1795 469 1872 ejusdam
481 1797 568 1874 quast
580 1799 808 1874 prouentum
815 1795 1023 1858 nummuodo
1035 1796 1126 1858 imaro
1137 1794 1324 1856 arbitremur.
1330 1794 1378 1858 Slo
1389 1797 1609 1874 munpruutur:

251 1980 336 2054 Cum
351 1982 515 2056 omuibus
532 1981 732 2056 homiuibus
746 1983 808 2078 qui
824 1983 961 2078 legibus
978 1992 1146 2077 regontm
1164 1991 1199 2056 ot
1216 1981 1390 2072 moribus,
1411 1991 1612 2077 preceptum

202 2126 280 2178 esse
297 2115 430 2180 constet
446 2107 625 2199 jussuum
643 2108 772 2204 cuique
789 2109 940 2182 tribuere
958 2130 1023 2181 neo
1040 2107 1201 2203 cuiquam
1215 2109 1394 2200 jussuum
1412 2105 1608 2199 detrahere,

202 2229 369 2303 libertatis
398 2230 606 2326 procedente
631 2232 741 2326 gratia
768 2253 840 2330 qua
870 2233 1069 2306 naturaliter
1094 2231 1193 2328 quod
1216 2231 1344 2327 cuique
1369 2231 1482 2304 iacere
1507 2231 1608 2321 libet,

202 2353 271 2427 nisi
288 2355 374 2452 quid
391 2355 428 2428 vi
441 2366 502 2430 aut
511 2357 590 2452 jure
603 2355 817 2452 prohibetur,
833 2365 884 2431 est
895 2377 1058 2430 concessa
1075 2355 1237 2445 iaoultas3
1254 2377 1309 2428 res
1327 2377 1408 2428 suas
1423 2355 1613 2450 unicuique

203 2478 350 2552 liberum
373 2501 449 2554 esse
470 2490 531 2552 aut
552 2491 692 2578 propter
713 2482 853 2578 nuptias
875 2481 1074 2556 donationis
1094 2490 1156 2554 aut
1172 2479 1265 2555 dotis
1286 2491 1347 2552 aut
1366 2479 1532 2576 simplicis
1545 2477 1615 2554 do-

203 2604 355 2678 nationis
375 2613 436 2678 aut
454 2605 638 2698 cujuslibet
659 2606 875 2680 alienationis
899 2615 958 2679 out
982 2605 1102 2678 ultime
1129 2605 1321 2678 voluntatis
1347 2601 1439 2702 [vel]
1464 2603 1615 2700 disposi-

203 2727 307 2802 tionis
330 2750 434 2802 oausu
449 2728 526 2802 sivo
541 2729 797 2803 testamentario
811 2732 893 2823 juro
908 2730 945 2804 iu
962 2731 1068 2804 alium
1088 2730 1284 2818 transferre,
1304 2749 1375 2801 uon
1393 2737 1445 2800 est
1459 2728 1615 2824 ambigui

199 2853 300 2945 juris.
321 2851 389 2926 Sed
409 2853 574 2948 quoniam
596 2863 631 2927 et
648 2856 727 2948 jure
754 2855 941 2952 precipitur
968 2855 1111 2928 honeste
1138 2855 1273 2943 vivere,
1296 2853 1441 2924 alterum
1465 2871 1537 2924 uou
1566 2853 1614 2926 le-

203 2976 307 3063 dere,
329 2999 373 3050 ne
397 2978 434 3050 hi
461 2979 522 3073 qui
546 2979 753 3073 cognatione
771 2982 829 3053 vel
856 2981 1102 3054 communione
1127 2979 1183 3053 rol
1208 2977 1325 3072 aliquo
1348 2975 1613 3072 propinquitatis

202 3101 310 3174 modo
333 3123 455 3174 eorum
479 3102 540 3196 qui
562 3101 723 3176 vendunt
743 3103 886 3176 urbanis
907 3104 1087 3177 rusticisve
1106 3103 1237 3200 prediis
1258 3099 1472 3192 adherendo,
1493 3101 1538 3174 ab
1559 3101 1614 3174 his

203 3224 263 3320 qui
279 3224 577 3298 intromisoeantnr
588 3225 762 3316 ledautur,
780 3229 838 3301 rel
852 3228 951 3302 aliter
969 3229 1045 3324 ipsa
1059 3227 1261 3304 venditione
1276 3225 1521 3324 impedientur,
1535 3228 1616 3320 jure

202 3347 429 3446 protimesoos
444 3349 586 3446 preferri
599 3351 787 3426 sancimus.

437 3637 505 3648 unu-*-
510 3635 1377 3650 ‘’W-

256 3869 387 3975 §le.
411 3871 636 3956 Constitutio
655 3871 733 3958 sivo
753 3873 943 3986 encyclica
960 3872 1008 3958 de
1026 3874 1213 3957 extraneis
1235 3874 1285 3956 ad
1311 3853 1546 3956 domicilium
1573 3871 1613 3954 iu

204 3999 352 4088 Siciliae
372 4030 534 4116 reguum
553 4005 858 4090 transferendum
877 4005 1115 4116 invitandis(
1143 4005 1175 4118 ).

245 4162 287 4246 (a)
308 4166 368 4244 Ap.
383 4166 516 4245 Smayna
527 4165 663 4231 Manat.

246 4267 285 4350 (l)
307 4273 366 4348 Ap.
379 4273 466 4334 Perta
478 4271 573 4338 tamt.

245 4373 281 4457 (c)
309 4377 367 4458 Ap.
381 4379 514 4460 Sarayua
526 4381 631 4458 mrim·
644 4399 682 4443 ex
693 4389 793 4444 nostra
806 4383 951 4444 sententia
964 4385 1082 4444 redint.

241 4615 277 4688 (ll
294 4617 365 4676 llaec
376 4619 532 4678 constitutio
543 4621 657 4678 multum
670 4621 804 4698 discrepat
815 4622 851 4680 ab
868 4622 953 4680 aloera
973 4622 1043 4680 Com
1065 4621 1261 4680 walterium
1276 4637 1388 4695 repom
1402 4618 1477 4694 (vide
1494 4619 1562 4676 inira
1578 4619 1614 4676 ad

205 4727 323 4771 menum
333 4715 505 4775 decembrem
519 4719 609 4793 ⁴2³³),
624 4736 694 4795 quae
706 4727 799 4795 postea
811 4723 890 4781 tertio
903 4721 1123 4782 constitutionum
1138 4720 1207 4780 libro
1221 4721 1346 4795 adjuncta
1360 4719 1418 4777 ioit.
1429 4719 1470 4777 Ex
1482 4717 1527 4776 illa
1540 4717 1612 4776 euim

283 4811 335 4877 IV.
1412 4827 1449 4880 ao
