4308 5910
505 575 562 638 162
1028 575 1387 640 constitutiones

506 709 726 784 blioetionem
748 710 918 784 bonorum
940 713 1097 786 omnium
1125 719 1287 785 statutum
1312 708 1362 810 [in
1389 711 1521 806 eisqui
1541 709 1801 786 affidaturarum
1821 733 1919 786 ocea-

509 836 607 909 sione
631 843 666 906 et
688 830 739 930 (a)
760 857 967 931 pascuorum
988 837 1147 911 homines
1169 837 1205 908 in
1228 837 1436 909 animalibus
1458 837 1533 909 suis
1559 837 1649 910 ultro
1670 836 1802 910 lieitum
1819 845 1855 910 et
1883 837 1917 909 in

510 959 614 1032 rebus
639 957 717 1030 aliis
741 981 887 1052 gravere
914 971 1116 1052 noscuntur,
1145 958 1227 1033 dive
1254 961 1418 1034 memorie
1438 961 1530 1055 mgis
1555 959 1716 1034 Guilelmi
1738 959 1920 1056 predeces-

510 1083 598 1155 soris
616 1082 722 1154 nostri
739 1084 982 1158 eoustitutione
995 1086 1174 1169 sancitam,
1191 1085 1395 1181 competenti
1412 1084 1648 1159 moderamine
1665 1083 1919 1181 moderantes,]

511 1206 728 1280 derernimus
750 1209 892 1304 eosqui
914 1209 1095 1284 oeensione
1119 1209 1274 1306 prediola
1297 1209 1387 1283 ultro
1409 1209 1543 1283 lieitum
1565 1206 1717 1307 [aliquid
1736 1210 1782 1284 ab
1805 1208 1921 1282 bomi-

510 1332 613 1404 nibus
631 1329 678 1426 (b)
695 1330 955 1407 inanimalibus
973 1335 1028 1408 vol
1046 1335 1151 1420 rebus
1169 1331 1260 1430 aliis]
1278 1333 1434 1407 homines
1447 1356 1597 1430 quornm
1615 1331 1778 1408 animalia
1797 1334 1923 1406 luerint

510 1476 655 1550 gravare
682 1457 903 1549 tentaverint,
934 1458 968 1530 in
991 1459 1225 1554 quadruplum
1251 1459 1328 1551 ejus
1352 1458 1449 1556 quod
1470 1459 1582 1532 taliter
1611 1467 1817 1552 extorquere
1845 1479 1922 1553 pre·

510 1579 740 1674 sumpserint,
768 1579 851 1652 lisco
884 1592 1000 1654 nostro
1023 1583 1229 1657 solvendum
1251 1583 1324 1656 lore
1351 1583 1592 1674 mulctandos,
1625 1584 1673 1656 ita
1696 1581 1860 1654 videlieet
1885 1593 1923 1653 ut

512 1704 662 1777 dominis
677 1704 728 1776 sio
745 1705 872 1797 injusto
886 1717 1010 1780 exacta
1024 1708 1203 1780 restituant
1219 1715 1255 1780 et
1273 1706 1424 1781 solidum
1439 1707 1675 1804 quadruplum
1693 1705 1789 1779 curie
1807 1715 1925 1780 nostre

510 1837 727 1924 componant.

929 2057 1133 2132 ninunos
1163 2059 1294 2132 nv1n.
1322 2062 1386 2136 uz
1412 2055 1502 2157 (ar).

510 2259 605 2344 Quod
617 2259 663 2331 nil
675 2273 747 2355 post
760 2261 927 2336 inmune
942 2265 1162 2356 equitatorum
1170 2287 1301 2360 pascua
1312 2265 1352 2336 de
1365 2287 1445 2360 apro
1460 2265 1551 2336 lubeat
1563 2265 1668 2337 alicui
1676 2263 1877 2362 asportare(
1896 2265 1922 2358 l.

1055 2491 1148 2541 ron
1173 2492 1377 2543 AUGUSTUS.

558 2670 752 2764 Siquando
769 2672 968 2746 necessitate
985 2683 1130 2768 nogento
1157 2675 1337 2770 eontigerit
1354 2676 1505 2771 aliquem
1526 2696 1606 2748 oum
1628 2671 1832 2768 equitaturis
1852 2671 1928 2742 suis

509 2803 570 2868 aut
588 2795 800 2890 quibuslibet
820 2797 1027 2870 animalibus
1048 2797 1188 2870 forsitan
1209 2799 1377 2890 oneratis,
1399 2820 1446 2872 ex
1462 2799 1585 2872 itinere
1605 2808 1708 2894 pmut
1729 2796 1854 2871 assolet
1871 2795 1925 2867 lu-

511 2919 643 3012 ligatis,
670 2919 708 2992 in
734 2921 873 2993 alterius
896 2943 1019 3016 agrum
1041 2922 1200 3016 frugibus
1227 2924 1368 3018 plenum
1394 2925 1485 2998 velle
1512 2923 1704 3011 divertere,
1729 2920 1814 2994 dum
1840 2921 1928 2992 lorte

511 3043 636 3116 herbas
652 3045 709 3118 vel
727 3045 843 3118 lenum
874 3068 936 3141 per
960 3047 1033 3118 loen
1051 3046 1127 3142 ipsa
1145 3069 1215 3120 non
1231 3047 1402 3120 invenerit
1419 3048 1514 3122 unde
1532 3049 1693 3121 animalia
1710 3069 1773 3119 sua
1787 3045 1926 3118 valeant

513 3168 715 3258 confortari,
740 3189 878 3242 omnem
907 3171 1087 3244 materiam
1117 3171 1185 3244 sibi
1216 3171 1428 3266 procidimus
1457 3171 1690 3268 malignandi3
1716 3177 1922 3256 statuentes,

513 3301 616 3386 prout
633 3292 668 3363 in
685 3293 861 3388 aliquibus
875 3293 1011 3390 imperii
1028 3296 1135 3368 nostri
1157 3277 1548 3390 partibus'observatur,
1565 3305 1605 3368 ut
1624 3317 1691 3368 non
1711 3295 1776 3366 nisi
1793 3291 1926 3366 medie-

514 3425 617 3490 tatem
635 3417 718 3512 equi
737 3419 793 3490 vel
817 3419 1001 3511 cujuslibet
1020 3419 1161 3494 alterius
1182 3420 1340 3494 animalis
1362 3422 1397 3492 in
1418 3444 1540 3516 agrum
1567 3423 1680 3518 ipsum
1704 3419 1927 3493 intromittere

513 3541 656 3632 uudeot3
678 3541 726 3614 ita
750 3541 845 3638 quod
865 3544 1069 3638 posteriores
1088 3545 1196 3640 pedes
1215 3545 1342 3620 animal
1366 3547 1480 3643 ipsum
1504 3547 1539 3618 in
1564 3546 1623 3620 via
1639 3545 1694 3619 vel
1708 3545 1743 3616 in
1757 3545 1833 3616 loeo
1856 3562 1926 3614 non

515 3667 669 3740 laborato
683 3676 798 3740 teneat
812 3676 847 3740 et
865 3668 1053 3742 anteriores
1067 3669 1104 3742 in
1126 3691 1231 3764 agro,
1255 3669 1302 3742 ita
1322 3679 1434 3743 tamen
1454 3679 1494 3742 ut
1512 3671 1596 3742 nihil
1613 3666 1813 3744 omninode
1831 3687 1930 3760 sege·

513 3791 606 3864 tibus
627 3791 712 3886 ipsis
731 3791 777 3864 ad
797 3791 984 3887 hospitium
1001 3815 1104 3865 snum
1120 3794 1263 3885 delerat,
1284 3795 1346 3868 sed
1365 3816 1406 3868 oo
1424 3805 1603 3868 contentus
1623 3795 1669 3866 sit
1690 3789 1930 3866 tantummodo

514 3915 608 4009 quod
626 3916 799 4012 pascendo
813 3937 924 4011 equus
939 3917 1137 4013 assumpsit.

559 4093 601 4170 (a)
623 4093 678 4170 Ap.
695 4093 818 4154 Camoni
832 4095 937 4166 etiam,
953 4095 1051 4155 minus
1064 4100 1152 4154 reete.

558 4197 599 4277 (b)
621 4199 669 4259 Sto
683 4203 714 4260 ln
728 4201 876 4262 omnlbus.
890 4202 996 4263 Deesse
1008 4208 1107 4262 tamen
1119 4203 1235 4264 vldetur
1249 4203 1395 4284 exiperetur
1407 4205 1453 4264 vol
1465 4204 1644 4280 huiusmodi.

559 4303 597 4384 (c)
625 4305 736 4368 Graece
752 4325 760 4364 ε
776 4307 818 4368 be
827 4313 962 4388 pascente
973 4303 1116 4370 ammte
1128 4325 1182 4369 uta
1195 4307 1375 4390 ieswqtbus
1388 4307 1511 4390 alimrjur
1523 4325 1561 4370 er
1572 4308 1748 4369 nmerutota.
