4308 5910
798 579 924 640 naon}
953 576 1142 639 SICILIAE.
1618 575 1675 637 loo

266 715 383 788 clavas
407 713 569 806 equales,
595 733 664 785 non
692 713 866 808 spinosas,
898 737 961 786 nec
988 737 1069 786 cum
1094 710 1309 807 agazonibus
1331 707 1398 805 (a),
1425 729 1489 781 nec
1512 709 1676 782 babentes

266 860 398 912 cornua
414 837 473 934 (b),
492 833 570 934 [nec
585 858 632 910 ex
649 849 747 933 parto
764 839 864 912 Iustis
880 839 926 912 ad
942 840 1083 911 modum
1104 837 1259 931 unguIsl.

646 1145 850 1218 TITULUS
879 1145 1088 1218 XXXVIII.
1116 1145 1184 1216 ΛΗ
1208 1141 1298 1239 (38).

593 1325 640 1394 De
658 1332 863 1394 sacramento
876 1321 1054 1416 prestamto
1074 1345 1096 1392 o
1113 1319 1346 1413 campionibus.

718 1521 941 1571 rursnaron
972 1521 1219 1570 rasusnrcus.

312 1676 467 1748 Prosenti
486 1677 562 1771 lego
576 1677 795 1751 decernimus
810 1687 849 1750 ut
865 1675 1063 1772 campiones
1079 1673 1216 1762 amod0,
1232 1683 1410 1770 postquam
1428 1673 1593 1746 circulum
1607 1697 1672 1770 pu-

263 1802 460 1894 gnatorium
485 1802 612 1873 suerint
637 1811 739 1896 prout
765 1813 818 1874 est
840 1801 944 1873 moris
972 1802 1134 1894 ingressi,
1160 1801 1350 1896 corporalia
1377 1799 1524 1872 subeant
1552 1821 1672 1872 sacra-

263 1934 378 1996 menta
395 1924 491 2018 quod
506 1925 608 2017 juxta
628 1924 840 2020 probabilem
858 1925 1091 1997 credulitatem
1119 1947 1238 1998 eorum
1260 1923 1405 1996 crodunt
1427 1923 1584 1996 dominos
1611 1947 1673 2020 pro

262 2048 393 2142 quibus
411 2072 565 2144 pugnam
585 2049 804 2136 intraverint,
821 2050 998 2122 veritatem
1016 2051 1152 2140 fovere,
1170 2059 1205 2122 et
1222 2072 1290 2122 noo
1306 2071 1368 2145 per
1385 2049 1591 2122 calumniam
1609 2072 1671 2122 seu

262 2195 325 2272 per
345 2183 459 2244 astum
483 2173 532 2246 ad
550 2175 801 2246 accusationem
820 2175 1026 2268 propositam
1046 2175 1102 2245 vol
1127 2174 1358 2246 defensionem
1381 2173 1571 2247 adhibitam
1587 2195 1670 2268 pro-

262 2297 421 2385 cessisse,
439 2297 581 2391 etquod
597 2319 676 2370 oum
694 2298 787 2370 omni
799 2298 926 2370 virtuto
938 2309 971 2368 et
991 2298 1155 2392 potentIa,
1174 2297 1290 2370 studio
1303 2307 1338 2370 et
1350 2298 1468 2390 uigore
1482 2309 1595 2396 partes
1609 2321 1670 2395 pro

262 2421 392 2516 quibus
410 2422 642 2516 pugnaverint
659 2421 887 2514 adjuvabunt.
900 2422 1078 2516 Pugitibus
1096 2423 1140 2516 (c)
1157 2422 1261 2494 ctiam
1283 2423 1509 2518 [expressius]
1529 2424 1670 2496 inhibe-

261 2568 340 2618 mus
355 2546 451 2640 quod
468 2568 507 2618 se
524 2567 594 2618 non
612 2546 760 2618 debeant
776 2547 924 2620 invicem
941 2545 1082 2619 affidare
1096 2546 1190 2640 quod
1209 2547 1368 2618 manibus
1386 2548 1441 2620 vel
1459 2547 1620 2619 dentibus
1637 2557 1671 2620 et

262 2671 376 2743 modis
398 2669 611 2765 quibuslibet
638 2680 798 2766 poterunt
821 2671 906 2742 alter
928 2671 1072 2742 aiterum
1097 2692 1165 2742 non
1189 2669 1358 2760 offendat,
1380 2671 1486 2743 immo
1513 2693 1604 2742 uuus
1624 2670 1669 2743 ad

263 2795 498 2868 contusionem
515 2791 562 2890 (d)
580 2793 721 2866 alterius
739 2815 785 2866 ox
801 2804 870 2866 toto
885 2815 984 2889 posse
1002 2803 1156 2866 conetur.

653 3084 855 3158 I'I'IULUS
882 3087 1054 3158 XXXIX.
1083 3089 1155 3160 ΑΘ
1182 3088 1278 3184 (39).

686 3263 736 3336 Dc
754 3265 874 3358 fraude
891 3275 923 3337 et
941 3267 1012 3338 dolo
1028 3269 1245 3360 campionem.

808 3463 899 3514 tun!
925 3467 1122 3515 AUGUSTUS.

311 3615 455 3689 Summo
474 3617 625 3712 periculo
643 3619 738 3714 quod
756 3641 803 3692 cx
818 3621 975 3715 pugilum
994 3622 1194 3713 fraudibus,
1215 3624 1334 3698 inertia
1355 3629 1425 3717 [vol
1444 3628 1512 3700 Iovi
1535 3607 1674 3722 timore]¹

262 3739 431 3814 hactenns
448 3743 684 3838 contingebat,
713 3747 911 3842 provisione
929 3750 1119 3820 necessaria
1137 3763 1378 3826 succurrentes
1398 3753 1614 3828 decernimus
1633 3771 1672 3830 nt

261 3865 291 3936 si
308 3865 340 3938 ei
357 3865 402 3962 (e)
424 3867 486 3960 qui
505 3889 622 3962 pugne
638 3891 699 3964 pro
719 3881 871 3966 tempore
896 3874 1062 3968 prefuerit
1081 3874 1241 3946 videatur
1258 3898 1336 3948 cum
1360 3878 1504 3952 aliorum
1529 3881 1671 3955 consilio

260 3989 322 4084 qui
344 3999 428 4063 tunc
442 3993 605 4086 temporis
626 3994 845 4066 inveniantur
865 4018 940 4068 esse
955 4007 1145 4094 presentes,
1163 4000 1257 4093 quod
1272 4003 1407 4098 campio
1425 4004 1461 4076 in
1483 4006 1671 4102 pugnando

302 4164 344 4246 (a)
366 4167 439 4230 cod.
456 4177 535 4230 4625
548 4170 743 4251 αφκίοπίῠω.

302 4271 345 4354 (b)
366 4253 530 4350 Quatriates
543 4287 640 4340 nutem
655 4297 803 4341 armornm
819 4297 921 4360 graece
934 4283 975 4344 ita
990 4288 1215 4362 exprimuntur:
1230 4283 1355 4347 babeant
1367 4285 1595 4370 vtrpassmeas,
1611 4310 1670 4352 nora

259 4398 327 4441 uero
340 4400 457 4461 asperto
471 4402 562 4466 acque
575 4384 709 4448 babentes
721 4407 830 4448 cornua
846 4408 937 4471 acqua
951 4391 984 4450 in
997 4400 1114 4452 acutam
1129 4391 1231 4455 hastile
1246 4393 1412 4456 desiccatos.

303 4486 340 4567 (c)
362 4491 420 4552 Pro
433 4493 636 4570 camplouIbus
649 4502 680 4555 ct
693 4497 842 4573 pugtttbus
856 4513 918 4558 uno
932 4515 967 4558 ac
980 4501 1082 4560 eodem
1096 4501 1186 4562 verbo
1200 4519 1321 4580 graecus
1334 4507 1428 4563 utitur
1439 4503 1627 4587 πολεμάρχοις.

303 4593 346 4673 (d)
368 4597 403 4656 In
416 4597 484 4658 cod.
498 4607 576 4659 4625
592 4597 801 4680 consessionem.
819 4600 954 4681 Cossinio
966 4611 1065 4668 tamm
1078 4610 1173 4686 magis
1186 4610 1225 4669 ad
1239 4626 1376 4687 graccum
1390 4608 1532 4671 κατάλυσιν
1545 4614 1668 4677 accedlt.

304 4699 343 4780 (ι)
363 4702 400 4764 In
413 4707 596 4792 cactertsa's,
612 4708 700 4769 mate.
717 4709 791 4772 Coo.
808 4719 884 4796 tots
900 4713 937 4770 et.
