4288 5912
205 581 307 642 lsurcr.
321 573 365 662 6.]
562 645 565 654 1
656 571 855 634 HISTORIA
878 569 1174 633 blatcharius.
1555 569 1616 634 tet

205 713 326 785 rabilis
348 708 588 784 Panormitano
619 707 893 804 archiepiscope,
928 708 1052 782 dilecte
1080 705 1256 779 familiaris
1283 713 1317 776 et
1348 701 1458 777 fidelis
1484 715 1617 798 noster,

207 833 404 909 celsitudini
422 841 537 906 nostre
553 853 690 926 semper
708 831 895 904 exhibuisti
919 842 953 904 et
976 831 1122 905 exhibes
1149 831 1375 922 incessanter,
1395 839 1531 924 recepta
1548 851 1569 902 a
1585 839 1619 903 te

206 969 241 1032 et
256 958 400 1032 ecclesia
417 955 659 1029 Panormitana
681 953 785 1028 domo
807 977 913 1050 quam
931 955 1027 1050 apud
1044 955 1234 1028 Messanam
1251 961 1331 1025 ants
1349 953 1512 1048 palatium
1531 975 1619 1026 nos-

205 1093 297 1155 trum
312 1101 374 1176 pro
390 1088 485 1174 parte
502 1078 613 1174 ipsius
638 1079 783 1151 ecclesie
801 1087 860 1150 tue
886 1080 1039 1151 habebas
1056 1079 1126 1174 (l),
1148 1075 1371 1150 concedimus
1395 1085 1428 1148 ct
1447 1077 1617 1151 donamus

206 1206 287 1296 tibi,
317 1203 574 1276 successoribus
592 1201 661 1273 tuis
683 1213 718 1274 et
740 1202 885 1275 ecclesie
897 1203 1137 1275 Panormitano
1150 1202 1187 1272 in
1201 1209 1406 1296 perpetuum
1425 1200 1461 1270 in
1479 1223 1618 1274 cansam

206 1326 469 1424 permutationis
488 1347 551 1422 pro
572 1323 695 1399 eadem
718 1323 823 1398 domo
845 1327 985 1398 vineam
1004 1326 1049 1399 de
1067 1325 1250 1398 Comitaria
1265 1347 1370 1419 quam
1391 1325 1474 1396 olim
1491 1327 1619 1398 Temo-

207 1451 342 1545 nerius‚
371 1450 464 1524 lilius
481 1450 659 1546 quondam
677 1449 818 1522 loannis
842 1450 1028 1542 bliscitata,
1055 1449 1209 1546 proditor
1235 1458 1362 1541 noster,
1390 1446 1498 1522 tenuit
1523 1449 1619 1544 apud

206 1577 400 1649 Messanam
416 1575 453 1646 iu
474 1573 633 1647 llumaria
646 1572 692 1648 de
710 1573 862 1647 Cameris
873 1573 924 1671 (2)
938 1597 1017 1648 cum
1032 1574 1193 1648 omnibus
1206 1573 1419 1670 pertinentiis
1433 1574 1504 1646 suis
1521 1601 1530 1645 ε
1548 1595 1618 1668 que

205 1700 311 1774 vinea
327 1721 406 1772 cum
422 1699 523 1772 bonis
545 1699 706 1772 omnihus
724 1696 806 1771 dicti
823 1699 1007 1795 proditoris
1031 1699 1156 1792 nostri,
1186 1721 1249 1794 pro
1273 1697 1453 1772 commisso
1477 1699 1619 1773 crimine

203 1825 297 1917 juste
312 1823 506 1918 dampnati,
525 1824 589 1895 luit
604 1823 651 1896 ad
664 1831 814 1896 nostram
828 1825 959 1897 curiam
978 1823 1159 1916 devoluta;
1184 1833 1221 1895 ut
1236 1832 1272 1895 tu
1289 1831 1323 1895 et
1335 1845 1548 1896 successores
1565 1824 1616 1895 tui

206 1957 372 2044 perpetuo
387 1947 524 2020 vineam
543 1945 653 2042 ipsam
675 1947 831 2021 babeatis
855 1958 889 2020 et
904 1947 1106 2044 possideatis
1123 1949 1254 2042 absque
1275 1947 1346 2020 ullo
1363 1947 1502 2020 servitio
1513 1958 1547 2020 et
1565 1949 1615 2022 la·

207 2072 306 2145 ciatis
322 2070 367 2145 de
384 2093 424 2145 ea
440 2079 475 2144 et
499 2072 536 2142 iu
552 2091 594 2144 ea
613 2072 709 2166 quod
730 2071 832 2145 robis
852 2082 887 2145 et
907 2073 1049 2146 ecclesie
1072 2071 1310 2146 Panormitano
1331 2073 1416 2145 utile
1432 2071 1613 2157 videatur,

208 2197 305 2271 salvo
324 2197 488 2271 mandato
505 2205 539 2270 et
554 2195 771 2271 ordinatione
785 2207 913 2272 nostra.
933 2196 987 2270 Ad
1003 2197 1108 2290 hujus
1123 2207 1239 2270 summ
1254 2195 1481 2270 concessionis
1502 2203 1537 2267 ct
1554 2194 1616 2267 do·

208 2323 357 2396 nationis
382 2331 497 2397 nostre
518 2323 719 2396 memoriam
742 2333 777 2397 et
802 2333 1003 2421 perpetuam
1037 2322 1250 2416 firmitatem,
1280 2343 1421 2418 presens
1452 2323 1617 2418 scriptum

208 2445 282 2520 lieri
298 2457 332 2520 et
350 2447 461 2541 sigillo
474 2449 663 2542 maiestatis
677 2458 792 2523 nostre
805 2449 972 2543 jussimus
989 2449 1215 2538 communiri,
1245 2469 1353 2538 anno,
1376 2469 1494 2521 mense
1508 2457 1543 2520 et
1560 2447 1620 2518 in-

209 2570 360 2645 dictione
375 2572 591 2669 subscriptis.

255 2698 380 2770 Datum
397 2699 572 2790 Messene,
592 2719 684 2771 anuo
707 2697 880 2773 dominice
903 2699 1146 2773 incarnationis
1177 2697 1357 2769 millesimo
1380 2695 1617 2769 ducentesimo

208 2819 380 2894 tricesimo
399 2821 515 2911 tertio,
537 2845 655 2897 mense
666 2823 775 2918 junii,
796 2835 894 2898 sexte
909 2825 1124 2918 indictionis,
1145 2824 1334 2920 imperante
1349 2819 1488 2895 domino
1501 2831 1617 2895 nostro

206 2945 378 3020 Friderico
395 2947 458 3020 Dei
476 2947 586 3040 gratia
603 2947 828 3022 invictissimo
844 2949 1073 3023 Romanorum
1092 2949 1296 3044 imperatore
1307 2966 1442 3042 semper
1453 2955 1615 3052 augusto,

206 3071 396 3145 Jemsalem
418 3080 452 3145 et
470 3071 586 3146 Sicilie
601 3093 702 3168 rege,
730 3095 821 3147 anuo
837 3074 972 3170 imperii
987 3077 1062 3168 ejus
1078 3071 1336 3168 quartodecimo
1356 3069 1420 3168 (a),
1439 3070 1537 3163 regni
1557 3071 1619 3143 Je-

207 3195 356 3267 rusalem
367 3203 507 3288 octavo,
525 3197 622 3290 regni
638 3218 722 3271 vero
738 3197 853 3270 Sicilie
866 3197 1040 3271 tricesimo
1057 3197 1179 3294 quinto
1195 3193 1257 3294 (b),
1274 3195 1432 3268 feliciter.
1448 3194 1570 3268 Amen.

249 3395 293 3478 (a)
312 3397 432 3460 Rectius
454 3399 538 3460 tertio
551 3395 669 3458 44444444.

250 3501 292 3582 (h)
312 3504 432 3566 Rectius
445 3521 563 3583 qnoque
578 3505 717 3566 trbetmo
729 3511 818 3566 ecclc

244 3818 280 3892 (4)
297 3817 374 3875 hanc
393 3818 503 3876 domum
523 3819 649 3878 ecclesiae
661 3820 867 3879 Panormitanas
881 3827 910 3880 st
923 3821 1028 3896 llugoni
1042 3821 1164 3896 eiusdem
1177 3819 1379 3896 archiepiscopo
1392 3819 1502 3880 dederat
1519 3819 1618 3878 Guliel-

207 3929 269 3972 mus
282 3931 344 3987 rex,
357 3931 450 3974 mense
460 3916 538 3988 iunio
551 3919 632 3976 4459.
643 3917 682 3976 Cl.
694 3917 806 3990 ibidem,
817 3937 845 3994 p.
857 3921 901 3976 tr.

245 4011 281 4085 (2)
298 4011 404 4070 Scilicet
422 4019 528 4071 torrens
547 4013 619 4088 apud
630 4015 782 4072 hlessanam
795 4015 901 4073 duobus
913 4015 998 4074 ferme
1008 4032 1138 4091 passuum
1150 4016 1267 4074 millibus
1286 4016 1321 4073 ad
1339 4015 1478 4073 meridiem
1498 4013 1533 4072 ah
1551 4015 1619 4074 urbe

206 4109 319 4167 distans.
332 4111 481 4183 annuus,
493 4111 590 4170 licead.
604 4111 625 4185 l,
638 4113 685 4170 lib.
698 4116 726 4185 2,
737 4129 798 4187 cap.
810 4116 837 4185 2,
851 4131 878 4189 p.
891 4118 934 4172 48.
948 4115 1023 4171 lianc
1033 4115 1129 4172 exinde
1144 4115 1250 4172 vincam
1265 4113 1479 4188 archiepiscopus
1487 4113 1619 4170 herardus

207 4207 339 4265 concessit
355 4209 469 4266 iohanni
482 4210 516 4267 de
529 4211 627 4281 Lauro,
642 4210 700 4283 ejus
714 4211 771 4268 vita
782 4211 906 4284 durante,
918 4228 968 4286 pro
980 4227 1062 4270 censu
1076 4228 1165 4269 annuc
1179 4211 1259 4269 unius
1272 4209 1365 4268 unciae
1380 4209 1454 4281 auri,
1467 4225 1501 4267 ex
1521 4209 1622 4266 instru-

206 4309 298 4363 mento
306 4304 369 4364 dato
378 4305 533 4378 Cremonae,
543 4322 634 4364 coram
646 4307 860 4381 magistrol’etro
871 4309 905 4366 ds
914 4308 999 4368 Vinea
1007 4308 1152 4382 imperialis
1164 4309 1253 4367 curiae
1263 4309 1353 4384 judice
1363 4313 1392 4366 et
1401 4306 1501 4380 bugeio
1514 4305 1622 4379 Capuae

207 4401 325 4474 notario,
340 4419 435 4462 mense
453 4404 604 4462 decembris
616 4405 696 4462 ⁴2³7.
711 4405 773 4464 vid.
786 4407 980 4478 Monrrmno,
994 4406 1117 4480 Cctclcp.
1128 4409 1236 4482 reptos.
1252 4406 1297 4466 det
1309 4406 1422 4481 diplomi
1434 4403 1494 4462 dell.
1509 4402 1579 4462 calb.
1591 4401 1623 4459 di

207 4499 338 4572 Polemo,
353 4507 373 4559 t.
387 4502 461 4576 l,p.
472 4503 534 4561 lul.
