4372 5918
778 575 904 640 illliilil
929 575 1116 640 SICILIAE.
1615 575 1656 634 5¹1

242 711 400 808 gamenis
422 713 459 784 in
484 719 661 806 posterum
689 712 949 786 conscribantur
971 711 1037 810 (l).
1062 713 1148 784 Cum
1170 712 1262 785 enim
1283 731 1403 784 eorum
1427 707 1516 784 fides
1536 711 1654 784 multis

242 839 369 912 suturis
386 835 597 931 temporibus
619 833 786 910 duratura
803 847 972 932 speretur,
987 837 1120 930 justum
1140 857 1217 910 esse
1234 835 1452 910 deceruimus
1471 843 1511 906 ot
1528 855 1574 907 cx
1590 855 1653 908 ve·

165 979 171 990 ·
242 970 371 1034 tustate
386 961 529 1034 forsitan
545 959 789 1034 destructionIs
811 960 964 1054 pericqu
989 980 1060 1033 nou
1083 959 1324 1033 succumbant.
1345 959 1400 1032 Ex
1421 958 1656 1032 instrumentis

243 1083 281 1156 in
295 1083 424 1156 chartis
441 1083 566 1180 papyri
584 1082 634 1179 (u)
654 1083 726 1175 [vel
742 1083 810 1158 alio
825 1083 930 1158 modo
942 1105 1049 1180 quam
1067 1095 1108 1155 ut
1126 1083 1319 1179 predictum
1341 1085 1407 1174 est]
1424 1083 1570 1178 scriptis,
1591 1084 1657 1156 nisi

243 1207 314 1280 sint
334 1207 467 1302 apoche
491 1207 548 1280 vel
575 1205 784 1302 antapooba,
813 1208 850 1280 iu
871 1207 1013 1301 judIciis
1038 1208 1095 1280 vel
1120 1217 1218 1280 extra
1240 1205 1376 1299 judicia
1399 1207 1494 1280 nulla
1516 1207 1656 1280 omniuo

244 1331 401 1427 probatio
412 1340 626 1424 assummum
647 1331 839 1428 [scripturis
851 1341 985 1406 tantum
999 1331 1168 1428 preteritis
1181 1331 1219 1402 in
1232 1353 1297 1404 suo
1309 1331 1431 1404 robure
1448 1331 1652 1423 duraturisl.

246 1457 321 1542 Quo
350 1467 466 1530 tamen
496 1455 533 1528 iu
562 1453 726 1551 predictis
749 1455 876 1528 chartis
903 1455 1123 1550 bombycinis
1149 1462 1231 1526 suut
1255 1453 1395 1528 redacte
1424 1454 1592 1549 scripture
1617 1455 1654 1526 in

248 1579 409 1676 predictis
426 1579 510 1654 locis
527 1579 702 1675 Neapolis,
712 1577 857 1653 Amullio
869 1587 905 1654 et
918 1577 1071 1652 Surrenti
1086 1579 1145 1675 (b),
1161 1577 1250 1652 inira
1261 1577 1439 1652 biennium
1454 1599 1475 1650 a
1488 1578 1547 1652 die
1562 1577 1656 1652 edite

250 1704 431 1778 sanctionis
450 1703 550 1778 istim
566 1701 613 1778 ad
630 1723 848 1778 communem
866 1703 1088 1778 litteraturam
1104 1711 1140 1776 st
1152 1701 1325 1798 legibilem
1341 1702 1555 1797 redigantur.

649 2017 852 2092 TITULUS
883 2017 1049 2092 LXXXI.
1077 2017 1136 2090 ΞΔ
1160 2013 1250 2114 (bl).

385 2171 438 2244 De
454 2169 623 2268 jadmsbos
642 2191 706 2264 per
724 2169 930 2264 imperialem
955 2168 1184 2240 celsitudinem
1202 2165 1432 2262 promouendis
1452 2166 1466 2264 (
1484 2165 1509 2262 ).

792 2341 886 2391 roura
916 2339 1117 2391 aucusrus.

301 2467 381 2540 Cum
410 2487 503 2542 nova
520 2467 627 2540 nostri
645 2467 795 2540 nominis
813 2467 990 2541 sanctione
1014 2475 1180 2540 statutum
1203 2465 1247 2538 sit
1270 2475 1309 2538 ut
1328 2463 1466 2560 judices
1488 2465 1534 2539 de
1550 2487 1660 2561 ques-

295 2659 334 2741 (a)
354 2661 464 2724 Graece
478 2661 506 2720 lv
518 2660 637 2744 χαρτίοις
651 2660 833 2744 &simpuio
849 2662 937 2725 Unde
955 2662 1074 2724 chartae
1093 2663 1198 2742 papyri
1212 2661 1260 2724 rel
1280 2659 1434 2740 bombycis
1452 2661 1531 2724 lism
1544 2667 1660 2726 sonunt.

294 2767 331 2848 (s)
351 2770 407 2830 nm
419 2771 451 2830 n
465 2783 571 2848 grase
583 2769 668 2832 uest
682 2767 857 2852 neppam.

294 2873 328 2955 (r)
354 2877 389 2936 ln
402 2891 506 2954 graeco
518 2881 619 2938 auten
632 2881 662 2937 st
674 2877 706 2936 ln
718 2875 785 2938 cod.
800 2883 879 2938 atas
894 2877 1045 2938 sumnus
1060 2892 1068 2934 ε
1084 2875 1126 2938 De
1138 2892 1198 2936 mou
1210 2871 1380 2936 ordinandis
1391 2871 1537 2956 adjunctis
1556 2879 1585 2936 et
1604 2871 1659 2934 ud·

263 2979 450 3044 mzatmiInr.

289 3247 324 3321 (l)
341 3247 457 3306 literam
468 3247 641 3306 ordinationis
652 3247 748 3306 nutari
760 3247 873 3307 iormam
884 3261 955 3302 nunc
972 3245 1091 3316 edimus,
1104 3243 1151 3302 ubi
1165 3243 1272 3302 cbartae
1283 3243 1461 3321 bombycInae
1476 3262 1541 3306 nsus
1554 3264 1661 3322 qnoque

258 3343 417 3418 prohibetur,
431 3361 466 3402 ex
485 3345 577 3404 codice
595 3343 663 3402 Iiibl.
684 3343 797 3403 vindob.
818 3344 890 3401 dicto
905 3343 1040 3416 Philolop.
1056 3345 1108 3402 iii
1131 3343 1213 3418 (637),
1228 3343 1271 3400 oui
1285 3344 1377 3403 titulus
1391 3344 1525 3403 (luidonis
1537 3345 1660 3420 epistole,

256 3441 298 3499 iol.
315 3445 343 3499 til
361 3449 523 3501 lectorenso
535 3460 542 3498 :
555 3463 569 3496 ι
581 3441 656 3518 [FIR-
669 3441 717 3500 liei
736 3441 819 3515 gratia
839 3441 1018 3500 Romanorum
1038 3440 1182 3514 imperator
1197 3447 1226 3498 et
1238 3456 1345 3515 semper
1363 3449 1491 3516 angustus
1507 3449 1588 3518 atquc
1599 3443 1661 3518 (sic)

259 3557 271 3590 ι
285 3555 329 3596 rex
339 3539 438 3598 Cicilia.
450 3539 600 3614 imperialis
613 3541 741 3614 majestas
753 3553 807 3612 qus
820 3537 916 3597 orbem
930 3543 1061 3595 terrarum
1082 3537 1255 3613 insuperabili
1278 3539 1398 3613 potentia
1414 3539 1576 3608 moderatur,
1587 3541 1661 3614 justa

259 3652 390 3696 »snorum
403 3636 521 3696 lidelinm
532 3642 638 3695 tenetur
649 3637 805 3712 precamina
817 3635 959 3694 admittere
978 3643 1007 3692 et
1027 3635 1144 3694 admissa
1165 3635 1282 3709 legitimo
1305 3635 1402 3696 robore
1420 3638 1582 3712 premuuirs.
1595 3639 1661 3697 Inde

259 3751 272 3786 u
284 3741 324 3792 est
335 3733 407 3808 quod
420 3734 554 3792 universis
563 3733 667 3808 imperii
679 3733 802 3792 fidelibus
811 3740 965 3808 presentem
978 3733 1100 3807 pagiuam
1112 3733 1271 3808 inspecturis
1283 3733 1394 3792 boimus
1405 3734 1576 3792 manifestum
1590 3737 1662 3810 quod

258 3831 406 3889 »dilectum
417 3837 540 3890 nosbnm
558 3829 663 3889 fidelem
677 3831 703 3887 J.
722 3831 789 3888 tuiis
801 3829 855 3888 loci
870 3831 1056 3889 iurastivimus
1068 3831 1103 3888 oe
1117 3830 1203 3890 omos
1214 3839 1306 3890 nostre
1317 3832 1376 3904 (lep.
1389 3831 1504 3904 notarii),
1520 3833 1616 3893 dantes
1634 3837 1660 3894 ei

258 3931 465 3989 tauctoritatem
483 3947 533 4005 per
555 3935 639 3988 totum
658 3931 807 3990 Romanum
828 3930 971 4004 Imperium
994 3929 1151 3990 conficiendi
1174 3929 1281 4004 publica
1303 3931 1494 4002 instrumenta,
1516 3933 1660 4008 recipiendi

258 4033 377 4100 »tamem
398 4028 551 4104 publicandi
575 4028 756 4088 confessiones
777 4035 805 4086 st
826 4028 1028 4100 attestationes,
1042 4035 1072 4086 st
1093 4026 1207 4085 iacientii
1230 4028 1319 4086 omnia
1342 4045 1395 4102 qne
1417 4029 1451 4086 ai
1474 4028 1661 4092 tabellionatus

257 4141 270 4175 ι
284 4125 394 4184 officium
406 4127 543 4200 pertinere
559 4131 715 4184 noscuntur.
732 4125 862 4186 labemus
874 4133 965 4184 antem
986 4126 1058 4200 quod
1073 4126 1101 4183 in
1113 4131 1187 4184 carta
1199 4141 1260 4184 rasa
1273 4125 1316 4182 uel
1328 4125 1480 4186 bombicIne
1495 4143 1549 4186 nou
1561 4129 1661 4188 scribat

258 4239 270 4273 s
283 4223 417 4296 publicum
429 4224 650 4294 instmmsntum,
662 4224 798 4298 proposita
809 4240 864 4282 non
874 4224 976 4282 valeret
990 4222 1127 4298 (alterati)
1140 4222 1175 4280 ob
1186 4223 1298 4298 alicujus
1316 4223 1406 4282 οῶιιω
1415 4224 1458 4282 vel
1470 4239 1600 4298 amorem,
1610 4243 1661 4284 nec

256 4337 269 4370 ι
283 4327 383 4379 secreta
397 4321 494 4380 debeat
505 4329 615 4397 propter
627 4321 775 4396 aliquorum
793 4321 910 4396 dampna
922 4321 965 4378 vsi
978 4321 1116 4378 commoda
1129 4320 1302 4380 revelare-Ut
1323 4327 1412 4380 autem
1432 4321 1511 4396 bnjus
1528 4324 1659 4398 privilegii

257 4419 422 4476 »auctoritas
443 4419 530 4493 majus
548 4419 631 4478 robur
650 4419 778 4494 suscipiat
796 4419 968 4490 attererem,
983 4419 1069 4476 nostm
1092 4418 1170 4492 sigilli
1193 4419 1338 4476 munimine
1350 4420 1480 4492 jussimus
1499 4421 1657 4478 roborari.»

256 4512 310 4570 Non
327 4521 417 4574 nmen
437 4531 503 4575 usus
524 4531 701 4592 pergamenas
722 4532 829 4592 semper
848 4517 876 4573 in
900 4517 959 4590 ipsa
982 4515 1109 4574 Fridsrici
1128 4516 1204 4574 curia
1226 4531 1320 4574 seuere
1340 4515 1391 4573 luit
1410 4524 1574 4590 asservatus,
1594 4519 1658 4578 dum

256 4609 357 4681 publica
377 4611 556 4672 instrumenta
578 4614 629 4674 sub
651 4616 711 4689 ejus
729 4616 836 4674 nomine
855 4615 884 4671 in
902 4614 1072 4688 bombycinis
1084 4613 1184 4671 cbsrn's
1204 4613 1304 4688 scripta
1321 4615 1502 4674 invenerimus
1513 4622 1542 4674 et
1554 4617 1660 4692 Πορκία·

257 4705 332 4765 ctam
344 4723 474 4768 esserum
484 4711 556 4785 <prod
568 4719 692 4788 superest
703 4711 881 4786 fragmentum
893 4727 926 4770 ex
941 4711 1036 4770 eadem
1046 4711 1137 4769 charta
1149 4710 1286 4770 coniletnr.

350 4809 405 4873 iv.
1482 4823 1500 4874 e
