4320 5918
526 571 588 634 594
1029 579 1241 645 balbutiet
1265 583 1440 646 suebum
1747 581 1830 670 [am.
1848 586 1934 650 12³5.

529 719 632 806 pruut
641 711 734 804 juris
749 723 784 787 et
804 713 909 787 moris
922 722 987 806 est,
1005 737 1068 811 per
1077 720 1245 792 annulum
1263 719 1455 816 assignabit
1467 717 1581 792 eidem
1596 715 1737 795 domiue
1753 721 1934 797 dodarinm

528 835 766 931 supradictum
780 859 860 911 cnm
877 839 1040 912 omnibus
1047 841 1186 932 juribus
1200 853 1235 916 et
1247 843 1462 942 pertinentiis
1478 843 1570 932 suis,
1592 853 1696 939 prout
1712 846 1873 942 superius
1887 858 1937 922 cst

528 981 746 1056 expressum,
767 971 802 1034 et
819 961 1040 1058 privilegium
1053 963 1121 1038 sibi
1136 966 1268 1041 exinde
1285 967 1502 1066 iacietmrea
1514 966 1611 1040 bulla
1623 967 1797 1042 munitum
1814 970 1938 1067 tipario

528 1085 715 1183 imperialis
730 1087 918 1179 mejestatis
935 1087 1113 1184 impressa.

577 1211 651 1283 Hoc
668 1208 832 1304 scriptum
852 1209 974 1306 scripsi
994 1231 1060 1306 ego
1084 1209 1240 1306 Angelus
1259 1235 1386 1309 magne
1403 1213 1591 1310 imperialis
1613 1215 1708 1289 curie
1723 1217 1879 1291 notarius
1891 1218 1937 1294 do

529 1331 692 1406 mundato
705 1331 870 1429 sepedicti
887 1333 1041 1429 magistri
1056 1334 1147 1410 Petri
1166 1335 1212 1410 do
1228 1336 1340 1412 Vinea
1355 1347 1391 1413 st
1404 1357 1482 1412 meo
1494 1338 1596 1435 signo
1607 1339 1758 1436 signavi,
1771 1341 1934 1438 pendenti

526 1459 641 1555 sigillo
653 1459 763 1554 ipsius
776 1458 929 1554 magistri
944 1460 1129 1534 munitum.

574 1583 700 1658 Actum
713 1582 810 1680 apud
820 1584 982 1678 bondou,
1001 1607 1093 1660 auno
1114 1586 1287 1662 dominice
1309 1587 1555 1662 incarnationis
1570 1587 1753 1664 millesimo
1769 1589 1935 1666 ducento-

526 1709 615 1782 simo
630 1708 803 1784 tricesimo
824 1709 959 1806 quinto,
984 1720 1019 1784 et
1043 1711 1209 1787 vicesimo
1224 1711 1380 1787 secondo
1394 1711 1455 1787 dic
1471 1711 1601 1787 mensis
1615 1713 1798 1807 februarii,
1814 1725 1936 1790 octava

524 1835 726 1910 indictione.

741 2143 1004 2156 mnu—atu·—

372 2451 426 2484 ffl
448 2452 474 2538 οξ
575 2427 808 2533 Friderious,
829 2431 1089 2516 Romanorum
1106 2433 1327 2544 imperetur,
1346 2436 1397 2519 ad
1418 2435 1607 2545 principes
1635 2433 1783 2544 imperii
1806 2433 1935 2518 scribit

521 2561 571 2648 de
587 2563 804 2648 excessibus
825 2564 977 2649 Heurici
1003 2567 1264 2652 Romanorum
1281 2569 1384 2680 regis
1401 2568 1469 2652 filii
1489 2569 1568 2677 sui3
1588 2569 1757 2653 notificat
1773 2569 1935 2680 qualiter

520 2694 586 2779 ibe
602 2697 768 2807 eoeperit
782 2697 972 2809 principes
989 2699 1207 2808 molestare,
1219 2713 1258 2786 et
1274 2711 1490 2813 contempto
1508 2703 1614 2814 quod
1630 2703 1680 2787 de
1696 2727 1796 2788 noro
1813 2727 1932 2813 prae·

522 2829 617 2913 stitit
629 2829 862 2940 juramento,
874 2859 940 2917 eus
958 2833 1097 2918 iterum
1112 2861 1250 2920 vexare
1266 2847 1305 2920 et
1321 2845 1455 2921 contra
1468 2836 1558 2947 jura
1574 2846 1733 2947 patema
1750 2845 1932 2920 euentum

520 2965 835 3076 praesumpserit,
856 2967 1063 3053 adhortans
1081 2979 1124 3053 ut
1140 2969 1343 3080 imperium
1362 2971 1594 3055 unanimiter
1611 2969 1830 3055 defendant.

602 3207 739 3284 (Edtdcr.
751 3209 904 3272 Marmar
918 3218 949 3274 ct
961 3212 1103 3292 bonnm
1117 3210 1253 3293 duplice
1267 3211 1344 3290 coit,
1362 3221 1388 3278 t.
1402 3215 1448 3290 11,
1462 3215 1520 3279 coi.
1541 3223 1744 3294 rtet-teca,
1758 3223 1792 3275 n·
1803 3213 1928 3278 xxvn.

641 3316 796 3392 -iiamr,
810 3314 922 3380 collect
937 3335 1078 3396 wacon,
1092 3321 1141 3382 tl
1156 3319 1356 3400 (brunswich,
1369 3321 1473 3404 titt),
1487 3323 1558 3386 utu
1568 3324 1667 3405 princ.
1683 3329 1711 3385 ct
1722 3323 1812 3384 ebur.
1827 3317 1928 3396 illust,

641 3439 673 3502 p.
687 3431 924 3490 mereor-us.
934 3425 1058 3488 -cou
1074 3429 1152 3488 tator
1163 3444 1196 3490 se
1209 3435 1239 3490 st
1251 3445 1319 3490 cum
1332 3430 1484 3494 mdtctbus
1496 3432 1574 3494 Brut.
1588 3449 1652 3512 reg.
1666 3431 1776 3502 Parta,
1787 3427 1927 3494 doubs.

643 3528 742 3610 Gom,
755 3537 789 3591 n·
804 3539 875 3606 ⁴⁵⁵,
888 3549 920 3611 p.
936 3533 997 3606 111,
1009 3543 1042 3594 n·
1058 3533 1291 3616 sniumjands
1305 3532 1393 3612 bria,
1409 3538 1476 3601 ooo.
1491 3547 1587 3614 totu
1602 3539 1668 3601 uod.
1688 3538 1759 3600 btbt.
1775 3537 1929 3598 1⁴11.an-

639 3635 717 3716 lippo
737 3655 786 3717 ap.
809 3637 991 3712 Mtddlsbtll,
1014 3649 1048 3700 n·
1069 3650 1160 3716 uteo,
1183 3657 1252 3718 pars
1270 3641 1333 3722 ΠΙ,
1346 3651 1381 3704 n⁰
1396 3651 1453 3719 to,
1467 3643 1520 3707 nbi
1536 3644 1706 3708 inscribitur
1717 3661 1725 3705 ε
1738 3640 1931 3704 «Μενίου

639 3743 849 3827 onlriaepiroopo
860 3747 1033 3830 Mogontiaco
1040 3747 1172 3830 principi
1182 3765 1246 3824 auo,
1262 3765 1280 3807 a
1293 3749 1365 3830 etc.)

567 3955 772 4034 Frederious
787 3961 850 4034 Dei
866 3959 993 4056 gratis,
1011 3969 1095 4055 etc,
1116 3961 1263 4060 principi
1280 3984 1363 4054 suo,
1383 3971 1451 4037 etc.
1484 4017 1494 4034 .
1525 4017 1534 4036 .
1565 3963 1679 4036 .Eooe
1690 3961 1837 4035 facimus
1850 3961 1928 4034 uni-

520 4085 654 4159 versale
667 4083 813 4160 verbum
831 4085 877 4161 ad
891 4085 1065 4184 principes
1082 4087 1178 4160 velut
1194 4087 1242 4162 ad
1256 4087 1392 4186 imperii
1405 4088 1512 4162 uosbi
1526 4087 1697 4180 membra,
1717 4106 1764 4158 ex
1783 4107 1929 4180 quorum

519 4209 766 4305 compositione
781 4211 1012 4284 membrorum
1034 4210 1177 4284 unicum
1196 4211 1332 4307 imperii
1346 4231 1470 4308 corpus
1487 4212 1619 4285 illustre
1636 4209 1825 4304 consurgit.
1841 4210 1931 4282 Sane

519 4343 581 4410 tua
594 4343 629 4408 et
641 4333 786 4408 eliorum
805 4333 1000 4432 principum
1018 4335 1186 4410 immensa
1197 4336 1337 4411 devotio
1350 4337 1386 4408 iu
1402 4337 1557 4410 membra
1574 4345 1691 4410 nosba
1705 4333 1931 4408 tenacitersst

520 4454 647 4551 infixa,
667 4467 702 4532 et
719 4459 860 4555 prestita
871 4459 1047 4555 quondum
1062 4459 1145 4534 diva
1160 4461 1325 4535 memorie
1340 4461 1427 4556 patri
1446 4469 1562 4535 nostro
1576 4469 1611 4533 et
1622 4459 1723 4532 nobis
1733 4469 1846 4532 vostre
1855 4458 1931 4530 sin·

521 4582 670 4658 ueritatis
682 4583 850 4679 obsequia
866 4593 902 4658 et
920 4583 1097 4680 quomodo
1117 4596 1265 4682 angusto
1283 4598 1379 4684 putre
1395 4597 1511 4662 nostro
1527 4585 1668 4660 vivente
1683 4583 1853 4679 elegeritis
1866 4603 1930 4656 nos

519 4709 556 4782 in
567 4729 697 4804 rugum,
709 4730 772 4807 pre
780 4707 888 4783 oculis
896 4708 1021 4782 mentis
1031 4719 1146 4785 nostre
1156 4731 1292 4809 semper
1301 4712 1454 4806 gerimus
1464 4710 1688 4800 etbabemus3
1699 4728 1764 4782 uec
1773 4727 1927 4802 unquam
