4298 5906
480 607 540 670 286
929 601 1066 664 Novas
1092 595 1446 664 constitutions

482 745 555 816 rins
568 741 683 814 minus
699 741 789 814 bene
804 739 962 814 conficiat
975 738 1041 837 (l),
1053 740 1148 812 curie
1166 735 1403 828 denunciabit,
1419 743 1453 808 et
1467 733 1564 830 qnod
1582 737 1793 832 pauperibus
1811 757 1894 811 con·

482 870 598 944 silium
616 867 723 963 gratis
739 866 848 940 dabit.

531 995 598 1066 Istc
616 991 772 1064 medicus
792 991 945 1064 visitabit
959 1000 1096 1084 egrotos
1112 1009 1194 1062 snos
1212 987 1259 1062 ad
1277 987 1392 1058 minus
1410 985 1465 1058 bis
1482 985 1518 1056 in
1534 984 1665 1078 die,'et
1682 985 1728 1060 ad
1743 989 1888 1082 requisi-

481 1117 608 1190 tionem
624 1115 748 1186 infirmi
768 1116 874 1188 semel
888 1115 924 1186 in
943 1123 1055 1204 nocte
1073 1133 1179 1206 aqnc
1196 1131 1266 1184 non
1280 1109 1426 1204 recipiet
1440 1129 1502 1203 per
1518 1108 1625 1198 diem,
1641 1111 1672 1182 si
1685 1133 1748 1206 pro
1765 1133 1806 1184 eo
1822 1134 1891 1186 non

479 1240 678 1335 egrediatur
698 1240 871 1312 civitatem
888 1240 943 1312 vel
962 1247 1133 1326 castrum,
1152 1236 1240 1308 ultra
1260 1231 1445 1306 dimidium
1467 1241 1626 1305 tarermm
1644 1233 1731 1306 anri.
1754 1235 1810 1307 Ab
1830 1236 1891 1308 in-

479 1363 578 1438 lirmo
590 1373 705 1437 auwm
721 1386 823 1458 quem
838 1373 937 1436 extra
952 1362 1124 1435 civitatem
1140 1361 1270 1450 visitat,
1282 1379 1350 1431 non
1369 1357 1509 1455 recipiat
1526 1381 1588 1454 per
1605 1359 1697 1432 diem
1716 1360 1805 1434 ultra
1821 1371 1891 1435 tres

477 1500 613 1562 tarenos
638 1511 718 1560 cum
742 1489 906 1584 expensis
931 1486 1077 1578 infirmi,
1104 1486 1160 1558 vel
1180 1485 1270 1558 ultra
1288 1493 1437 1579 quatuor
1460 1493 1597 1556 tarenos
1622 1505 1703 1556 cum
1728 1487 1890 1581 expensis

476 1614 561 1686 suis.
585 1614 661 1687 Non
684 1611 861 1686 contrahat
882 1611 1078 1685 societatem
1097 1633 1178 1683 cnm
1197 1607 1472 1682 conlectionariis
1490 1629 1555 1681 nec
1576 1609 1720 1705 recipiat
1737 1611 1888 1706 aliquem

476 1740 543 1812 snb
565 1759 649 1811 cura
671 1759 735 1810 sua
759 1737 805 1812 ad
831 1759 1003 1833 expensas
1029 1759 1090 1832 pro
1113 1745 1205 1808 certa
1232 1734 1333 1831 pretii
1360 1733 1568 1829 quantitate,
1594 1755 1659 1806 nec
1683 1735 1758 1830 ipse
1783 1737 1886 1808 etiam

478 1863 616 1936 babebit
649 1863 822 1958 propriam
855 1861 1048 1934 stationem.
1079 1858 1340 1932 Confectionarii
1366 1879 1449 1932 vero
1481 1858 1609 1930 sacient
1640 1859 1888 1933 mulectionem

475 1987 636 2081 expensis
658 1987 731 2058 suis
754 2007 834 2058 cum
859 1985 1053 2058 testimonio
1077 1983 1313 2074 medicorum,
1340 1983 1442 2073 juxta
1468 1983 1613 2056 sormam
1637 1982 1887 2057 constitutionis

477 2121 610 2200 nostre,
635 2133 699 2183 nec
721 2110 944 2182 admittentur
963 2108 1010 2182 ad
1028 2109 1093 2180 hoc
1112 2118 1151 2179 ut
1175 2115 1313 2180 teneant
1330 2107 1561 2180 conlectiones
1585 2106 1652 2179 nisi
1671 2108 1812 2202 prestito
1828 2109 1886 2200 ju·

475 2245 649 2327 ramento,
675 2257 794 2307 omnes
815 2234 1045 2307 conlectiones
1067 2255 1147 2305 suas
1171 2231 1363 2304 secundum
1388 2231 1577 2326 predictam
1597 2232 1740 2304 sormam
1761 2233 1886 2307 iaciant

474 2359 550 2432 sinc
580 2357 713 2432 fraude.
743 2359 946 2432 lucrabitur
970 2369 1085 2432 autem
1109 2356 1328 2430 stationarius
1355 2353 1400 2428 de
1429 2355 1701 2430 confectionibus
1727 2359 1801 2430 suis
1823 2381 1885 2432 se-

472 2486 627 2559 cundum
651 2484 755 2558 istum
777 2485 920 2559 modum
942 2511 950 2555 ε
974 2484 1019 2557 de
1036 2481 1308 2556 consectionibus
1324 2489 1359 2553 et
1376 2480 1590 2576 simplicibus
1612 2482 1794 2556 medicinis
1815 2505 1884 2578 qne

473 2630 542 2682 non
566 2619 822 2683 consueverunt
839 2607 947 2681 teneri
965 2608 1002 2680 in
1018 2606 1196 2703 apothecis
1212 2607 1302 2678 nltra
1320 2627 1449 2678 annum
1472 2627 1494 2678 a
1511 2615 1664 2701 tempore
1685 2608 1880 2702 emptionis,

472 2756 534 2830 pro
549 2735 703 2830 qualibet
721 2735 824 2806 uncia
842 2733 965 2830 poterit
983 2742 1016 2804 et
1031 2731 1145 2804 licebit
1163 2743 1232 2804 tres
1245 2739 1380 2802 tarenos
1398 2729 1535 2802 lucrari.
1559 2733 1608 2802 De
1624 2729 1701 2802 aliis
1713 2752 1797 2803 vero
1813 2753 1883 2828 que

329 2887 336 2910 ·
471 2881 517 2932 ex
536 2869 656 2932 natura
681 2859 949 2932 medicaminum
966 2859 1022 2931 vel
1041 2856 1173 2931 exalia
1195 2877 1300 2930 causa
1325 2855 1414 2928 ultra
1436 2877 1566 2928 annum
1585 2855 1622 2926 in
1640 2855 1806 2950 apotheca
1824 2864 1882 2928 te-

471 2993 608 3073 nentur,
628 3006 691 3079 pro
707 2983 866 3078 qualibet
879 2983 981 3056 uncia
1004 2982 1122 3054 licebit
1145 2979 1269 3054 lucrari
1291 3002 1354 3052 sex
1372 2989 1520 3052 tarenos.
1540 2980 1611 3051 Nec
1625 2979 1788 3052 stationes
1808 2977 1880 3052 hu-

466 3105 620 3202 jusmodi
641 3117 743 3179 erunt
759 3107 906 3202 ubique,
926 3105 989 3180 sed
1011 3107 1048 3177 in
1071 3105 1171 3180 certis
1195 3105 1395 3176 civitatibus
1413 3125 1475 3200 per
1498 3124 1663 3196 regnum,
1681 3112 1721 3174 nt
1738 3103 1881 3175 inferius

470 3231 675 3306 describitur
693 3229 759 3326 (2).

516 3357 586 3430 Nec
612 3367 725 3429 tamen
745 3365 823 3452 post
847 3357 1055 3451 completum
1072 3353 1348 3450 quinquennium
1371 3350 1593 3447 practicabit,
1612 3349 1680 3421 nisi
1700 3371 1762 3444 per
1784 3349 1879 3422 inte-

467 3505 568 3579 grum
582 3503 713 3554 annum
729 3503 808 3553 cum
823 3481 965 3554 oonsilio
980 3479 1114 3576 experti
1136 3476 1263 3552 medici
1277 3476 1491 3573 practicetur.
1516 3475 1671 3570 Magistri
1690 3495 1773 3546 vero
1789 3475 1876 3546 inira

468 3607 562 3682 istud
588 3605 864 3702 quinquennium
890 3605 995 3677 libros
1021 3603 1234 3676 authenticos
1254 3611 1323 3674 tam
1348 3599 1562 3696 Hippocratis
1579 3619 1684 3693 qnam
1703 3596 1822 3670 Galeni
1841 3599 1878 3670 in

468 3733 594 3805 scholis
611 3733 770 3823 doceant,
787 3741 856 3803 tam
874 3729 910 3800 in
926 3728 1075 3802 theorica
1087 3749 1192 3823 qnam
1209 3727 1244 3798 in
1262 3725 1414 3821 practica
1427 3722 1609 3796 medicine.
1626 3722 1761 3795 Salubri
1774 3722 1877 3795 etiam

468 3859 710 3931 constitutione
737 3855 911 3930 sancimus
933 3863 972 3927 ut
994 3853 1110 3926 nullus
1138 3851 1352 3946 chirurgicus
1376 3849 1423 3922 ad
1447 3847 1633 3944 practicam
1657 3845 1874 3939 admittatur,

467 3981 534 4053 nisi
551 3983 795 4056 testimoniales
811 3981 940 4054 litteras
963 3978 1084 4052 offerat
1107 3977 1348 4070 magistromm
1366 3973 1402 4046 in
1423 3971 1620 4045 medicinali
1642 3971 1803 4044 laenitate
1826 3973 1877 4045 le·

467 4107 623 4202 gentium
648 4105 744 4203 quod
771 4102 987 4202 perannum
1012 4103 1132 4175 saltem
1161 4099 1197 4172 in
1224 4122 1265 4173 ea
1294 4105 1390 4194 parte
1415 4096 1587 4171 medicine
1612 4095 1783 4170 studuerit
1806 4118 1876 4192 qna

468 4231 641 4326 chirurgia
657 4231 793 4306 instruit
808 4232 1017 4320 facultatem,
1034 4225 1212 4324 presertim
1228 4223 1435 4299 anatomiam
1448 4223 1677 4295 bumanorum
1692 4243 1873 4317 corporum

504 4574 539 4648 (t)
557 4573 597 4630 ct.
611 4587 693 4646 supra
707 4571 755 4629 lib.
765 4571 815 4642 111,
828 4571 871 4629 tit.
883 4571 996 4642 xtvn,
1008 4588 1036 4646 p.
1048 4571 1109 4626 ttt.

402 4758 403 4762 Ἰ
503 4673 541 4747 (2)
560 4671 641 4728 Deest
653 4676 742 4727 tantm
762 4669 812 4726 ista
826 4667 1022 4727 constitutionis
1034 4683 1107 4742 pars.
1122 4665 1199 4726 Unde
1214 4665 1298 4740 liquet
1308 4665 1380 4722 banc
1389 4661 1604 4722 constitutionem
1618 4675 1672 4718 una
1686 4673 1749 4716 οιιιιι
1761 4663 1801 4715 tot
1813 4655 1874 4716 aliis

466 4771 501 4829 ad
513 4768 653 4828 arbitrium
666 4783 759 4827 acrum
773 4767 819 4841 qui
832 4766 961 4842 principio
971 4765 1184 4841 compilationem
1195 4765 1372 4839 redegerunt,
1384 4761 1467 4820 tuisse
1478 4761 1671 4819 detruncatam.
