4320 5918
240 574 342 640 horor.
356 573 403 656 8.]
696 574 894 646 HISTORIA
919 575 1212 640 nrstottttttctt.

459 877 1439 892 *m—-n--u-——n—--a———n—-nae-neu——n--nm

291 1147 524 1258 Fridericus,
549 1152 809 1238 Romanorum
835 1155 1056 1264 imperator,
1084 1155 1224 1240 civium
1251 1156 1588 1242 Wormatiensium
1612 1169 1650 1243 et
1672 1181 1854 1290 [appu-plur

239 1281 402 1365 aliomm
422 1283 643 1369 fidelitatem
665 1289 924 1397 commendat,
944 1313 1066 1400 quum
1097 1289 1404 1401 suggestionibus
1431 1291 1508 1374 sive
1533 1291 1648 1375 minis

238 1415 389 1500 ilenrici
420 1418 522 1529 regis
552 1419 620 1502 filii
651 1420 710 1504 sui
741 1421 893 1506 rebellis
923 1423 1180 1508 constanciam
1206 1449 1284 1508 non
1311 1425 1594 1510 immutaverint
1611 1437 1648 1510 et

234 1547 496 1658 juramentum
527 1578 606 1664 quo
632 1553 705 1639 sibi
735 1563 913 1640 tenentur
943 1557 1190 1666 servaverint3
1211 1557 1382 1642 suumin
1401 1557 1648 1644 Alamanniae

237 1693 364 1792 partes
381 1686 600 1796 proximum
618 1689 824 1775 aduentum
842 1691 1023 1776 nuntians
1036 1703 1073 1777 et
1086 1691 1203 1804 digna
1216 1718 1286 1803 pro
1304 1691 1447 1776 meritis
1464 1692 1646 1777 beneficia

237 1820 516 1928 repromittens
637 1897 640 1906 .

926 2008 956 2084 1.

309 2179 416 2260 (sud.
431 2183 596 2262 nomn,
610 2183 696 2244 Foco.
721 2198 781 2246 m.
805 2183 914 2262 om,
937 2189 960 2248 t
977 2185 1025 2261 11,
1040 2203 1072 2265 p.
1089 2193 1160 2265 m,
1173 2193 1207 2247 n·
1220 2191 1256 2265 s;
1271 2201 1309 2246 cx
1321 2183 1388 2248 cod.
1403 2183 1529 2248 vindob.
1538 2181 1643 2266 philol.

357 2297 413 2352 tot
430 2286 522 2370 (nnnc
536 2287 621 2370 teo),
638 2289 691 2352 tol.
709 2299 779 2372 154,
792 2294 892 2372 magui
904 2294 1056 2368 momenti,
1070 2293 1140 2354 licet
1152 2291 1267 2353 mendis
1280 2297 1310 2353 et
1323 2291 1437 2352 lacunis
1449 2296 1581 2367 scateat.)

284 2449 493 2541 Fridericus,
514 2460 598 2546 etc,
618 2451 756 2527 civibus
772 2451 1104 2528 wormaciensibus.
1122 2453 1353 2528 Transmissas
1376 2477 1488 2550 nuper
1504 2454 1644 2528 culmini

235 2583 353 2649 nostro
371 2575 604 2650 universitatis
623 2585 738 2651 vestre
760 2577 891 2652 litteras
912 2577 1012 2651 hilari
1036 2577 1216 2652 allectione
1242 2579 1436 2676 recepimus
1461 2588 1496 2652 et
1523 2587 1645 2652 earum

235 2700 337 2796 plene
351 2701 593 2797 recollegimus
606 2701 776 2777 intimata.
791 2701 864 2777 Nec
875 2703 1082 2777 excellentia
1094 2710 1209 2776 nostra
1225 2702 1322 2776 ducit
1335 2703 1371 2775 in
1389 2701 1536 2777 dubium
1548 2723 1645 2799 quo-

235 2823 329 2899 niam
345 2823 493 2902 fideliter
505 2835 541 2902 et
556 2827 682 2903 devote
700 2849 765 2904 vos
781 2849 865 2926 erga
879 2828 1117 2927 progenitores
1133 2837 1267 2902 nostros
1284 2829 1465 2924 gesseratis
1480 2837 1515 2902 et
1533 2827 1642 2904 devo·

235 2947 363 3022 tionem
387 2969 507 3024 eorum
532 2949 580 3026 ad
605 2973 726 3026 eorum
754 2953 1003 3049 promotionem
1025 2950 1170 3026 ferventi
1200 2951 1273 3025 zelo
1299 2950 1433 3024 fueritis
1456 2952 1640 3049 persecuti.

235 3071 406 3167 Rogamus
419 3073 562 3172 insuper
574 3083 704 3171 quanta
718 3073 897 3173 diligentia
914 3083 949 3150 et
964 3071 1140 3150 fidelitatis
1157 3076 1280 3150 ardore
1294 3075 1451 3148 succensi
1464 3097 1547 3170 erga
1562 3097 1643 3150 ser-

235 3196 320 3271 vitia
334 3207 451 3273 nostra
467 3220 532 3273 vos
550 3201 724 3296 gesseritis
739 3210 775 3276 et
791 3201 931 3296 geratis,
954 3209 993 3274 ut
1007 3199 1112 3276 fidem
1130 3211 1281 3275 vestram
1299 3209 1414 3274 nostro
1429 3222 1590 3296 geramus
1605 3201 1643 3275 in

234 3332 371 3417 pectore
388 3321 497 3398 fixam
517 3345 559 3398 ae
575 3323 769 3400 devotionis
790 3335 904 3400 vestre
922 3325 1063 3399 servitia
1084 3325 1129 3422 (c)
1149 3325 1195 3399 ad
1220 3323 1429 3420 condignam
1452 3324 1590 3399 laudem
1609 3335 1644 3398 et

234 3449 494 3524 retributionem
506 3461 657 3526 vesuam
672 3449 836 3526 musciori
847 3450 1013 3525 memoria
1027 3471 1283 3525 conservemus.
1300 3450 1418 3546 Nuper
1437 3450 1540 3524 etiem
1561 3471 1643 3523 ma-

235 3573 391 3664 nifestius
403 3572 491 3649 fides
508 3584 625 3649 vestra
643 3575 767 3650 claruit
778 3574 826 3650 ad
844 3576 1044 3672 exemplum
1058 3584 1097 3648 ut
1110 3574 1157 3649 ad
1171 3576 1404 3668 juramentum
1420 3574 1514 3670 quod
1529 3575 1644 3670 requi-

233 3700 408 3776 rebatura
425 3701 539 3794 vobis,
554 3702 659 3776 nullis
672 3701 973 3799 suggestionibus,
997 3701 1101 3776 minis
1118 3701 1194 3776 sive
1209 3701 1395 3776 terroribus
1413 3701 1642 3774 constanciam

233 3825 412 3920 potueritis
428 3826 628 3920 immutare,
648 3826 735 3924 quin
752 3827 868 3924 potius
893 3827 1048 3924 inspecta
1064 3835 1099 3900 et
1120 3826 1259 3922 cognita
1282 3823 1544 3900 adiuvencionis
1566 3845 1642 3899 ver·

232 3951 341 4045 satia,
361 3951 539 4050 imperiale
551 3951 599 4050 (l)
618 3974 745 4028 nomen
763 3953 969 4050 exceperitis
981 3962 1016 4027 et
1030 3952 1197 4026 bonorem
1210 3950 1280 4049 (l),
1301 3950 1494 4047 quiauobis
1507 3951 1642 4022 incum-

232 4073 284 4146 bit
308 4075 419 4152 boncr
444 4085 479 4151 et
507 4075 621 4152 bouus
649 4077 783 4176 imperii
809 4087 845 4152 ct
873 4099 935 4152 vos
960 4085 1129 4150 ettotam
1151 4075 1334 4173 imperium
1356 4073 1457 4148 nobis
1479 4073 1641 4148 tenemini

228 4198 437 4290 juramento.

274 4375 316 4459 (a)
335 4381 372 4443 ln
385 4382 453 4445 cod.
467 4387 498 4444 et
510 4400 557 4462 ap.
572 4382 716 4446 Bocbmer
727 4376 770 4444 cri
780 4377 937 4445 mortono
948 4385 1045 4444 notre
1057 4379 1182 4442 servitia.

274 4487 316 4570 (t)
337 4492 374 4552 In
385 4493 454 4556 cod.
468 4489 674 4574 spiritualer,
687 4493 777 4556 male.

1381 4641 1633 4656 nuum-.-

269 4730 307 4806 (t)
327 4732 425 4793 «Misit
434 4733 516 4795 etiem
527 4734 667 4812 [ilenricus
679 4691 799 4812 rexlpro
809 4732 914 4794 ornus
921 4731 1167 4793 wormatiensibus
1181 4737 1210 4791 et
1221 4729 1316 4791 institit
1334 4745 1396 4788 cum
1413 4729 1537 4788 omnibus
1554 4729 1640 4790 modis
