4360 5908
990 561 1204 626 FRlelllCl
1229 563 1405 628 sscttrtbt
1718 565 1798 646 [uon
1818 563 1904 632 lm.

543 1175 774 1282 Friderious,
793 1177 1055 1264 Romanorum
1080 1179 1302 1290 imperator,
1321 1176 1597 1266 monasterium
1619 1176 1797 1281 bbusen,
1816 1199 1906 1260 cum

491 1311 670 1396 omnibus
696 1313 1000 1423 possessionibus
1024 1314 1130 1426 ejus,
1149 1313 1223 1400 snb
1249 1313 1402 1426 speciali
1432 1339 1504 1397 sua
1534 1323 1572 1398 et
1597 1309 1745 1423 imperii
1775 1307 1907 1420 resipit

490 1447 733 1557 protectione.

572 1689 669 1772 (Edtu
693 1695 727 1754 tn
744 1691 884 1768 Susura,
901 1692 986 1774 dorp.
1001 1689 1105 1756 teor.
1119 1646 1531 1774 sementinam
1549 1691 1599 1771 11,
1622 1697 1674 1766 ut,
1695 1703 1779 1752 nrum
1801 1695 1852 1762 at,
1874 1693 1907 1750 st

611 1814 661 1876 ap.
676 1797 805 1860 uomet
821 1799 913 1874 Boia,
928 1806 952 1862 t.
967 1799 1071 1876 XXX,
1086 1817 1117 1880 p.
1135 1809 1204 1874 188,
1219 1817 1304 1864 num.
1323 1799 1452 1876 occlv,
1475 1816 1514 1862 ex
1533 1797 1669 1878 orlglnult
1684 1795 1764 1858 unde
1776 1795 1906 1875 ugtttum

607 1907 639 1966 ln
653 1921 705 1967 ora
716 1907 821 1969 dextra
833 1915 863 1968 et
876 1908 995 1969 stnlstro
1008 1908 1119 1970 laesum
1131 1907 1327 1987 appendetex
1337 1906 1397 1970 utu
1406 1908 1507 1970 serlus
1518 1905 1602 1968 rubrl
1614 1920 1650 1967 ao
1660 1903 1763 1966 viridis
1775 1897 1905 1980 eoloris)

538 2125 759 2230 Frliderious]
777 2132 840 2206 Dei
858 2132 969 2227 gratia
982 2134 1213 2208 Romanorum
1232 2133 1417 2232 imperator
1432 2153 1568 2230 semper
1585 2135 1774 2226 augustus,
1798 2127 1906 2203 Jeru-

492 2253 596 2328 salem
612 2265 646 2328 et
661 2256 777 2330 Sicilie
799 2279 875 2331 rex.
898 2259 962 2332 Per
979 2281 1122 2355 presens
1139 2259 1303 2356 seriptum
1328 2268 1447 2334 notum
1472 2255 1618 2331 lauimus
1639 2253 1813 2328 universis
1835 2251 1906 2325 irn-

494 2380 579 2476 perii
598 2379 760 2454 fidelibus
777 2391 847 2454 tam
863 2383 1082 2478 presentibus
1098 2407 1205 2480 quam
1221 2383 1347 2458 tuturis
1364 2381 1460 2479 quod
1477 2405 1541 2457 nos
1558 2377 1785 2456 adtendentes
1798 2375 1905 2451 fidem

492 2527 613 2604 puram
631 2515 667 2579 et
681 2505 909 2581 devocionem
927 2507 1097 2582 sinceram
1118 2563 1155 2583 ..
1173 2563 1183 2582 .
1200 2507 1411 2584 venerabilis
1428 2507 1564 2582 abbatis
1585 2505 1728 2581 ecclesie
1746 2503 1782 2576 in
1800 2500 1906 2575 Abu-

492 2651 552 2703 seo
572 2630 684 2706 fidelis
698 2632 822 2724 nostri,
844 2631 889 2706 de
907 2632 1141 2708 munificentie
1157 2643 1273 2710 nostre
1288 2635 1397 2732 gratia
1417 2653 1601 2730 personam
1622 2631 1699 2724 ejus
1721 2650 1803 2703 oum
1823 2648 1906 2700 onr-

493 2757 596 2831 nibus
621 2757 721 2831 bonis
744 2759 817 2831 suis
841 2767 910 2830 tam
941 2759 1182 2833 ecelesiasticis
1200 2781 1307 2856 quam
1330 2755 1518 2832 mundanis
1543 2757 1611 2830 sub
1634 2754 1846 2852 protectione
1871 2759 1906 2824 et

492 2881 692 2956 defensione
720 2891 836 2956 nostra
860 2893 896 2956 et
919 2883 1054 2980 imperii
1080 2885 1276 2980 recepimus
1300 2881 1453 2980 speciali.
1478 2879 1683 2960 Mandantes
1706 2885 1755 2954 et·
1765 2875 1907 2951 firmiter

492 3005 687 3081 inhibentes
706 3017 880 3103 qnatenus
898 3008 1016 3081 nullus
1041 3009 1087 3082 sit
1103 3009 1165 3104 qni
1182 3007 1332 3084 eundem
1348 3007 1510 3082 abbatem
1529 3007 1565 3079 in
1584 3027 1729 3104 persona
1746 3012 1780 3080 et
1801 3001 1906 3076 rebius

491 3133 566 3206 suis
589 3131 758 3229 impedire
776 3154 838 3208 seu
858 3133 1039 3207 molestare
1057 3143 1246 3231 presumat.
1271 3133 1374 3220 Quod
1390 3133 1452 3230 qni
1472 3131 1717 3229 presumpserit
1741 3127 1907 3222 indigna-

492 3259 624 3332 cionem
643 3267 795 3331 nostram
811 3279 849 3331 se
863 3259 994 3332 senciat
1010 3259 1243 3334 incursurum.
1264 3257 1321 3333 Ad
1339 3259 1445 3354 hujus
1460 3259 1578 3353 itaque
1593 3253 1814 3353 protectionis
1830 3253 1906 3350 ejus

493 3383 691 3458 memoriam
710 3392 744 3456 et
768 3381 924 3456 stabilem
940 3381 1156 3478 firmitatem,
1175 3405 1315 3482 presens
1345 3381 1512 3482 seriptum
1532 3379 1608 3455 fieri
1629 3379 1798 3474 jussimus
1822 3399 1905 3452 mu-

487 3509 618 3602 jestatis
636 3518 752 3581 nostre
766 3507 879 3602 sigilio
897 3508 1082 3582 munitum.

540 3635 666 3706 Datum
686 3633 871 3726 Ravenna,
888 3655 980 3707 anno
995 3631 1169 3707 dominica
1194 3633 1437 3708 incarnationis
1461 3633 1642 3706 millesimo
1666 3615 1908 3706 ducentesimo

493 3759 665 3833 tricesimo
679 3757 790 3856 primo
801 3812 811 3851 ,
824 3780 942 3832 mense
955 3755 1143 3850 decembri,
1162 3759 1283 3856 quinte
1300 3757 1510 3834 indictionis.

719 4103 1331 4121 mmmmm-imm·
1337 4105 1444 4116 -ι-ι-ι--ι
1452 4105 1603 4114 auu-cumn·-

311 4439 441 4538 bault:
544 4417 775 4526 Friderious,
795 4417 1055 4502 Romanorum
1077 4417 1298 4526 imperator,
1318 4413 1745 4525 Hermannomagistro
1762 4413 1903 4523 bospi-

490 4549 578 4634 tsli's
596 4550 915 4636 Theutonioornm
937 4562 975 4636 et
1005 4549 1186 4634 iratribus
1211 4549 1294 4660 ejus
1315 4559 1456 4634 terram
1483 4550 1693 4661 quamdam
1720 4547 1903 4632 insultem

491 4685 653 4792 confert,
674 4687 723 4771 de
743 4693 828 4771 orto
852 4685 1015 4796 episeopi
1036 4685 1264 4770 Aoeonensis
1284 4709 1407 4796 usque
1424 4684 1474 4768 ad
1490 4682 1674 4768 terminos
1691 4693 1814 4766 terrae
1830 4681 1902 4765 Ja-
