4288 5912
532 583 593 650 tto
1032 577 1247 646 vernante!
1271 581 1446 648 SECUNDI
1756 587 1837 668 [Ass.
1855 591 1941 654 1232

531 719 708 818 legiptime
719 727 754 793 et
765 717 915 814 perfecte
930 716 1026 790 curie
1043 716 1206 810 constitit,
1224 719 1404 816 proposuit
1418 726 1537 793 eontm
1551 740 1698 796 comune
1713 744 1778 797 seu
1794 725 1945 800 univer-

532 847 666 922 sitatem
689 843 857 918 Florentio
876 839 970 939 quod
995 843 1109 939 ipsum
1134 865 1283 919 comune
1306 854 1342 918 et
1367 843 1578 920 universitas
1602 868 1666 943 pro
1689 857 1785 922 motu
1807 851 1945 946 proprie

534 971 722 1046 voluntatis
745 967 916 1044 destruxit
940 967 1011 1041 duo
1029 977 1140 1042 castra
1161 971 1319 1044 comunis
1336 991 1400 1044 seu
1414 969 1646 1045 universitatis
1659 972 1766 1065 Sene,
1785 972 1946 1049 videlieet

536 1106 685 1171 castrum
706 1094 751 1168 de
776 1095 917 1168 Selvuta
939 1101 974 1166 et
995 1101 1143 1166 metrum
1172 1092 1219 1167 de
1239 1095 1510 1188 Quercegrossar
1532 1095 1734 1190 inquorum
1757 1107 1945 1171 oastmrum

535 1221 799 1296 destructionem
823 1217 907 1292 dicit
933 1217 1192 1291 universitatem
1218 1221 1308 1293 Sene
1329 1217 1619 1294 damnificandum
1637 1220 1674 1292 iu
1696 1221 1855 1296 ducentis
1878 1223 1947 1294 mi·

534 1346 627 1419 tibus
649 1345 813 1418 librarum
831 1341 1052 1416 denariorum
1071 1343 1177 1437 Seue;
1196 1343 1277 1417 item
1298 1343 1394 1440 quod
1411 1345 1488 1440 ipsa
1503 1345 1712 1418 universitas
1724 1347 1894 1422 Florentio
1910 1347 1948 1420 in

536 1470 699 1567 predictis
720 1468 928 1542 cabellicatis
949 1478 984 1541 et
1001 1467 1147 1541 aliarum
1170 1489 1286 1542 rerum
1309 1466 1541 1542 destructione
1558 1478 1593 1543 et
1614 1469 1788 1543 ablatione
1805 1469 1950 1543 (111111111-

539 1593 655 1669 ficavit
682 1593 815 1667 dictum
841 1613 988 1666 comune
1013 1593 1049 1665 iu
1075 1591 1323 1688 quadragentis
1345 1593 1496 1666 mitibus
1510 1593 1606 1667 libris
1624 1594 1780 1688 eJusdem
1797 1605 1947 1688 monete,

537 1719 653 1794 eundo
679 1717 782 1793 etiam
802 1739 881 1790 cnm
906 1717 1061 1791 exercitu
1082 1739 1188 1815 super
1206 1717 1337 1791 dictum
1361 1739 1508 1792 comune
1532 1727 1567 1792 et
1586 1727 1695 1793 terras
1716 1719 1951 1796 universitatis

538 1843 692 1940 ejusdem
716 1851 751 1917 et
767 1842 949 1916 comitatus
967 1841 1076 1940 ipsius
1095 1851 1130 1916 et
1146 1841 1366 1917 incendendo
1382 1852 1417 1916 et
1432 1842 1648 1920 devastando
1664 1865 1720 1918 res
1732 1853 1767 1918 et
1780 1845 1872 1919 bona
1888 1846 1952 1920 Se-

537 1969 698 2044 nensium
708 1977 742 2041 et
752 1988 871 2042 eorum
881 1967 1078 2059 comitatum
1094 1987 1200 2064 quarn
1214 1967 1376 2060 injuriam
1389 1967 1494 2042 nollet
1505 1967 1734 2043 substinuisse
1745 1967 1878 2042 dictum
1889 1989 1952 2042 oo-

538 2115 663 2184 mune,
679 2091 803 2167 melius
816 2091 921 2166 vellet
937 2089 1077 2166 dedisse
1096 2089 1142 2165 de
1153 2090 1228 2164 suis
1244 2091 1475 2188 quadrigenta
1490 2092 1598 2166 millia
1614 2093 1779 2167 libramm
1792 2092 1952 2186 ejusdem

540 2227 696 2312 monete3
715 2215 811 2291 unde
825 2215 941 2290 dictus
960 2216 1114 2290 sindicus
1130 2237 1193 2290 seu
1212 2225 1307 2292 actor
1322 2238 1386 2314 pro
1402 2227 1499 2314 parte
1517 2227 1552 2291 et
1568 2217 1648 2291 vice
1668 2217 1902 2292 universitatis
1915 2227 1954 2292 et

541 2343 698 2419 comunis
720 2341 881 2434 Senends
900 2363 920 2414 a
943 2341 1097 2437 predicta
1119 2341 1345 2416 universitate
1360 2341 1530 2416 Florentio
1549 2363 1613 2416 seu
1632 2343 1771 2417 comuni
1785 2343 1871 2439 petit
1885 2343 1955 2416 sibi

542 2463 1855 2564 fierijusticiamdeomnibussupradictis,salvojureeddendietminueudi.
1867 2467 1955 2541 Item

542 2593 720 2669 accusavit
732 2591 825 2668 idem
841 2591 1023 2666 Guidottus
1038 2593 1221 2665 Luccensis
1234 2591 1388 2666 sindicus
1401 2591 1559 2665 comunis
1571 2601 1606 2666 et
1619 2591 1853 2664 universitatis
1865 2593 1958 2666 Seue

543 2740 689 2795 comune
707 2731 742 2792 et
759 2717 1016 2792 universitatem
1035 2717 1201 2791 florentie
1218 2717 1314 2815 quod
1329 2717 1442 2813 ipsum
1460 2737 1608 2790 comune
1621 2725 1657 2790 et
1671 2715 1878 2790 universitas
1890 2737 1957 2812 pro

542 2856 637 2920 motu
650 2853 685 2918 et
697 2843 837 2918 arbitrio
850 2841 1184 2940 pmprievoluntetis
1196 2842 1306 2916 movit
1319 2864 1481 2936 guerram
1494 2851 1612 2917 contra
1624 2842 1734 2938 ipsum
1747 2841 1957 2915 univcrsita-

543 2979 626 3063 tem,
641 2991 720 3042 cum
731 2969 1010 3062 exercitu,gente
1020 2977 1055 3042 et
1065 2989 1173 3040 manu
1186 2979 1317 3042 armata
1326 2967 1454 3042 assedit
1466 2976 1578 3042 castra
1586 2987 1708 3041 eorum
1719 2977 1754 3040 et
1764 2987 1959 3064 (1111131111-

545 3095 608 3188 vit,
620 3093 782 3167 videlicet
792 3101 941 3166 castrum
956 3091 1001 3166 de
1009 3093 1150 3166 Selvuta
1158 3101 1193 3166 et
1204 3090 1409 3166 castmmde
1417 3092 1683 3186 Quercegrosss,
1700 3090 1862 3165 incendia
1871 3113 1958 3187 sup-

544 3218 706 3317 ponendo
728 3219 826 3292 terris
846 3227 880 3292 et
899 3217 1003 3291 rebus
1025 3238 1165 3310 eorum,
1189 3215 1352 3291 omicidia
1374 3217 1411 3288 in
1434 3217 1656 3312 quamplures
1677 3213 1725 3289 dc
1745 3215 1959 3289 Senensibus

545 3343 810 3434 committendo,
829 3341 998 3439 capiendo
1012 3341 1154 3416 eosdem
1173 3351 1208 3416 et
1228 3343 1403 3439 privatum
1417 3361 1590 3415 carcerem
1603 3339 1798 3414 exercendo
1814 3339 1852 3412 in
1869 3359 1961 3435 quos

547 3471 719 3567 captivos3
739 3467 834 3544 unde
850 3469 935 3565 petit
949 3466 1106 3542 sindicus
1120 3469 1196 3564 ipse
1212 3489 1275 3564 pro
1287 3475 1385 3564 parte
1398 3465 1635 3540 universitatis
1646 3467 1736 3539 Sene
1751 3465 1861 3561 ipsam
1878 3465 1959 3538 uni·

547 3593 744 3668 versitatem
766 3613 828 3666 seu
853 3613 1000 3666 comune
1024 3592 1193 3666 Florentia
1216 3589 1261 3666 de
1282 3612 1408 3687 guerra
1427 3591 1539 3666 taliter
1558 3599 1650 3665 mota
1671 3589 1864 3665 secundnm
1879 3591 1961 3683 jura

549 3718 678 3816 puniri.
699 3717 771 3790 Heo
789 3726 866 3790 aeta
887 3726 968 3791 sunt
984 3716 1051 3790 hoc
1066 3737 1158 3790 anno
1181 3715 1227 3790 de
1248 3737 1366 3792 meuse
1384 3717 1476 3810 junii
1491 3716 1651 3813 proximo
1669 3715 1822 3813 preteriti
1838 3716 1877 3788 iu
1892 3726 1960 3789 teu

548 3843 666 3918 vitorio
687 3851 721 3915 et
746 3843 909 3916 comitatu
935 3841 1044 3938 ipsius
1062 3842 1165 3916 Sene.
1190 3843 1275 3916 ltem
1296 3841 1366 3917 alio
1387 3841 1502 3916 libello
1524 3841 1609 3938 petit
1631 3839 1723 3914 idem
1743 3839 1900 3914 sindicus
1916 3839 1961 3914 de

548 3968 718 4050 incendiis
734 3967 846 4041 taliter
860 3967 958 4040 iactis
974 3967 1234 4041 universitatem
1247 3966 1417 4041 Florentio
1431 3965 1625 4040 secundum
1637 3967 1716 4060 jura
1727 3964 1855 4060 puniri.
1875 3965 1961 4039 item

550 4093 618 4168 atio
645 4092 761 4165 libello
787 4091 873 4186 petit
896 4091 990 4166 idem
1017 4091 1172 4166 sindicus
1206 4091 1336 4167 dictam
1359 4090 1619 4166 universitatem
1648 4087 1695 4165 dc
1717 4089 1874 4164 exercitu
1898 4111 1962 4164 seu

550 4229 653 4316 gente
665 4217 777 4291 taliter
789 4229 996 4315 congregato
1008 4215 1202 4292 secundum
1212 4219 1293 4314 jura
1306 4217 1435 4315 puniri.
1452 4217 1537 4291 Item
1548 4216 1617 4290 alio
1628 4215 1742 4290 libello
1752 4215 1838 4312 petit
1850 4216 1962 4312 ipsam

551 4343 810 4418 universitatem
829 4343 874 4418 de
891 4345 1150 4442 expugnatione
1172 4343 1284 4418 ratim
1306 4345 1398 4417 tacta
1419 4341 1612 4418 secuudum
1630 4343 1711 4434 jura
1726 4340 1858 4437 puniri.
1878 4339 1963 4414 Item

551 4469 621 4544 elio
638 4467 752 4542 libello
770 4466 863 4542 idem
879 4469 1035 4544 sindicus
1057 4469 1141 4564 petit
1160 4468 1289 4544 dictam
1306 4469 1569 4546 universitatem
1586 4466 1754 4542 Florentio
1775 4465 1821 4540 de
1840 4465 1963 4539 omici-

554 4595 621 4670 diis
639 4593 750 4667 taliter
774 4595 964 4668 commissis
982 4593 1175 4668 secundum
1195 4597 1275 4689 jura
1294 4594 1424 4692 puniri.
1451 4595 1535 4668 Item
1555 4593 1624 4666 alio
1641 4592 1757 4666 libello
1776 4591 1870 4666 idem
1891 4591 1964 4664 sin·

555 4719 655 4795 dicus
674 4719 757 4816 petit
776 4719 887 4816 ipsam
902 4719 1160 4794 universitatem
1179 4719 1347 4795 Florentio
1365 4719 1410 4796 de
1426 4739 1469 4795 eo
1487 4717 1584 4816 quod
1600 4717 1773 4817 privatum
1791 4735 1963 4792 carcerem
