4288 5912
479 539 542 603 tos
936 537 1200 602 remulci
1223 535 1400 599 sscttltnt
1710 533 1790 617 [ma
1805 535 1893 600 1232

481 674 635 786 negotio
653 674 742 759 fidei
772 675 845 760 et
831 703 876 759 m
902 673 1176 760 restauratione
1203 670 1358 814 jurium
1377 669 1553 782 imperit
1543 695 1615 838 ips
1604 667 1811 817 Ecclesia
1817 695 1894 816 non

481 809 673 893 decrit..
1889 837 1892 842 ·

494 1008 666 1102 (sota.
676 1016 852 1099 musmo,
864 1017 974 1084 namt
989 1017 1093 1094 welca,
1109 1017 1148 1082 ed
1160 1037 1232 1110 ann.
1246 1028 1334 1120 tter,
1349 1015 1507 1120 §liuba
1525 1025 1631 1100 regest
1645 975 1804 1093 llb.V1‚n'·
1814 1023 1893 1094 ιιι.)

531 1208 728 1304 Gregorius,
748 1221 815 1287 etc.
829 1211 1029 1300 Frederico,
1043 1219 1112 1286 etc.
1131 1209 1373 1284 Referentibus
1384 1207 1578 1284 venerabili
1594 1209 1698 1284 tratre
1709 1209 1753 1282 ll.
1769 1207 1895 1284 arebie·

484 1333 626 1430 piscopo
643 1333 853 1410 Messanensi
866 1334 923 1434 (l)
937 1345 973 1410 et
987 1335 1112 1415 dilecto
1128 1331 1201 1408 tilio
1218 1333 1257 1412 P.
1276 1331 1463 1432 imperialis
1478 1331 1562 1418 ¹aule
1579 1331 1698 1427 judice
1710 1331 1787 1430 ,(2),
1806 1343 1895 1406 nun·

484 1457 542 1530 tiis
566 1459 652 1548 tuis,
689 1459 784 1556 pium
817 1461 1030 1556 propositum
1058 1468 1093 1534 et
1115 1467 1273 1532 sanctum
1299 1456 1530 1550 desiderium,
1559 1455 1740 1550 consilium
1766 1465 1896 1530 rectum

486 1581 607 1658 divina
619 1585 843 1682 inspiratione
854 1595 1079 1682 conceptum,
1097 1607 1162 1658 nos
1180 1592 1215 1658 et
1237 1583 1360 1656 fratres
1377 1583 1485 1656 ιοιιιι
1499 1582 1611 1677 gavisi
1631 1563 1753 1656 snmus
1770 1582 1805 1654 in
1821 1584 1896 1655 Do-

485 1709 580 1783 mino
602 1718 637 1784 et
650 1712 686 1782 in
703 1711 854 1807 potentia
870 1711 1056 1804 majestatis
1080 1709 1204 1807 ipsius,
1221 1709 1283 1806 qui
1304 1709 1354 1782 sic
1370 1707 1470 1782 matri
1487 1705 1603 1810 lilium
1615 1717 1649 1780 et
1666 1705 1737 1780 lilio
1755 1715 1894 1780 matrem

486 1833 608 1928 spiritu
621 1855 685 1908 sne
695 1834 871 1908 charitatis
881 1835 996 1910 univit
1005 1846 1046 1907 nt
1058 1834 1364 1908 affectuumunilas
1377 1843 1411 1908 et
1420 1833 1582 1907 identitas
1593 1833 1787 1906 animorum
1798 1833 1895 1905 nobis

486 1958 621 2032 onustis
637 1959 766 2054 leviget
778 1981 884 2036 onera
900 1961 1040 2034 honoris
1062 1970 1097 2036 et
1121 1960 1236 2034 oneris
1249 1960 1334 2034 alias
1350 1959 1543 2034 sacerdotio
1560 1967 1595 2034 et
1612 1958 1756 2056 imperio
1773 1957 1895 2030 multi-

486 2083 620 2179 plieiter
637 2103 793 2160 onemsa.
821 2085 906 2172 Quis
932 2107 1087 2182 nuquam
1114 2107 1206 2160 nova
1229 2093 1348 2182 posset
1368 2084 1560 2158 temeritate
1580 2103 1778 2180 presumere
1799 2091 1843 2154 ut
1860 2083 1895 2156 in

487 2207 624 2304 negotio
637 2207 738 2304 fidei,
757 2210 923 2284 libertatis
936 2211 1182 2306 ecclesiastiae,
1208 2209 1352 2304 ecclesie
1366 2217 1402 2284 et
1415 2208 1551 2306 imperii
1572 2207 1704 2302 jurium
1720 2217 1896 2282 restaura-

486 2333 592 2428 tione,
616 2334 712 2430 qund
729 2333 774 2409 de
795 2336 938 2412 consilio
956 2345 1071 2410 nostro
1085 2345 1348 2432 prosequeretur
1364 2333 1553 2432 imperialis
1569 2333 1763 2409 sublimitas
1776 2330 1841 2428 (3),
1860 2332 1895 2428 in

486 2457 669 2554 principio,
686 2458 803 2534 medio
814 2471 849 2534 et
866 2459 949 2552 linc,
969 2459 1041 2534 filio
1053 2471 1162 2536 mater
1176 2461 1314 2536 deesset
1326 2469 1387 2536 ιιι
1397 2459 1490 2534 lilius
1502 2459 1604 2534 matri
1618 2457 1790 2535 deficeret.
1803 2457 1896 2532 Ratio

485 2583 715 2678 conpatitur,
734 2593 856 2658 natura
870 2563 1046 2676 renititur,
1075 2595 1114 2658 ιι
1126 2585 1350 2660 individuum
1364 2567 1507 2682 recipiat
1522 2583 1722 2658 sectionem.
1737 2581 1896 2678 Alioquin

486 2716 602 2802 posset
615 2707 730 2784 inferri
747 2708 845 2804 quod
860 2731 899 2783 ae
915 2710 1029 2807 ipsum
1044 2721 1160 2807 posset
1169 2712 1273 2785 bomo
1283 2711 1497 2806 relinquere,
1522 2717 1558 2782 et
1569 2707 1664 2780 idem
1675 2717 1896 2786 essetsceun·

487 2828 573 2904 dum
582 2829 676 2905 idem
684 2833 882 2930 relinquens
895 2835 1022 2932 pariter
1034 2844 1068 2909 et
1077 2836 1248 2929 relictum,
1263 2857 1370 2932 agens
1384 2843 1419 2909 et
1429 2833 1566 2932 patiens
1579 2833 1616 2905 in
1629 2825 1894 2920 eodem.'Absit,

489 2956 688 3032 charissime
704 2957 779 3052 lilii,
794 2981 898 3056 quem
909 2970 1087 3056 gestamus
1098 2961 1133 3034 in
1146 2961 1339 3036 visceribus
1353 2959 1550 3052 charitatis,
1567 2979 1673 3054 quem
1683 2965 1768 3030 teste
1780 2958 1851 3030 Deo
1862 2957 1897 3028 in

488 3080 582 3154 omni
599 3081 747 3177 puritate
762 3071 956 3179 diligimus,
975 3085 1076 3178 eujus
1089 3083 1338 3158 incrementum
1356 3103 1538 3157 commune
1556 3079 1776 3154 commodum
1790 3101 1898 3176 repu-

489 3211 620 3296 tamus,
642 3215 680 3278 ut
701 3207 826 3302 aliquis
844 3230 907 3282 sue
925 3211 1050 3283 mentis
1071 3210 1198 3284 oblitus
1221 3209 1286 3284 hcc
1305 3209 1362 3284 vel
1377 3209 1498 3284 leviter
1516 3205 1722 3304 suspicetur.
1744 3207 1852 3278 lmmo
1868 3205 1897 3278 si

489 3332 709 3405 secretarium
724 3331 840 3408 cordis
852 3335 1016 3409 scrutinio
1032 3346 1124 3409 recte
1136 3335 1372 3432 inquisitionis
1383 3327 1591 3428 exquiritur,
1607 3331 1637 3404 si
1649 3332 1775 3404 ueritas
1788 3329 1898 3403 inteil-

489 3455 594 3528 libilis
612 3457 769 3552 diligenti
782 3459 1003 3534 meditatione
1020 3470 1198 3558 pensetur,
1217 3459 1337 3534 hortos
1350 3459 1514 3554 clavigeri
1529 3457 1628 3552 regni
1643 3457 1779 3530 celestis
1795 3456 1897 3528 ratio·

490 3581 579 3654 nalia
596 3591 631 3656 et
647 3582 804 3678 floridus,
821 3585 1007 3682 apostolica
1022 3609 1128 3661 mann
1146 3585 1317 3680 consitus,
1338 3583 1490 3684 paradisi
1507 3581 1711 3656 numinibus
1725 3582 1895 3672 irrigatus,

308 3717 313 3728 ·
440 3717 442 3722 '
491 3728 561 3781 non
587 3707 767 3782 invenitur
789 3731 852 3808 pro
878 3712 957 3786 uvis
981 3713 1117 3808 spinas,
1144 3734 1207 3812 pro
1234 3711 1304 3786 lieu
1322 3711 1467 3786 tribulos
1484 3709 1696 3806 germinem,
1725 3727 1806 3780 cum
1826 3707 1899 3800 ejus

491 3835 602 3906 cultor
622 3842 657 3908 et
681 3834 843 3908 dominus
867 3858 930 3934 pro
948 3859 1038 3934 pane
1057 3839 1226 3933 lapidem,
1254 3857 1318 3934 pro
1333 3857 1401 3910 ovo
1416 3833 1496 3908 filiis
1513 3835 1586 3908 suis
1601 3854 1669 3907 non
1686 3831 1900 3905 consueverit

492 3955 666 4053 porrigere
678 3958 908 4056 scorpionem.
927 3946 1040 4035 Facile
1056 3961 1198 4056 quidem
1215 3962 1346 4036 tollitur
1358 3957 1559 4058 suspicandi
1576 3957 1722 4030 facilitas
1736 3955 1767 4030 si
1780 3954 1899 4028 incerti

528 4287 595 4364 (ι)
613 4291 705 4350 blense
725 4290 816 4366 aprilis
834 4293 943 4352 Lendos
965 4293 1180 4398 achiepiscopus
1201 4291 1348 4369 lleginns
1340 4310 1369 4350 ιι
1390 4293 1588 4352 llessanenscm
1609 4285 1849 4364 eligitur.»ll1.cc
1865 4299 1900 4344 ιι

493 4385 522 4448 S.
532 4387 681 4461 Gnnrtnrro,
697 4387 825 4449 libroruin.
834 4391 992 4452 ιιιιιιιιι.

531 4485 565 4561 (2)
583 4485 660 4544 Nunc
674 4487 760 4561 egitur
777 4488 811 4546 de
828 4489 907 4548 Petro
920 4490 955 4548 de
967 4489 1063 4562 Vinea,
1079 4489 1149 4549 sicut
1160 4505 1194 4547 ex
1207 4489 1372 4566 responsivis
1384 4485 1510 4547 Friderici
1521 4483 1615 4544 litteris
1621 4497 1711 4559 ,quse
1725 4479 1805 4557 ptuit)
1818 4479 1900 4550 infr&

493 4585 582 4660 idpm
594 4591 668 4646 certo
682 4587 869 4662 comperimus.

529 4681 564 4758 (ι)
581 4683 680 4743 bllodrt
687 4685 722 4744 ad
730 4685 913 4748 defensionem
919 4687 1073 4748 Patrimouu
1074 4703 1139 4764 pro
1145 4679 1580 4762 qeasobsrdlumabrmpcratore
1570 4697 1626 4759 pam
1634 4693 1706 4758 pepe
1713 4603 1900 4827 rouddrud&
