4360 5908
1049 579 1265 643 FRIDERICL
1292 579 1468 644 SECUNDL
1782 586 1863 665 [Aur.
1882 585 1963 649 19:32

606 1114 714 1198 Circa
741 1117 1002 1198 ascensionem
1021 1115 1092 1227 (20
1110 1116 1218 1228 maii)
1246 1117 1520 1226 imperatorin
1549 1118 1728 1226 Apuliam
1755 1121 1966 1230 regreditur

549 1248 674 1330 navali
693 1247 845 1354 itinerc3
866 1249 906 1330 in
925 1249 986 1332 via
1004 1249 1190 1359 plurimos
1213 1251 1356 1359 piratas
1380 1251 1481 1360 capit
1507 1261 1544 1334 et
1570 1252 1732 1334 vinculis
1760 1255 1961 1364 mancipat.

549 1381 709 1463 Goosrn.
731 1381 862 1464 Conon.
884 1409 946 1491 ap.
968 1383 1167 1476 Boenasa,
1193 1391 1342 1482 Fontes,
1365 1395 1395 1468 t.
1421 1384 1479 1491 ll,
1508 1411 1547 1494 p.
1571 1387 1664 1469 564.
1686 1385 1894 1496 Imperator
1919 1389 1965 1472 de

549 1513 751 1624 aquilegia
767 1541 835 1624 per
852 1541 959 1598 mare
976 1517 1075 1598 redit
1092 1516 1132 1597 in
1152 1516 1355 1626 Apuliam,
1378 1543 1495 1628 seque
1513 1518 1617 1627 apud
1638 1519 1802 1604 Melfiam
1821 1529 1964 1603 contu-

547 1647 611 1754 lit3
631 1649 681 1730 ad
708 1675 823 1758 quem
851 1675 942 1731 mox
968 1649 1151 1759 magister
1174 1649 1403 1762 justitiarius
1432 1661 1469 1734 et
1491 1651 1616 1735 dictus
1643 1651 1871 1736 Acerrarum
1890 1680 1962 1736 oo-

549 1807 630 1864 mes
644 1780 706 1893 (1)
722 1783 918 1866 accedunt.
932 1783 993 1866 Ad
1006 1810 1146 1893 papam
1163 1784 1322 1866 nuntius
1336 1811 1383 1867 ex
1400 1794 1508 1893 parte
1526 1785 1766 1896 imperatoris
1783 1785 1963 1896 magister

547 1915 681 1998 Petrus
705 1917 753 1998 de
771 1915 910 2000 Sancto
929 1917 1118 2000 Germano
1136 1917 1327 2028 dirigitur.
1352 1917 1453 1999 Rrec.
1481 1945 1525 1998 ns
1561 1917 1603 2002 S.
1629 1919 1769 2028 Gran,
1791 1919 1958 2004 chronic.

549 2049 598 2131 ad
619 2075 710 2131 ann.

430 2523 511 2619 em,
598 2497 627 2580 F
628 2497 832 2604 ridericuS,
858 2497 1119 2582 Romanorum
1143 2500 1362 2610 imperator,
1384 2501 1505 2585 Raoni
1523 2503 1572 2584 de
1589 2500 1737 2585 Limata
1762 2502 1961 2586 confirmat

544 2631 702 2715 seudum
734 2632 849 2716 unius
881 2631 1012 2714 militis
1045 2633 1085 2715 in
1123 2633 1318 2731 altavilla,
1342 2635 1447 2744 quod
1479 2633 1694 2718 Teobaldus
1722 2635 1957 2740 francium,

544 2765 673 2876 rigore
703 2767 918 2849 testamenti
950 2766 1077 2850 Jacobi
1107 2767 1289 2850 Francisii
1322 2767 1451 2851 fratris
1485 2769 1562 2874 sui,
1584 2769 1704 2853 Raoni
1735 2771 1784 2852 de
1815 2771 1960 2853 Limata

544 2899 641 3008 patri
660 2898 832 3010 ejusdem
847 2899 987 2983 Raonis
1006 2911 1261 3008 concesseram
1281 2901 1355 2984 hoc
1369 2911 1481 3010 pacto
1508 2913 1551 2985 ut
1572 2901 1672 2985 idem
1693 2902 1772 2986 Rao
1799 2913 1837 2985 et
1857 2903 1959 2986 hae-

545 3035 653 3117 redes
684 3033 766 3145 ejus
795 3033 952 3118 domino
985 3061 1054 3119 suo
1085 3036 1183 3118 duas
1215 3035 1298 3117 auri
1327 3035 1459 3117 uncias
1488 3035 1632 3119 solvere
1663 3037 1861 3118 annuatim
1895 3047 1958 3119 te-

545 3176 721 3251 neantur.

626 3382 754 3462 (incdit.
770 3400 819 3462 ap.
839 3383 953 3446 archiv.
968 3385 1139 3444 monasterii
1161 3383 1270 3445 Montis
1283 3385 1416 3464 Virginis
1425 3429 1436 3462 ,
1451 3402 1490 3446 ex
1503 3387 1610 3464 origin.
1626 3387 1658 3445 tu
1676 3401 1821 3464 pergam,
1836 3385 1897 3447 rot.
1913 3384 1958 3457 X,

663 3501 697 3552 u⁰
711 3489 752 3570 5.)

588 3679 809 3772 Fredericus,
830 3678 894 3752 Dei
914 3678 1023 3773 gratia
1041 3679 1272 3751 Romanorum
1291 3679 1477 3775 imperator
1491 3701 1626 3774 semper
1644 3687 1830 3774 augustus,
1853 3679 1955 3750 leru-

543 3807 647 3880 salem
665 3815 699 3878 et
719 3805 834 3878 Sicilie
853 3826 929 3878 rex.
953 3805 1017 3877 Per
1035 3825 1175 3899 presens
1197 3805 1363 3900 scriptum
1387 3813 1506 3878 notum
1526 3805 1673 3877 tacimus
1692 3803 1864 3876 universis
1886 3813 1956 3876 tam

543 3929 761 4026 presentibus
776 3949 880 4024 quarn
896 3928 1021 4000 suturis
1037 3927 1133 4022 quod
1146 3929 1218 4000 Rao
1236 3927 1281 4002 de
1293 3929 1435 4015 Limata,
1455 3939 1558 4001 natus
1571 3927 1748 4023 quondam
1764 3927 1892 3999 Raonis
1912 3925 1956 3998 de

541 4054 674 4126 Limata
692 4053 821 4144 militis,
842 4051 955 4126 fidelis
972 4061 1100 4142 noster,
1123 4052 1291 4144 majestati
1310 4063 1426 4126 nostre
1449 4052 1611 4124 attentius
1634 4051 1844 4146 supplicavit
1860 4049 1956 4144 quod

544 4201 623 4250 curn
641 4179 722 4250 olim
739 4177 886 4252 Iacobus
906 4177 1100 4250 Francisius
1119 4175 1190 4272 (2),
1213 4198 1275 4273 pro
1298 4179 1405 4270 gratis
1430 4177 1579 4250 servitiis
1598 4199 1668 4274 que
1685 4175 1861 4271 quondam
1885 4177 1955 4248 Rao

580 4437 615 4510 (t)
634 4437 740 4496 Scilicet
753 4436 872 4494 Thomas
885 4435 919 4492 de
931 4437 1037 4510 Aquino
1050 4435 1096 4509 qui
1113 4436 1147 4492 de
1160 4435 1286 4492 Ravenna
1299 4451 1393 4494 meuse
1403 4435 1525 4510 januario
1538 4450 1664 4494 reversus
1677 4433 1704 4492 iu
1716 4449 1828 4508 reguum
1841 4438 1870 4490 ot
1881 4430 1955 4506 mgni

542 4535 698 4608 capitaneus
716 4535 866 4605 institutus,
882 4551 934 4590 una
948 4551 1009 4591 cum
1023 4535 1149 4606 magistro
1160 4533 1304 4606 iustitiario
1318 4534 1391 4591 vices
1403 4534 1572 4608 imperatoris
1585 4539 1685 4606 egerat.

581 4633 615 4706 (Ξ)
636 4632 687 4702 Qui
701 4633 810 4706 quidem
824 4631 1140 4707 imperialisjusticiarius
1153 4635 1211 4688 crat
1225 4631 1253 4688 in
1263 4631 1341 4688 anuis
1353 4633 1421 4689 teat
1436 4639 1465 4689 et
1480 4633 1559 4690 ⁴225.
1576 4631 1641 4690 vioe
1654 4645 1751 4704 supra,
1765 4635 1786 4684 t.
1799 4629 1838 4700 11,
1853 4643 1882 4702 p.
1892 4627 1953 4696 1⁰7,

541 4734 595 4788 ott
610 4739 636 4789 et
651 4733 713 4788 518.
