4320 5918
256 597 355 658 133333.
370 595 417 674 7.]
708 589 904 652 HISTORIA
929 591 1222 658 lllPLOMll'l'lGA.
1604 591 1665 654 365

337 727 510 810 (Mo-orat.
526 741 572 803 ap.
595 725 721 801 iimrcrr,
737 725 809 788 Hiat.
826 723 920 790 333133.
935 733 964 788 ct
973 727 1089 812 politiq.
1109 728 1144 791 dc
1161 724 1270 793 lucillo
1290 735 1319 792 33
1338 727 1379 790 do
1398 726 1503 790 3333333
1521 727 1556 790 dc
1581 726 1663 805 Toul,

374 854 406 916 p.
422 843 492 898 333.
508 834 553 896 Ex
566 831 786 894 munctionibus
794 831 991 898 Bibliothecae
1004 837 1189 912 Parisicnsio,
1203 854 1281 916 quac
1293 837 1332 899 ad
1343 837 1496 898 historiam
1508 835 1666 897 lotharin-

374 943 440 1022 giae
453 937 642 1001 actionnibus
657 939 840 1018 scaturiunt,
853 939 936 1000 aliud
949 943 1148 1020 apographum
1162 943 1253 1021 hujus
1265 943 1411 1020 privilegii
1422 941 1533 1004 nunna
1547 941 1666 1019 dauni-

375 1049 514 1120 slvimus3
531 1043 613 1123 quod
625 1043 745 1122 quidem
762 1047 826 1122 jam
841 1051 971 1124 tempora
988 1065 1047 1126 quo
1062 1065 1117 1110 sun
1138 1049 1313 1112 documenta
1333 1049 1426 1110 edidit
1440 1049 1559 1127 Bcnolt,
1574 1045 1666 1108 tunso

374 1153 559 1232 deperditum
571 1165 738 1212 censemus.
757 1150 869 1230 Nempe
882 1169 920 1215 cx
933 1156 1017 1232 copia
1029 1171 1083 1234 pro
1099 1162 1178 1218 corto
1192 1157 1333 1218 mendosa
1345 1155 1512 1235 fragmenta
1524 1155 1664 1230 inscruit,

375 1277 453 1340 quac
465 1257 650 1339 sequuntur.)

310 1486 521 1508 ......
548 1433 639 1506 Sane
654 1453 734 1504 cum
751 1434 959 1508 venerabilis
974 1435 1140 1530 Rogeriua
1157 1437 1339 1533 episcopus
1353 1434 1541 1524 Tollenda,
1563 1435 1666 1532 prin-

258 1582 339 1656 ceps
356 1568 471 1634 noster
487 1557 650 1648 dilectus,
678 1557 725 1630 ad
747 1558 960 1632 celsitudinis
983 1569 1098 1635 nostre
1124 1561 1332 1656 presentiam
1352 1559 1540 1651 accedens,
1567 1559 1667 1632 nobis

258 1683 416 1758 indicans
429 1681 717 1758 necessitudinem
731 1680 901 1758 firmande
913 1685 1062 1758 civitatis
1077 1686 1247 1760 Tollensis
1250 1735 1663 1758 ...........

260 1809 437 1903 Simulque
455 1830 535 1881 cum
553 1807 687 1880 icssatis
699 1815 734 1880 at
751 1807 844 1880 villis
860 1808 1081 1882 mnoedimus
1094 1808 1167 1884 lieri
1171 1863 1343 1884 .....

306 1935 432 2006 Datum
451 1932 488 2004 in
505 1929 723 2027 Landouve(
745 1929 800 2027 '),
817 1953 909 2006 auno
926 1932 1098 2006 dominice
1113 1933 1463 2010 incarnationislidll
1483 1927 1553 2028 (l),
1570 1951 1667 2004 men·

260 2057 308 2130 sis
332 2056 466 2152 aprilis,
497 2055 688 2152 imperante
719 2054 861 2130 domino
888 2069 1004 2132 nostro
1034 2059 1232 2150 Frederico,
1262 2081 1354 2134 anno
1379 2056 1523 2132 Romani
1551 2056 1669 2151 impe-

260 2182 303 2254 rii
319 2179 385 2274 al,
407 2182 505 2276 regni
522 2182 707 2256 ierusalem
727 2185 770 2272 9,
790 2183 888 2278 regni
905 2204 990 2258 vero
1007 2183 1123 2257 Sicilie
1140 2186 1208 2276 36,
1228 2185 1382 2258 feliciter.
1403 2182 1526 2256 Amen.

315 2649 547 2782 Fridericus,
567 2672 828 2758 Romanorum
845 2674 1066 2784 imperator,
1086 2675 1136 2758 ad
1149 2672 1351 2757 consilium
1364 2672 1544 2756 iohannis
1564 2672 1673 2756 Sabi·
1740 2707 1844 2763 cam,

262 2806 392 2890 nensis
409 2806 573 2916 episcopi
591 2815 629 2890 ct
650 2807 750 2891 Pctri
768 2808 816 2890 de
835 2808 965 2916 Capua
983 2807 1110 2891 Sancti
1125 2806 1276 2915 Georgii
1294 2805 1343 2888 ad
1361 2805 1497 2888 Velum
1515 2831 1674 2889 aureum
1755 2763 1827 2816 eru.

262 2938 412 3020 diaconi
421 2939 642 3047 cardinalis,
657 2939 854 3050 negotium
867 2938 1022 3023 illorum
1035 2940 1083 3022 dc
1095 2937 1338 3041 Lombardia,
1356 2938 1404 3020 de
1411 2937 1578 3025 blacchia
1586 2937 1677 3021 l're-

262 3071 346 3155 visii
367 3081 405 3156 et
422 3073 665 3182 Romaniola,
686 3083 767 3156 tam
786 3099 899 3182 super
916 3073 1130 3156 detentione
1148 3071 1335 3181 regalium
1354 3098 1473 3182 quam
1491 3073 1538 3155 de
1555 3098 1676 3181 prae-

262 3202 381 3288 teritis
394 3204 630 3314 excessibus,
646 3229 799 3289 summo
816 3204 985 3314 pontifici
998 3214 1035 3288 ct
1052 3204 1241 3288 Ecclesiae
1253 3204 1447 3290 Romanae
1460 3205 1673 3290 committit.

346 3391 483 3472 (Edider.
498 3396 674 3468 Rauranum,
689 3389 919 3470 3333333313..
934 3399 958 3454 t.
973 3392 1057 3466 XIII,
1073 3409 1104 3470 p.
1121 3401 1190 3466 363,
1205 3393 1263 3455 col.
1279 3393 1309 3468 I,
1324 3391 1341 3472 5
1355 3401 1404 3453 33.
1420 3392 1566 3470 integrius
1579 3398 1680 3453 tamen

385 3499 640 3582 simmacum
651 3497 818 3582 Boloqn.,t.
826 3501 883 3575 111,
893 3517 925 3578 p.
936 3509 1006 3579 133,
1016 3505 1046 3560 ot
1054 3499 1300 3578 Panapionem.
1314 3497 1450 3560 deman
1460 3499 1580 3571 Histon,
1590 3503 1614 3560 t.
1624 3497 1677 3573 IV,

384 3625 416 3686 p.
443 3615 512 3670 333.
536 3608 623 3670 Nunc
645 3625 763 3686 quoquc
783 3607 890 3669 damus
912 3623 948 3668 cx
969 3611 1077 3686 regest.
1102 3606 1190 3688 Greg.
1214 3607 1274 3679 lx,
1295 3623 1365 3670 ann.
1391 3605 1475 3681 VIII,
1494 3608 1526 3666 in
1547 3605 1614 3668 coll.
1636 3606 1679 3668 La

385 3716 473 3778 Porta
486 3715 528 3778 du
539 3715 624 3777 Tircil
637 3731 686 3794 ap.
701 3714 778 3778 Bibl.
793 3731 856 3795 reg.
871 3712 979 3794 Puris.)

305 3951 339 4026 (3)
357 3952 450 4010 biensa
463 3953 540 4027 aprili
553 3955 635 4026 3333,
648 3953 798 4011 Fridericus
811 3954 916 4012 Padusa
931 3959 959 4011 33
971 3952 1083 4010 Tarvisii
1097 3951 1261 4025 morabatur,
1276 3953 1346 4010 sicut
1358 3952 1427 4009 inira
1440 3951 1532 4010 videre
1548 3951 1607 4009 erit.
1622 3951 1680 4010 No-

267 4049 332 4107 tatio
343 4049 451 4124 insuper
460 4066 590 4108 annorum
603 4051 706 4124 imperii
716 4057 743 4107 et
754 4067 896 4124 regnorum
908 4051 1016 4108 minime
1030 4051 1182 4122 mucordat,
1195 4065 1258 4107 curn
1266 4050 1311 4108 hic
1324 4065 1411 4108 annus
1424 4049 1505 4108 luerit
1514 4049 1619 4124 imperii
1634 4053 1678 4122 33,

267 4161 341 4218 regn.
357 4145 506 4204 tamdem
520 4151 554 4206 li
569 4153 598 4206 ot
608 4148 713 4206 Siciliae
725 4151 774 4222 33;
789 4149 838 4206 sed
856 4165 926 4206 anno
942 4149 1012 4206 3333
1026 4153 1069 4206 333
1082 4149 1151 4206 bene
1168 4147 1302 4219 convenit,
1315 4147 1338 4205 si
1354 4153 1457 4204 tantum
1475 4163 1524 4221 pro
1542 4163 1612 4206 anno
1630 4147 1680 4204 im·

267 4245 333 4319 parii
346 4247 382 4304 33
393 4244 513 4318 corrigas
524 4247 568 4303 li.
584 4246 753 4304 Arbitramur
766 4252 856 4304 autam
869 4261 996 4304 numeros
1012 4245 1106 4304 litteris
1121 4246 1238 4303 romanis
1249 4245 1277 4302 in
1290 4245 1410 4318 originali
1424 4244 1511 4303 iorma
1525 4261 1679 4320 expressos,

267 4341 336 4400 male
350 4342 378 4400 in
393 4342 470 4416 copia
485 4359 540 4417 qua
553 4359 620 4402 usus
630 4351 672 4402 est
683 4345 776 4402 Banolt
792 4345 843 4403 sub
855 4344 938 4418 signis
953 4344 1067 4402 arabicis
1075 4345 1247 4417 transcriptos
1258 4343 1350 4414 luisse,
1361 4341 1463 4400 scilicet
1474 4343 1682 4402 Mcofflrx

266 4453 317 4511 pro
323 4438 526 4498 ΜΟΟΧΧΧΝ
541 4445 569 4498 33
587 4442 684 4499 XXIV
690 4458 740 4516 pro
747 4443 823 4500 XIV.
833 4444 936 4500 Nomen
953 4457 1060 4516 quoque
1075 4441 1126 4500 loci
1143 4441 1266 4498 mutilum
1280 4439 1395 4498 videtur.
1406 4439 1528 4498 Forsitan
1539 4439 1680 4513 legendnm

267 4533 410 4592 loccdouic
422 4536 601 4612 licccdoprru)
614 4537 778 4613 superviam
787 4555 841 4613 qua
850 4539 885 4597 ab
894 4539 1011 4597 ulteriori
1023 4538 1173 4611 Principatu
1182 4538 1216 4594 ad
1225 4537 1335 4594 Terram
1349 4536 1460 4595 Laboris
1472 4536 1535 4596 itur.
1547 4537 1576 4596 Si
1589 4543 1679 4594 tamen

268 4631 409 4690 landrum
422 4633 565 4709 (Londoo)
576 4637 756 4708 retineamus,
771 4643 835 4695 tunc
847 4637 881 4696 ad
895 4653 959 4695 anu.
976 4639 1047 4696 3336
1059 4636 1250 4695 recurrendum
1263 4651 1317 4711 quc
1334 4635 1487 4694 Fridericns
1500 4650 1592 4694 mense
1603 4635 1682 4709 aprili

268 4727 422 4804 Hagcnovia
433 4731 538 4806 spiram
552 4739 647 4808 petens
660 4734 734 4810 apud
745 4735 855 4794 laudm
868 4740 939 4795 stare
950 4735 1047 4811 potuit.

367 4829 422 4894 IV.
1483 4843 1522 4896 33
