4288 5912
174 581 279 644 rnre.
294 577 340 658 a]
629 571 827 640 ιιιιιοιιι
852 569 1143 636 ιιιιοιιιιιοι
1534 557 1596 644 ror

175 715 356 788 honorem.
378 715 467 788 Hinc
486 723 538 788 ost
553 713 659 810 igitur
672 713 769 810 quod
794 733 858 786 nos
879 711 1046 784 habentes
1072 732 1135 805 pre
1154 710 1263 783 oculis
1289 709 1393 785 iidem
1419 735 1541 809 param
1565 728 1599 790 et

174 839 346 913 sinceram
363 839 581 914 dilectionem
595 841 746 914 Eccelini
761 838 807 914 de
818 838 971 912 Romano
991 846 1026 908 et
1046 834 1197 908 Alberici
1213 837 1328 909 fratris
1346 838 1441 930 ejus,
1467 851 1601 916 nostro·

174 987 253 1040 rum
280 975 500 1060 expertomm
523 961 697 1054 fidelium,
724 985 831 1060 quam
849 983 912 1058 pro
934 969 1051 1033 nostro
1068 969 1103 1034 et
1122 959 1258 1054 imperii
1273 963 1414 1036 servitio
1431 962 1600 1039 demons-

176 1097 355 1178 traveruut
365 1085 441 1186 (ι),
462 1108 626 1183 personas
640 1095 675 1162 et
687 1087 805 1194 omnia
816 1086 910 1160 bona
925 1105 1045 1158 eornm
1064 1084 1189 1156 nostris
1206 1087 1267 1156 at
1258 1086 1399 1185 imperit
1385 1087 1597 1183 honoribus
1692 1109 1705 1184 j
1755 1107 1774 1202 ·“

177 1223 409 1314 exponentes,
430 1193 672 1316 attendentes
662 1232 805 1307 insuper
818 1207 925 1304 quod
937 1206 1119 1282 indefessis
1143 1208 1321 1282 laboribus
1341 1231 1404 1320 pro
1431 1222 1560 1287 nostra
1565 1223 1599 1288 et

172 1336 315 1432 ¹imperii
305 1305 524 1428 fidelitath
515 1359 718 1424 inconcusse
739 1336 943 1439 persistunt,
969 1334 1077 1430 ipsos,
1098 1334 1244 1410 familias
1259 1355 1381 1435 eorum
1391 1335 1593 1436 ,homines,

178 1470 306 1553 castra,
334 1456 451 1556 villas,
482 1459 716 1560 possessiones
733 1471 767 1535 ot
789 1461 904 1543 omnia
924 1459 1019 1554 hona¹
1041 1480 1161 1532 eorum
1184 1459 1249 1532 sub
1274 1473 1391 1553 nostra
1411 1446 1446 1534 et
1462 1463 1597 1559 imperii

177 1586 392 1681 protectione
411 1595 445 1660 ot
463 1585 662 1661 defensione
677 1586 870 1684 recepimus
883 1583 1045 1682 speciali3
1069 1579 1247 1657 universis*
1258 1596 1291 1657 et
1310 1586 1457 1679 singulis
1475 1599 1596 1662 aucto*-

178 1713 278 1786 ritate
292 1713 508 1808 presentium
528 1713 725 1798 inhibentes
742 1721 916 1808 quatenus
937 1711 1055 1785 nullus
1073 1709 1244 1798 marchio,
1265 1731 1398 1800 comes,
1424 1723 1593 1808 potestas,

178 1845 321 1929 recma,
335 1849 482 1934 persona
504 1837 662 1920 sublimis
681 1838 745 1912 Ιιιι
769 1836 928 1926 liumilis,
957 1834 1187 1908 ecclesiastica
1205 1836 1262 1907 vol
1287 1837 1482 1927 mundana,
1503 1837 1597 1934 ipsos

178 1960 356 2038 offendere
374 1963 410 2034 in
431 1963 587 2059 personis
611 1962 669 2036 vel
691 1961 796 2036 rebus
817 1983 880 2034 sau
902 1981 1061 2055 guerram
1078 1959 1136 2034 vel
1154 1955 1321 2034 damnum
1341 1961 1468 2035 interra
1483 1971 1545 2035 aot
1562 1963 1598 2036 in

177 2085 298 2194 aliquo
304 2097 422 2162 eontra
432 2087 602 2184 presentis
616 2085 837 2184 protectionis
847 2094 881 2158 et
893 2083 1104 2172 defensionis
1114 2094 1229 2160 nostre
1242 2085 1405 2182 paginam
1417 2086 1596 2160 molestare

178 2213 237 2284 vel
256 2213 426 2312 impedire
440 2223 629 2311 presumat.
647 2212 749 2332 Quod
766 2211 828 2330 qui
845 2211 1092 2328 presumpserit
1112 2210 1148 2282 in
1165 2233 1229 2286 sue
1244 2211 1443 2290 temeritatis
1456 2211 1596 2294 vindic-

179 2337 429 2426 tamducantas
443 2339 635 2412 librasauri
649 2317 920 2436 compositurum
933 2357 971 2409 sa
985 2345 1181 2432 cognoscat,
1199 2335 1419 2410 medietatem
1432 2336 1595 2418 videlicet

178 2459 264 2534 fisco
278 2472 395 2538 nostro
410 2473 446 2537 et
460 2465 628 2559 reliquam
653 2451 898 2538 medietatem¹
889 2462 1051 2554 injuriam
1074 2461 1229 2556 patienti.
1259 2459 1316 2534 Ad
1334 2460 1449 2562 hujus
1475 2463 1593 2558 itaque

178 2597 297 2660 nostro
313 2589 531 2684 protectionis
550 2588 750 2662 memoriam
769 2597 811 2672 et¹
827 2596 1030 2684 perpetuam
1053 2567 1264 2678 firmitatem,
1291 2607 1433 2682 presens
1450 2586 1593 2680 privile·

75 2769 77 2778 .
174 2713 278 2818 gium
302 2709 375 2786 lieri
403 2725 437 2787 at
467 2713 563 2788 bulla
587 2735 694 2788 aurea
717 2713 853 2810 typario
881 2721 996 2786 nostre
1019 2711 1204 2804 majestatis
1230 2711 1397 2806 impressa
1429 2711 1594 2804 jussimus

178 2839 402 2911 communiri.

190 3023 194 3028 .
229 2953 342 3058 Hujus
358 2962 408 3036 rei
424 2963 531 3065 etiarn
542 2973 623 3036 sunt
636 2973 740 3038 testes
750 2961 921 3040 Berardus
932 2963 1192 3036 Panormitanus
1208 2969 1242 3034 at
1255 2943 1403 3034 lacobus
1414 2961 1596 3058 Capuanus

179 3087 450 3186 archiepiscopi,
467 3104 582 3164 comes
603 3089 749 3164 Thomas
766 3089 811 3164 da
829 3090 977 3178 Acerra,
996 3109 1111 3162 comes
1128 3087 1245 3159 Simon
1265 3086 1309 3160 de
1322 3086 1458 3181 Thetis,
1479 3108 1596 3160 comes

180 3211 353 3288 Gerardus
370 3213 415 3287 de
419 3265 835 3289 ...........
848 3268 858 3305 ,
887 3212 1091 3288 Gebhardus
1107 3211 1152 3285 de
1169 3211 1335 3284 Aruesfen
1352 3212 1442 3284 sacri
1461 3211 1596 3308 imperii

181 3337 332 3426 initalia
351 3339 503 3436 legatus,
524 3360 640 3428 comes
663 3337 865 3414 Antehonus
884 3339 948 3436 (a),
972 3337 1170 3412 Maniredus
1184 3337 1337 3410 marchio
1354 3337 1496 3429 Lanzia,
1514 3337 1597 3440 Rio-

182 3461 312 3538 cardus
327 3463 549 3557 camerarius,
566 3473 601 3537 at
618 3464 677 3536 alii
690 3465 925 3562 quamplures.
1226 3447 1230 3457 ’
1307 3449 1308 3454 “
1581 3451 1586 3544 ζ

229 3585 316 3660 Acta
330 3597 411 3660 sunt
428 3587 494 3678 hec
506 3611 598 3662 auno
615 3589 787 3664 dominice
808 3589 1055 3674 incarnationis
1075 3589 1257 3662 millesimo
1273 3587 1508 3702 ducentesimo
1531 3589 1599 3686 tri-

183 3712 309 3786 cesimo
323 3713 493 3804 secundo,
514 3701 632 3788 menso
648 3710 858 3804 decembris,
879 3725 977 3790 sexte
1003 3714 1218 3802 indictionis,
1246 3695 1437 3810 imperante
1457 3713 1597 3786 domino

182 3846 297 3910 nostro
314 3837 494 3912 Frederico
508 3839 740 3913 Romanorum
759 3840 966 3938 imperatore
989 3862 1125 3956 semper
1149 3848 1314 3934 auguste,
1335 3839 1546 3910 Hierusalem
1563 3822 1598 3910 et

183 3963 297 4036 Sicilie
314 3985 415 4059 rege,
443 3985 534 4037 anno
560 3965 752 4080 imperiiJ
701 3967 795 4039 Heus
817 3967 916 4040 tertio
935 3945 1088 4058 decimo,
1109 3987 1207 4060 regni
1198 3963 1433 4036 Hierusalem
1452 3971 1638 4053 octavu,

184 4089 376 4182 regnivero
390 4089 505 4162 Sicilie
518 4090 694 4184 trigesimo
711 4091 853 4185 quinto,
873 4091 1027 4164 feliciter.
1045 4090 1166 4164 Amen.

231 4214 318 4286 Data
335 4213 430 4308 apud
446 4214 641 4304 Precinam,
659 4237 769 4308 anno,
789 4237 908 4291 menso
921 4226 956 4290 at
968 4216 1157 4290 indictione
1171 4213 1379 4312 prescriptis.

225 4399 267 4481 (a)
289 4401 363 4476 Quls
375 4401 481 4483 fucrit,
496 4405 653 4466 nescimus.
670 4405 805 4470 Forsltan
820 4407 978 4486 legendum
992 4424 1081 4470 comcs
1094 4402 1263 4482 arduioris,
1277 4411 1312 4466 ut
1327 4420 1428 4483 supra.

220 4637 255 4712 (t)
275 4639 316 4698 Ita
330 4655 416 4700 novus
428 4641 457 4698 in
470 4643 546 4701 Italia
561 4643 691 4718 superiori
703 4658 796 4702 rerum
816 4651 902 4704 status
919 4646 1082 4718 vertebatur,
1097 4646 1188 4706 statim
1198 4651 1232 4704 ut
1242 4647 1346 4706 Verona
1359 4649 1468 4722 propter
1487 4641 1603 4756 fiscalini

186 4733 403 4811 praepotentiam
411 4739 444 4798 ad
456 4723 549 4816 partes
562 4739 757 4802 Giboiinomm
767 4743 890 4804 accessit.
