4320 5918
491 575 554 642 saa
997 574 1214 638 rnrurnrcr
1237 571 1413 636 seruum
1724 572 1806 654 [ιιι
1822 574 1906 638 rm

616 707 1905 790 nummum.wmdt=annorseobrcnotcglmnprlntmmrtr·,rtrp

613 816 1408 898 Hodoeltrrcii5quaaexllnynaldooorrlglml

542 1006 741 1100 Gregorius,
756 1015 841 1094 etc,
853 1005 1019 1102 episcopo
1033 1003 1289 1101 Ratispoueusi,
1306 1001 1495 1100 impffialis
1510 1003 1592 1077 aule
1608 1005 1824 1094 cancellario,
1836 1015 1902 1080 otc

492 1129 529 1204 Si
546 1131 714 1227 assumpti
742 1129 779 1202 iu
796 1139 923 1204 sortem
950 1127 1088 1202 Domini
1112 1139 1152 1200 ut
1174 1149 1246 1224 que
1266 1137 1349 1200 sunt
1370 1127 1593 1202 tenebrarum
1616 1129 1784 1225 odug'ant
1804 1141 1841 1203 et
1860 1130 1906 1204 ab

489 1255 569 1330 aliis
585 1254 709 1330 eadem
731 1254 880 1329 doceam
895 1253 1033 1346 evitari
1052 1263 1206 1329 arantes
1229 1253 1266 1326 in
1283 1252 1381 1326 invio
1399 1253 1548 1350 reprobe
1564 1255 1771 1344 voluntatis,
1788 1255 1906 1329 relicto

488 1381 624 1454 tramite
645 1379 809 1472 rationis,
833 1381 952 1454 lavore
976 1378 1167 1453 damnabili
1191 1387 1463 1476 prosequantur,
1491 1387 1588 1452 unco
1610 1379 1762 1474 graviori
1787 1377 1905 1454 dolooe

490 1503 667 1598 tangimur
682 1511 814 1599 quomo
829 1503 867 1575 in
883 1499 1017 1577 eisdem
1035 1501 1180 1576 dilectas
1199 1503 1274 1576 Deo
1292 1501 1440 1576 uirtutoe
1457 1501 1697 1598 amplectimur
1714 1512 1749 1576 et
1765 1503 1904 1578 inimica

485 1627 572 1700 vitia
589 1626 814 1702 detestamur.
836 1627 925 1700 lliuo
947 1625 1130 1722 estquod,
1151 1625 1242 1700 sicut
1261 1627 1427 1700 miranter
1442 1627 1643 1724 accepimus
1663 1637 1700 1700 et
1722 1629 1903 1702 referimus

487 1752 702 1846 conturbati,
727 1775 807 1826 cum
831 1749 1049 1826 uenerabiles
1075 1752 1197 1824 fratres
1223 1751 1332 1824 nostri
1360 1751 1707 1848 ...llerbipoleosis
1727 1761 1764 1826 et
1787 1753 1830 1825 0.
1850 1753 1901 1850 (a)

485 1877 715 1970 Augustensis
736 1877 889 1974 episcopi
907 1898 950 1950 ac
977 1931 987 1948 .
1007 1931 1017 1950 .
1037 1929 1047 1948 .
1073 1875 1183 1950 abbas
1204 1873 1407 1950 Voltuensis
1423 1871 1471 1971 (b)
1487 1874 1669 1950 advertere
1686 1877 1902 1972 negligentes

484 2001 582 2098 quod
600 2003 685 2099 ipsis
702 2003 879 2100 inquirere
895 2023 1015 2100 paoem
1030 2023 1073 2075 ac
1088 2001 1252 2098 persequi
1266 2000 1435 2076 debeatur
1447 2000 1540 2096 (rio),
1559 2023 1622 2098 pro
1636 2024 1739 2098 posse
1755 2001 1900 2077 fideliter

484 2125 692 2202 desudando
706 2137 745 2200 ut
759 2125 796 2199 in
809 2127 1003 2201 Thoutonie
1015 2125 1170 2223 partibus
1184 2146 1277 2200 nora
1289 2123 1444 2200 scandali
1457 2127 1601 2200 matoria
1614 2147 1685 2200 noo
1698 2139 1897 2222 consurgat,

483 2247 611 2326 dilecto
629 2249 701 2326 lilio
719 2251 827 2326 nobili
846 2251 924 2326 riro
945 2253 1091 2326 lleurioo
1114 2249 1283 2324 mrissimi
1303 2249 1339 2322 iu
1361 2249 1495 2324 Christo
1519 2248 1582 2322 lilii
1609 2251 1718 2325 nostri
1735 2251 1898 2326 Fridorici

483 2387 577 2471 nato,
597 2377 660 2473 qui
681 2386 845 2473 tanquam
860 2385 988 2452 statuta
1005 2375 1128 2452 divine
1142 2376 1230 2471 legis
1250 2374 1347 2450 odiat
1363 2387 1400 2449 et
1409 2377 1491 2469 jura
1505 2385 1629 2450 nature
1645 2387 1841 2449 contemnat
1859 2399 1898 2450 se

481 2502 680 2598 imperatori
706 2501 838 2600 prelato
858 2501 1060 2600 opposuisse
1083 2501 1243 2596 nequiter
1265 2499 1477 2598 perhibetur,
1498 2497 1661 2574 dicantur
1674 2511 1795 2576 contra
1815 2521 1899 2576 cm-

480 2646 560 2699 nom
583 2625 758 2700 bominem
776 2626 982 2720 juramentis
1004 2625 1155 2722 prestitis
1176 2625 1372 2716 adboeisso3
1403 2646 1468 2699 nos
1491 2625 1648 2700 nolentes
1671 2623 1896 2700 temeritatem

479 2748 683 2844 hujusmodi
696 2749 764 2824 sub
777 2751 913 2825 silentio
926 2759 961 2826 et
974 2751 1108 2846 absquo
1123 2748 1281 2825 vindicta
1294 2749 1411 2825 debito
1427 2749 1609 2848 pretaire,
1626 2759 1667 2822 ut
1681 2751 1749 2848 ipsi
1762 2749 1809 2824 de
1824 2761 1895 2825 tam

480 2873 622 2948 notabili
646 2873 783 2949 delectu
808 2876 986 2972 peniteant
1009 2885 1045 2950 et
1064 2875 1124 2948 alii
1147 2885 1316 2974 temptare
1339 2875 1466 2949 similia
1486 2897 1556 2949 nou
1578 2885 1795 2974 presumant,
1820 2875 1895 2950 dis·

476 2997 575 3072 triete
591 2999 816 3097 precipiendo
837 2999 1045 3075 mandamus
1059 3011 1233 3096 ιιιιιιιιιιιιιι
1252 2999 1418 3098 inquisita
1435 3021 1541 3098 super
1554 3001 1730 3098 premissis
1745 2999 1894 3098 diligen·

476 3121 546 3195 tius
562 3123 721 3214 veritate,
742 3125 773 3198 si
794 3111 870 3200 'rem
887 3125 1063 3201 inveneris
1084 3126 1132 3200 ita
1148 3147 1245 3218 esee,
1268 3126 1354 3222 ipsis
1369 3123 1514 3200 firmiter
1528 3147 1577 3200 ex
1592 3136 1691 3222 parto
1706 3136 1822 3200 nostra
1837 3127 1892 3200 in·

472 3246 600 3342 J'uugm
615 3257 655 3322 ut
675 3249 764 3324 inlra
780 3250 870 3325 duos
890 3272 1028 3326 meuses
1046 3261 1124 3347 post
1143 3249 1367 3326 monitionem
1380 3260 1477 3324 tuam
1494 3251 1664 3347 recepturi
1682 3272 1745 3348 pro
1761 3251 1892 3325 merit'u

476 3373 1175 3473 seoouspsctuiapostolicorepresenteut.
1186 3375 1365 3472 Alioquin,
1377 3374 1498 3450 eosad
1510 3375 1549 3451 id
1560 3375 1763 3450 accontus
1775 3385 1891 3450 nostra

478 3505 636 3572 maante
659 3499 890 3595 appellatione
909 3499 1105 3596 compellas.
1128 3501 1286 3574 Ceterum
1309 3501 1351 3572 l).
1377 3499 1424 3598 (c)
1444 3499 1658 3598 prepositum
1681 3499 1726 3574 do
1744 3501 1890 3595 Hougen

475 3629 511 3695 et
538 3621 729 3696 Walterum
756 3621 803 3698 de
828 3623 1027 3698 Tauebercb
1052 3623 1238 3698 canonicos
1262 3623 1545 3722 llerbipulenses,
1569 3623 1632 3720 qui
1655 3623 1889 3698 blediolauum

474 3754 593 3820 contra
611 3746 849 3844 imperatorem
868 3747 974 3824 ivisse
992 3747 1039 3823 de
1059 3747 1223 3824 mandato
1241 3747 1325 3824 dicti
1345 3747 1473 3824 nobilis
1495 3748 1564 3822 viri
1581 3749 1791 3838 referuntur,
1813 3769 1889 3822 sus-

474 3893 601 3970 pensos
615 3871 662 3946 ab
671 3871 786 3948 officio
799 3883 834 3947 ot
851 3871 1022 3950 beneficio
1036 3873 1082 3948 ad
1097 3883 1248 3948 uosoum
1265 3874 1386 3949 renim
1400 3874 1609 3972 presentiam
1630 3895 1693 3972 per
1707 3895 1888 3946 censuram

473 3997 738 4073 ecclesiasticam
759 3997 991 4096 appellatione
1016 4007 1148 4074 remota
1172 3999 1377 4096 compellas;
1394 4001 1592 4094 juramenta
1614 4020 1685 4094 que
1702 3995 1786 4072 dicti
1812 3997 1889 4092 epi·

474 4122 569 4218 eoopi
597 4143 660 4196 scu
675 4123 823 4220 quilibet
843 4123 903 4197 alii
922 4131 1042 4200 eontra
1058 4125 1293 4217 iuramentum
1316 4123 1490 4198 fidelitatis
1509 4122 1668 4220 predicto
1689 4120 1888 4218 imperatori

473 4247 654 4347 prestitum
684 4250 817 4344 prelato
837 4246 945 4324 nobili
970 4249 1213 4346 prestiterunt,
1241 4247 1339 4324 irrita
1364 4249 1567 4324 auowritate
1588 4255 1703 4322 nostra
1730 4247 1886 4345 promul·

514 4499 560 4584 (a)
577 4502 643 4577 ser
657 4503 815 4584 legendum
826 4511 927 4569 lam
939 4505 973 4570 S.

513 4608 557 4691 (r)
577 4610 635 4690 An·
649 4611 796 4692 Rarum.
809 4609 1013 4691 wunsam,
1027 4615 1081 4678 oa
1093 4617 1188 4689 nau.
1202 4631 1272 4680 eun
1284 4615 1383 4680 meus
1396 4615 1504 4680 onan
1516 4609 1780 4692 ιιιιωιῃωι.

512 4715 551 4800 (r)
576 4719 694 4782 Sclllcet
703 4717 926 4803 Dtprolrrrdan
938 4724 1001 4786 dre
1017 4719 1267 4806 qucrrlm.
