4320 5918
246 547 400 627 rma]
691 534 888 599 nrsronrn
913 499 1219 602 utrtounrtcn.
1527 487 1532 502 ’
1593 537 1653 600 aar

244 683 345 794 regis
363 677 523 788 Angliae
540 671 806 778 contrahendi,
826 696 947 780 quum
973 671 1075 754 idern
1099 671 1303 782 imperator
1329 671 1474 755 allectat
1496 681 1540 754 ut
1561 698 1653 781 spe-

244 815 350 898 cialis
368 813 466 895 inter
490 836 531 892 se
557 819 595 890 et
619 807 744 916 ipsum
772 829 903 914 regem
920 801 1152 888 Francorum
1180 805 1343 888 amicitia
1369 816 1589 914 permaneat
1614 815 1651 888 et

245 948 360 1032 etiam
386 943 602 1055 amplietur.

328 1187 445 1266 (Edidit
457 1180 821 1252 cumennora-Fronte,
839 1178 951 1240 Lettrer
964 1177 999 1240 de
1015 1181 1084 1256 rota,
1099 1181 1193 1242 rainer
1208 1188 1236 1242 et
1250 1189 1349 1244 autres
1357 1199 1564 1266 pmcama,
1576 1190 1648 1259 etc,

367 1299 391 1352 t.
406 1293 432 1368 l,
442 1300 475 1351 ιι·
489 1289 627 1364 xxxvl,
641 1306 670 1366 p.
683 1297 733 1368 to,
748 1305 786 1349 ex
800 1287 911 1348 collect.
924 1287 1105 1368 Brequtguy,
1119 1293 1144 1350 t.
1158 1288 1556 1366 an1,eumhaenora:a
1569 1291 1651 1352 Tirte

366 1396 407 1458 du
420 1394 491 1458 licre
502 1413 590 1479 raupa
601 1393 621 1455 d
633 1391 741 1476 tottq.
756 1391 805 1454 der
818 1391 1059 1470 demembratum,
1071 1393 1124 1458 rot.
1137 1402 1172 1455 tt
1179 1403 1191 1455 t
1207 1401 1294 1457 recto.
1307 1393 1338 1475 r)

298 1608 480 1701 Gregorius
507 1595 704 1704 episcopus,
726 1625 847 1678 servus
873 1623 1050 1677 servorum
1073 1605 1152 1696 Dei,
1176 1603 1350 1678 carissimo
1370 1606 1406 1677 in
1427 1603 1560 1680 Christo
1582 1606 1653 1682 filio

250 1731 374 1805 illustri
395 1731 468 1826 regi
493 1731 699 1804 Francorum
725 1729 869 1802 salutem
892 1737 927 1800 et
950 1727 1172 1824 apostolicam
1194 1729 1480 1803 benedictionem.
1503 1729 1587 1804 Cum
1608 1731 1655 1806 ds

251 1856 466 1930 matrimonio
479 1851 712 1928 contrahendo
732 1853 821 1925 iuter
839 1852 1053 1925 carissimum
1071 1854 1107 1925 in
1125 1853 1257 1926 Christo
1276 1852 1385 1925 filium
1402 1865 1555 1928 nostrum
1568 1857 1654 1930 Fre-

252 1979 421 2074 dericum,
435 1980 665 2052 Romanorum
680 1977 915 2073 imperatorem
931 1997 1066 2072 semper
1078 1986 1278 2070 augustum,
1296 1978 1482 2052 Jerusalem
1495 1991 1530 2052 et
1540 1979 1655 2057 Sicilie

253 2125 368 2198 regem
381 2103 560 2194 illustrem,
573 2109 766 2176 etsororem
777 2101 869 2196 regis
883 2078 1222 2195 Anglcrnmillustris
1235 2101 1370 2175 dudum
1384 2111 1547 2178 tractatos
1560 2105 1657 2179 habi·
1719 2179 1720 2186 Ν

254 2237 309 2302 tus
333 2227 436 2301 fuerit
456 2237 491 2300 et
507 2227 703 2319 juramento
727 2224 901 2316 firmatus,
922 2247 985 2298 nos
1012 2225 1206 2298 monadum
1223 2226 1374 2299 Domini.
1395 2281 1404 2299 .
1427 2281 1437 2299 .
1458 2281 1467 2300 .
1491 2229 1657 2324 expedire

253 2350 413 2425 ridentes
432 2351 528 2446 qood
546 2347 593 2424 ad
611 2347 715 2423 finem
735 2347 936 2443 hujusmodi
957 2347 1212 2422 matrimonium
1236 2347 1440 2440 duceretur,
1467 2351 1560 2426 dicto
1585 2355 1658 2449 regi

253 2475 455 2573 perscripta
472 2484 587 2549 nostra
602 2471 844 2548 mandavimus
862 2481 901 2546 ut
913 2470 960 2547 ad
974 2472 1104 2568 ipsius,
1128 2474 1434 2569 prcuttenebatur,
1457 2475 1658 2572 procederet

256 2601 555 2698 complementum.
575 2599 704 2673 Veram
720 2621 801 2672 cum
819 2618 919 2672 exre
935 2596 1133 2691 hujusmodi
1151 2597 1213 2670 tibi
1237 2619 1306 2671 non
1328 2598 1373 2671 sit
1394 2599 1431 2672 in
1444 2599 1560 2694 aliquo
1576 2623 1660 2674 sus·

256 2724 461 2821 picardum,
481 2722 721 2798 celsitudinem
737 2731 833 2798 tuam
846 2721 1026 2796 affectione
1036 2731 1178 2818 patema
1197 2721 1415 2818 deposcimus
1431 2733 1467 2798 et
1485 2723 1661 2799 hortamur

257 2849 419 2944 quatinus
432 2848 555 2922 exhoc
568 2847 711 2944 aliquod
725 2847 929 2921 turbationis
940 2846 1099 2918 nubilum
1113 2866 1182 2920 nou
1196 2845 1396 2938 admittens,
1415 2871 1478 2944 pro
1491 2852 1659 2924 constanti

258 2983 374 3047 teneas
391 2972 487 3069 quod
504 2995 525 3046 a
541 2973 642 3047 nobis
658 2982 694 3046 et
706 2971 911 3069 imperatore
925 2970 1091 3064 jamdicto
1107 2969 1194 3041 nihil
1209 2971 1245 3042 in
1262 2969 1327 3044 hac
1344 2981 1440 3068 parte
1455 2974 1586 3069 geritur
1598 2995 1660 3071 per

258 3095 352 3190 quod
367 3097 423 3170 rel
438 3097 475 3170 in
493 3096 635 3171 minimo
652 3096 757 3171 statui
770 3105 830 3170 tuo
848 3095 1052 3190 derogetur,
1074 3094 1252 3190 presertim
1265 3117 1345 3168 cum
1364 3095 1457 3171 idem
1478 3097 1662 3195 imperator

260 3217 380 3315 diligat
391 3229 426 3294 ct
438 3221 573 3295 affectu
586 3231 627 3294 ut
644 3221 793 3294 amicitie
807 3220 1049 3316 specialisque
1067 3218 1156 3292 inter
1166 3219 1398 3314 progenitores
1411 3220 1521 3316 ipsius
1533 3233 1567 3296 et
1584 3198 1667 3296 tuos⁸

259 3344 471 3440 abantiquo
497 3346 629 3432 lloruit,
660 3345 749 3420 inter
779 3355 813 3420 te
850 3355 885 3418 et
916 3345 1028 3440 ipsum
1063 3341 1192 3416 nedum
1222 3342 1319 3416 firma
1352 3357 1565 3441 permaneat,
1599 3349 1662 3420 sed

259 3468 451 3562 augmentis
467 3469 637 3542 continuis
654 3469 848 3566 amplietur.

311 3595 431 3666 Datum
447 3593 594 3687 Perusii,
615 3595 691 3668 XVI
708 3593 872 3668 kalendas
889 3592 989 3684 maii,
1008 3593 1225 3691 pontificatus
1244 3595 1351 3668 nostri
1363 3616 1456 3670 anno
1469 3617 1573 3670 nono.

489 3932 608 3944 D——n—
612 3933 828 3944 -a--u—--t--n
832 3931 1424 3946 mmm-n*-

315 4235 547 4343 Fridericus,
567 4237 824 4320 Romanorum
851 4238 1068 4348 imperatur,
1091 4239 1141 4322 ad
1163 4265 1290 4349 preces
1308 4239 1472 4351 episcopi
1490 4245 1667 4355 Aprutini
1688 4275 1751 4334 trud
1767 4276 1869 4328 annum.

260 4365 464 4476 justitiario
482 4369 630 4478 Aprutii
648 4371 805 4456 mandat
822 4381 865 4454 ut
886 4370 1013 4456 forum
1040 4371 1150 4482 salis,
1169 4373 1259 4456 ferri
1277 4383 1315 4457 et
1331 4399 1460 4458 rerum
1477 4380 1668 4464 venalium
1717 4332 1742 4375 ¹⁸
1755 4331 1841 4387 ’Μ

265 4500 366 4608 apud
385 4501 588 4584 Teramum
606 4502 684 4587 fieri
704 4504 913 4614 permittat,
944 4504 976 4586 si
1000 4503 1126 4587 lorum
1153 4505 1279 4616 ipsum
1297 4507 1405 4592 novis
1423 4512 1571 4595 statutis
1590 4513 1668 4596 suis

266 4657 342 4714 non
361 4631 578 4718 obviaverit.

345 4766 398 4828 1v.
1341 4823 1344 4830 .
1475 4785 1512 4837 es
