4320 5918
518 539 579 604 496
1017 549 1231 612 turbanter
1255 550 1430 612 securior
1739 554 1822 633 [dan.
1841 557 1924 618 laet.

568 677 728 754 Voleutes
742 679 845 776 igitur
861 681 1039 780 imperiale
1051 683 1254 760 mandatum
1268 686 1397 782 exequi
1414 685 1505 760 deut
1522 687 1633 778 deoet,
1651 709 1755 784 super
1767 689 1927 784 predictis

517 803 679 878 omuibus
699 805 869 882 nobilitati
889 817 1003 882 vestre
1026 809 1276 884 eommiotimus
1293 811 1389 884 vinee
1408 822 1560 903 uosuas,
1578 833 1625 886 ex
1643 812 1811 910 imperiali
1833 825 1926 910 parte

518 929 717 1004 auctoritate
741 953 812 1027 que
838 932 1015 1028 fungimur
1042 933 1261 1030 injungentes
1281 945 1453 1031 quatenus
1474 935 1551 1032 ipso
1577 936 1743 1032 imperiali
1767 939 1927 1014 mandato

521 1051 723 1149 diligentius
739 1057 910 1154 inspecto,
926 1057 977 1130 sie
989 1079 1094 1154 super
1113 1057 1278 1154 predictis
1294 1059 1457 1134 omnibus
1469 1060 1685 1156 inquirendis
1701 1061 1927 1157 persingulas

519 1173 676 1250 civitates
690 1186 726 1250 et
740 1177 814 1250 lona
828 1179 1074 1271 justiciariatus
1090 1180 1195 1252 vestri
1214 1181 1308 1254 illam
1323 1179 1554 1274 diligentiam,
1575 1203 1694 1254 euram
1716 1193 1752 1254 et
1766 1183 1926 1256 sollicitu-

519 1295 636 1372 dinem
650 1300 816 1374 adhibere
833 1303 972 1392 curetis,
988 1303 1079 1376 siout
1093 1304 1159 1378 boo
1177 1303 1223 1380 de
1240 1305 1417 1380 voluntate
1430 1306 1557 1378 summi
1572 1306 1739 1402 principis
1750 1327 1927 1382 emanasse

519 1423 672 1518 poteritis
692 1425 836 1516 intueri;
861 1426 1121 1523 inquisitionem
1137 1427 1278 1502 modom
1292 1430 1338 1502 ab
1354 1429 1423 1504 illis
1438 1431 1585 1526 propriis
1600 1429 1674 1504 lieri
1690 1431 1854 1506 incientes
1867 1431 1925 1527 qui

518 1569 589 1620 nou
612 1548 680 1621 sint
699 1548 744 1623 de
763 1559 861 1646 parte
878 1573 943 1626 uec
960 1561 1040 1627 nota
1064 1554 1100 1626 iu
1125 1553 1177 1628 eis
1200 1563 1366 1650 apparent
1387 1555 1544 1628 omnium
1570 1554 1801 1650 predictorum
1824 1579 1926 1652 super

518 1671 648 1768 quibus
662 1673 735 1770 ipsa
748 1674 926 1769 inquisitio
941 1675 1014 1750 fieri
1031 1677 1147 1752 debet.
1168 1679 1284 1752 Minus
1299 1687 1353 1752 est
1371 1680 1499 1754 etenim
1514 1678 1662 1774 dignum
1674 1701 1740 1754 neo
1754 1681 1870 1754 miuus
1882 1681 1926 1754 ab

519 1797 671 1892 equitate
686 1798 861 1874 discordat
879 1802 987 1876 malos
1004 1809 1040 1876 et
1057 1824 1183 1898 pravos
1200 1825 1263 1900 pro
1280 1825 1399 1878 eorum
1418 1803 1547 1878 malitia
1567 1812 1603 1876 et
1622 1804 1791 1900 pravitate
1806 1805 1926 1899 punire

519 1942 625 2014 quam
644 1920 765 1997 fideles
783 1934 819 1998 et
833 1925 942 2000 bonos
958 1948 1020 2022 pro
1043 1948 1162 2000 eorum
1180 1927 1333 2001 bonitate
1350 1927 1494 2022 diligere
1513 1937 1548 2001 et
1566 1929 1682 2002 rovere
1696 1925 1762 2026 (a).
1782 1929 1858 2013 Qua
1872 1929 1924 2002 iu·

518 2046 705 2140 quisitioue
725 2049 813 2122 lacta
837 2071 916 2122 oum
934 2073 1071 2124 summo
1088 2051 1204 2126 studio
1231 2053 1323 2126 sieut
1343 2051 1460 2141 deest,
1486 2073 1724 2148 quoscumque
1744 2053 1925 2126 invenietis

521 2171 647 2244 noxios
673 2194 779 2268 super
802 2175 965 2248 omnibus
991 2176 1046 2250 bis
1065 2199 1135 2272 que
1157 2177 1193 2249 in
1216 2177 1292 2274 ipso
1312 2177 1480 2272 imperiali
1500 2177 1662 2252 mandato
1682 2177 1798 2274 aptius
1818 2178 1925 2250 nonti-

521 2304 658 2387 neutur,
687 2319 766 2369 num
789 2298 928 2372 familiis
951 2321 1070 2373 eorum
1092 2301 1213 2376 alocis
1233 2311 1268 2376 et
1283 2301 1553 2376 habitationibus
1573 2301 1720 2398 propriis
1739 2324 1802 2398 per
1823 2303 1925 2376 unius

521 2417 612 2493 diete
630 2419 826 2494 distantiam
845 2425 1045 2516 transferre,
1066 2425 1225 2500 dividere
1246 2436 1281 2500 et
1296 2435 1430 2500 mutere
1452 2427 1599 2519 curatis,
1616 2425 1662 2500 de
1684 2427 1786 2500 bonis
1807 2448 1924 2501 eorum

519 2543 707 2620 mobilibus
735 2547 821 2620 nibil
847 2551 1040 2624 auferentes
1063 2551 1122 2624 vel
1148 2551 1275 2624 auferri
1302 2553 1534 2647 permittentes
1558 2550 1703 2625 eisdem.
1728 2553 1822 2624 Bone
1844 2573 1925 2624 vero

518 2670 655 2744 stabilia
671 2673 903 2767 predictorum
922 2697 1010 2770 quos
1027 2676 1263 2766 mutaveritis,
1289 2687 1328 2748 ut
1348 2685 1401 2750 est
1425 2677 1576 2767 dictum,
1602 2673 1671 2748 biis
1683 2696 1772 2770 quos
1788 2675 1834 2748 ab
1856 2697 1925 2747 uno

518 2795 594 2868 loon
610 2795 645 2868 iu
660 2797 767 2871 altero
785 2800 1023 2874 transtuleritis
1037 2801 1139 2894 juxta
1158 2801 1383 2896 quantitatem
1403 2809 1438 2874 et
1452 2801 1653 2896 qualitatem
1670 2807 1789 2873 ebrum
1803 2821 1873 2894 que
1889 2799 1923 2870 in

520 2919 604 2992 loois
621 2922 767 3016 propriis
784 2922 988 2996 dimiserunt
1007 2935 1042 2998 et
1055 2926 1158 3017 juxta
1178 2923 1409 3021 provisionem
1432 2935 1582 2999 vestram
1602 2934 1640 2996 ut
1656 2923 1788 3021 possint
1807 2924 1924 2996 vivere

519 3045 718 3140 assignetis,
742 3059 778 3120 et
797 3047 842 3122 de
859 3050 1022 3122 omuibus
1044 3072 1115 3144 que
1132 3047 1208 3144 (sic)
1227 3049 1465 3122 transtuleritis
1493 3059 1528 3122 et
1552 3049 1766 3121 mutaveritis
1786 3057 1925 3142 quater-

519 3169 640 3243 niones
659 3182 695 3244 et
707 3171 834 3268 scripta
853 3171 926 3247 fieri
942 3175 1122 3271 lenientes,
1140 3175 1215 3272 ipsa
1232 3175 1299 3248 sub
1316 3175 1429 3270 sigillo
1443 3183 1558 3248 nostro
1578 3170 1626 3270 (bl
1647 3172 1693 3247 ed
1711 3173 1924 3270 imperialem

518 3296 648 3370 noriam
664 3296 853 3373 destinetis.

567 3422 671 3513 Data,
689 3433 755 3496 eto.
772 3422 856 3520 (ric).

386 4127 420 4158 m
570 4039 801 4147 Friderieus,
821 4037 1080 4124 Romanorum
1107 4038 1327 4150 imperator,
1345 4035 1531 4122 universis
1559 4033 1768 4120 scolaribus
1790 4033 1922 4118 Bouo-

369 4181 379 4212 ¹
402 4177 441 4245 Ψ·
517 4172 604 4256 uiae
627 4184 762 4258 uotum
794 4172 884 4257 feeit
913 4199 954 4258 se
986 4172 1155 4258 studium
1182 4173 1286 4281 apud
1311 4169 1508 4282 Neapolim
1525 4169 1566 4252 in
1583 4169 1775 4280 integrum
1793 4165 1921 4251 reior-

559 4373 602 4455 (a)
624 4371 673 4436 Sln
685 4377 717 4434 ln
730 4375 841 4435 oodlee.
855 4373 964 4436 Sensus
976 4379 1077 4434 nmen
1090 4371 1247 4452 legendum
1261 4374 1384 4450 requirit
1398 4389 1407 4430 r
1425 4371 1492 4434 Non
1504 4369 1599 4430 orbarer
1621 4375 1663 4430 ert
1683 4370 1760 4430 mim
1772 4365 1923 4449 indiqounr

517 4477 1053 4558 nemiam‚ete.,matee....pm
1073 4495 1171 4538 mm
1192 4473 1922 4558 oralitio...oonpnnireqvaar...donoaprn

516 4605 615 4650 aevom
628 4585 754 4650 batere
766 4603 826 4648 noo
840 4583 959 4668 dilipere
972 4583 1113 4666 risuum,

558 4693 601 4778 (b)
621 4694 680 4758 Sin.
696 4695 815 4756 Rectius
828 4701 927 4756 umen
940 4698 1039 4754 notro.
