4298 5906
745 574 871 636 nuent
896 572 1086 637 SICILIAE.
1566 565 1624 630 189

210 715 301 788 inira
317 732 466 802 aunum,
488 729 558 784 non
580 709 632 782 sic
648 707 760 805 accipi
775 709 938 783 volumus
960 718 1000 782 ut
1021 706 1117 804 apud
1135 706 1288 802 ipsorum
1306 703 1454 800 pretoria
1476 723 1523 776 ex
1545 703 1621 774 liti·
1702 765 1709 780 ,

210 837 368 934 gantium
386 837 472 910 forte
492 853 662 908 consensu
678 833 876 927 questiones
893 833 1080 930 accipiant,
1101 829 1165 905 sed
1183 830 1219 902 iu
1236 828 1408 927 presentia
1425 827 1620 921 bajulorum

210 972 405 1038 nostrorum
423 960 518 1057 ipsas
534 958 734 1034 examinent
749 967 783 1030 et
798 957 868 1034 line
886 958 1002 1032 debito
1020 955 1181 1030 studeant
1198 953 1392 1028 terminare.

653 1190 793 1262 LIBER
820 1190 853 1280 1,
879 1189 1079 1264 TITULUS
1103 1186 1177 1260 XC.

566 1334 614 1404 De
629 1333 798 1428 prohibitu
814 1333 994 1404 annalium
1019 1331 1256 1404 ammonens.

256 1470 576 1544 communitorum
589 1470 762 1563 Justitiarii
781 1491 886 1564 quarn
904 1469 1082 1542 camerarii
1100 1477 1135 1542 et
1150 1489 1271 1540 omues
1286 1468 1345 1540 alii
1361 1467 1617 1564 provInciarum

208 1593 317 1668 annui
339 1593 503 1668 officiales
522 1593 568 1666 ub
586 1593 811 1690 iulruscrIptis
828 1595 998 1668 abstinere
1019 1592 1223 1668 debebunt:
1246 1592 1407 1666 videlicet
1428 1591 1524 1687 quod
1542 1590 1617 1665 du-

208 1727 306 1794 rante
323 1717 478 1814 predicto
494 1727 645 1814 tempore
665 1718 885 1814 magistratus
902 1741 1038 1811 eorum,
1063 1740 1130 1791 noc
1148 1717 1214 1813 ipsi
1232 1739 1297 1790 neo
1316 1716 1453 1810 judices
1466 1727 1529 1790 aut
1545 1737 1615 1790 uo-

207 1841 284 1916 terii
303 1862 368 1916 uec
384 1843 567 1916 familiares
583 1863 704 1916 eorum
721 1851 880 1916 mutuum
899 1843 934 1916 in
953 1844 1141 1940 provinciis
1159 1842 1226 1916 sibi
1242 1843 1388 1917 decretis
1406 1865 1427 1916 a
1444 1843 1518 1915 suis
1534 1863 1613 1938 pro·

206 1965 414 2040 vincialibus
432 1967 468 2040 iu
494 1967 641 2063 pecunIa
659 1967 715 2040 vel
737 1967 842 2042 rebus
864 1968 941 2040 aliis
965 1967 1153 2064 accipiant,
1175 1966 1295 2040 domos
1313 1967 1370 2040 uel
1387 1987 1614 2062 quascunque

205 2092 441 2187 possessiones
462 2091 508 2166 ab
531 2092 582 2166 eis
603 2092 639 2164 in
666 2093 845 2188 provincia
870 2093 945 2188 ipsa
971 2093 1066 2166 nullo
1092 2113 1231 2190 prorsus
1253 2091 1469 2164 alienationis
1493 2092 1608 2183 titulo,

205 2217 309 2289 etium
338 2217 375 2288 in
403 2217 658 2314 emphyteutico
679 2218 759 2310 jnra
783 2217 971 2314 accipiant;
1005 2216 1222 2290 matrimonia
1246 2216 1323 2290 sive
1348 2216 1522 2312 sponsalia
1548 2237 1613 2292 nec

205 2341 308 2415 etiam
329 2351 523 2418 contractus
549 2341 667 2414 ineant
689 2363 768 2415 cnm
790 2341 934 2416 eisdem.
960 2341 1051 2414 Pena
1073 2341 1315 2438 publicationIs
1335 2341 1505 2414 bonorum
1530 2363 1613 2416 om-

205 2467 301 2540 nium
317 2475 353 2540 et
368 2467 561 2540 amissionis
577 2467 679 2542 officii
697 2489 775 2540 curn
794 2467 936 2540 inlamiu
953 2467 1158 2540 officialibus
1174 2477 1292 2540 conca
1307 2466 1374 2540 hoc
1391 2467 1612 2542 venientibus

205 2590 422 2680 imminente,
442 2591 504 2685 qui
523 2600 739 2688 preterquam
768 2591 815 2666 dc
846 2591 954 2664 victui
988 2591 1208 2682 necessariis,
1237 2613 1493 2688 quemcumque
1520 2613 1611 2666 cou-

204 2723 349 2788 tractum
364 2713 410 2788 (le
425 2714 612 2788 mobilibus
625 2716 681 2788 rel
699 2715 934 2790 immobilibus
950 2738 1012 2790 seu
1026 2739 1065 2790 se
1079 2716 1298 2790 moventibus
1313 2739 1392 2790 cum
1411 2717 1610 2791 homiuibus

203 2837 342 2912 inierint
368 2860 432 2912 sus
452 2838 683 2931 iurisdictioni
708 2841 884 2934 subjectis.
905 2840 1139 2916 Creditoribus
1163 2850 1296 2932 autem,
1321 2841 1549 2914 alienantibus
1566 2863 1609 2916 ac

203 2962 483 3038 contrahentibus
504 2963 666 3038 omuibus
688 2963 739 3059 lc)
757 2965 1025 3060 publicationem
1048 2966 1196 3061 pecunie
1213 2975 1369 3040 mutuate
1391 2974 1426 3038 et
1449 2966 1609 3040 conventi

202 3087 320 3182 pretii,
334 3086 481 3160 'dotium
506 3088 610 3162 etiarn
633 3089 876 3185 promissurum
899 3090 1147 3184 quarumlibet,
1172 3088 1300 3164 deiude
1321 3110 1437 3164 rerum
1456 3089 1493 3162 in
1515 3111 1606 3164 cuu-

202 3218 309 3282 tractu
327 3209 539 3284 venientium
556 3211 608 3284 eis
624 3210 804 3284 imminere
819 3220 1039 3306 cognoscunt.

217 3787 222 3796 ,
251 3713 271 3809 t
288 3701 351 3786 IV.
374 3702 669 3788 constitutiones
687 3703 867 3814 speciales
893 3730 1007 3814 super
1027 3703 1241 3814 justitiariis
1262 3703 1462 3816 reginum
1479 3713 1518 3788 et
1534 3731 1609 3788 su-

199 3861 266 3945 per
283 3833 407 3922 forma
424 3837 474 3921 ab
491 3837 546 3922 eis
563 3838 604 3920 in
621 3837 883 3922 criminalibus
905 3838 1156 3922 observande.

645 4055 786 4128 LIBER
810 4055 844 4146 1,
871 4054 1073 4129 TITULUS
1097 4055 1155 4128 LI.

231 4190 278 4260 Ile
300 4192 518 4283 justitiariis,
537 4191 754 4304 assessoribus
777 4203 808 4262 el
828 4202 976 4266 actorum
992 4192 1131 4266 notariis
1149 4191 1346 4264 ordinandis
1362 4202 1395 4266 cl
1410 4193 1450 4266 de
1467 4195 1572 4290 officio

771 4317 1031 4418 justitiariatus.
1131 4405 1133 4414 ‚

245 4423 455 4543 Frideric'us,
482 4461 550 4524 etc.
576 4452 754 4524 lustitiarii
778 4474 839 4549 por
858 4453 1055 4549 provincias
1077 4462 1270 4527 statuantur
1293 4455 1355 4549 qui
1378 4475 1447 4528 uou
1469 4455 1537 4528 siut
1558 4453 1605 4528 de

237 4599 276 4680 (a)
298 4600 348 4664 Sto
365 4604 398 4662 tn
417 4601 557 4664 omuibus
572 4621 579 4660 :
592 4603 631 4664 ad
643 4603 792 4664 meliorem
804 4609 905 4664 tumen
925 4619 1045 4667 sensum
1056 4603 1176 4666 accedet
1188 4607 1214 4667 st
1227 4607 1294 4685 quir
1304 4605 1408 4686 legerit
1422 4623 1432 4666 r
1444 4603 1604 4668 creditores

199 4713 305 4789 mun,
317 4705 478 4770 &nanto
490 4725 525 4770 nc
537 4707 737 4771 contrahentes
747 4725 853 4787 omna,
868 4715 922 4773 stc.
