4372 5918
507 575 546 640 18
1038 571 1393 638 constitutiones

507 711 625 802 rebus,
635 731 724 804 quas
734 709 898 806 possidet,
908 710 1096 784 mobilibus
1108 719 1168 781 aut
1184 707 1433 798 immobilibus,
1443 717 1505 780 aut
1520 728 1597 780 sese
1613 710 1832 784 moventibus
1846 733 1922 784 neo

508 856 579 908 non
590 833 876 931 incorporalibus,
886 834 1003 908 inferri
1013 834 1080 908 sibi
1091 835 1278 930 quisquam
1292 832 1337 906 ab
1351 833 1469 927 aliquo
1478 832 1679 906 uiolentiam
1693 836 1916 930 pertimescit;

507 981 553 1034 ne
565 959 621 1032 vel
639 981 695 1033 res
709 959 854 1032 mobiles
866 959 1013 1056 pervim
1025 961 1226 1032 auferantur
1239 959 1284 1030 ab
1301 958 1422 1047 eo,vel
1438 959 1475 1029 iu
1491 959 1570 1030 aliis
1582 957 1814 1034 destitutionis
1828 961 1920 1054 inju-

507 1083 595 1158 riam
613 1083 777 1180 patiatur.
796 1085 967 1158 Presentis
980 1097 1096 1158 nostre
1111 1083 1362 1158 constitutionis
1383 1083 1555 1156 licentiam
1576 1083 1624 1156 ad
1642 1105 1703 1156 eos
1718 1086 1822 1158 eliam
1836 1108 1918 1181 pro-

507 1229 689 1306 pagamus,
704 1208 767 1303 qni
783 1209 819 1280 in
838 1209 993 1304 personis
1008 1219 1069 1282 ant
1086 1209 1192 1282 rebus
1205 1218 1404 1304 parentum,
1423 1228 1513 1302 quos
1528 1209 1634 1280 nostri
1647 1219 1783 1282 veteres
1797 1209 1920 1283 dixere

505 1335 664 1427 majores,
681 1331 843 1423 liliorum,
861 1343 1027 1430 nepotum
1039 1343 1075 1407 et
1087 1355 1134 1406 ex
1147 1334 1198 1407 eis
1211 1332 1276 1428 (o),
1288 1332 1350 1427 qui
1368 1331 1464 1406 dulci
1480 1329 1629 1405 liliorum
1642 1333 1814 1406 vocabulo
1828 1355 1920 1406 uuu-

503 1468 693 1553 oupuntur,
713 1468 749 1532 et
766 1458 801 1530 in
815 1457 867 1531 eis
886 1467 947 1531 aut
962 1459 998 1530 in
1012 1459 1118 1532 rebus
1134 1479 1254 1532 eurum
1272 1457 1443 1552 denique,
1462 1457 1578 1552 quiin
1593 1456 1716 1531 eadem
1731 1459 1860 1532 familia
1881 1470 1916 1530 et

503 1582 755 1658 cohabitatione
780 1591 952 1676 tenentur,
976 1584 1049 1656 vim
1071 1585 1128 1657 vel
1148 1583 1309 1677 injurium
1335 1582 1406 1679 pati
1429 1583 1613 1656 metuerint
1630 1579 1710 1680 [qui
1735 1581 1913 1656 defensum

464 1749 468 1756 -
503 1705 717 1806 imponunt].
741 1707 872 1782 Eadem
901 1707 1039 1782 lieentia
1066 1707 1231 1804 predictis
1252 1707 1391 1782 casibus
1415 1705 1600 1780 tribuenda
1622 1706 1798 1796 venalis,
1816 1708 1918 1802 quia

504 1831 654 1908 dominis
669 1833 743 1906 suis
764 1834 801 1906 iu
817 1835 974 1930 personis
990 1845 1051 1908 aut
1069 1834 1174 1908 rebus
1195 1835 1268 1906 suis
1292 1835 1347 1906 vel
1372 1855 1513 1907 suorum
1536 1831 1666 1906 offendi
1684 1841 1846 1908 verentur
1861 1833 1916 1904 in·

500 1957 606 2050 juste.
632 1957 760 2030 Verum
786 1957 816 2030 si
847 1958 1029 2032 occasione
1055 1957 1307 2051 adjutoriorum
1331 1957 1379 2054 (l)
1408 1958 1445 2030 in
1473 1957 1622 2031 oraculis
1653 1956 1697 2055 (c)
1727 1957 1852 2030 uostris
1882 1967 1918 2032 et

504 2079 788 2178 predecessorum
815 2093 1009 2157 nostrorum
1042 2084 1345 2158 constitutionibus
1372 2082 1649 2180 oomprebeusis,
1679 2091 1741 2156 unt
1764 2083 1916 2178 antiquis

504 2206 813 2280 consuetudinibus
819 2261 830 2301 ,
848 2208 965 2282 velex
982 2207 1059 2281 aliis
1085 2207 1198 2281 causis
1215 2207 1279 2305 (d),
1304 2209 1499 2303 exquibus
1516 2207 1658 2282 vassalli
1676 2206 1826 2281 dominis
1842 2208 1915 2282 suis

504 2329 638 2426 aliquid
652 2332 735 2406 dare
748 2333 804 2406 vel
824 2333 938 2408 lacere
953 2341 1113 2406 tenentur
1133 2333 1179 2408 de
1196 2335 1277 2427 jure
1293 2331 1364 2432 [vel
1381 2332 1426 2407 de
1446 2328 1790 2431 eonsuetudinibue],
1808 2353 1914 2429 supra

503 2454 606 2530 dictis
624 2456 766 2532 dolense
783 2457 932 2532 dominis
958 2459 1196 2556 imponantur;
1216 2458 1335 2532 licebit
1354 2459 1406 2531 eis
1430 2480 1496 2532 suo
1512 2459 1592 2552 juro
1611 2458 1663 2530 uti
1689 2457 1913 2531 nibilominus

502 2588 578 2676 post
592 2579 782 2655 defensam.
799 2583 928 2656 Verum
942 2593 1056 2658 tamen
1074 2584 1104 2656 si
1116 2584 1209 2677 juste
1225 2583 1368 2658 dolense
1388 2583 1610 2680 imponantur
1630 2603 1693 2679 pro
1712 2581 1817 2656 rebus
1839 2604 1913 2656 mo-

499 2703 644 2798 bilibus,
671 2708 786 2780 forsan
811 2715 930 2804 utpote
958 2707 1050 2782 buve
1083 2709 1199 2782 ablato
1228 2709 1283 2782 vel
1309 2707 1501 2795 similibus,
1527 2685 1689 2782 dominus
1710 2707 1772 2803 qui
1796 2717 1912 2781 eontra

499 2829 676 2906 dolensem
696 2834 846 2926 venerit,
874 2843 908 2905 et
930 2831 986 2922 id,
1006 2833 1103 2930 quod
1121 2842 1199 2930 post
1220 2834 1396 2909 defensum
1419 2833 1572 2926 obstulit,
1594 2832 1733 2925 reddot3
1757 2843 1792 2906 et
1816 2832 1912 2906 aliud

499 2956 702 3032 tantundem
722 2957 817 3032 curie
843 2967 957 3033 nostre
981 2967 1177 3056 componat.
1196 2955 1253 3058 [lit
1276 2958 1342 3032 beo
1359 2966 1492 3032 tentum
1513 2958 1612 3032 sitin
1632 2980 1715 3032 casn
1740 2957 1805 3030 islo
1823 2979 1911 3054 pena

498 3079 669 3180 defense]
693 3081 850 3156 Ceterum
875 3083 904 3156 si
930 3083 1056 3177 injuste
1078 3083 1220 3158 defensa
1237 3084 1342 3158 luerit
1363 3083 1541 3181 imposita,
1565 3093 1648 3156 tuuc
1665 3084 1778 3180 ipsam
1796 3083 1912 3179 impo-

498 3227 598 3302 nens,
628 3217 664 3282 et
684 3208 723 3284 id
738 3209 836 3306 quod
855 3210 1009 3306 petebat,
1022 3211 1176 3300 amittat,
1202 3219 1237 3284 et
1260 3211 1358 3286 aliud
1375 3210 1580 3285 tantundem
1597 3209 1693 3282 eurio
1710 3217 1827 3283 nostre
1842 3209 1912 3281 sol·

498 3341 570 3406 vat.
589 3333 779 3407 Statuimus
801 3335 903 3408 etiam
928 3346 967 3408 ut
983 3356 1029 3409 ex
1046 3335 1198 3410 delensis
1217 3335 1415 3430 hujusmodi
1438 3357 1542 3432 super
1563 3333 1750 3407 mobilibus
1774 3334 1912 3408 luctisa

497 3457 654 3532 vassallis
672 3469 790 3534 contra
808 3459 980 3554 dominos,
1006 3461 1153 3535 civiliter
1170 3471 1305 3535 tantum
1319 3469 1354 3535 et
1376 3482 1446 3534 non
1464 3459 1685 3534 criminaliter
1700 3459 1758 3554 egi
1781 3457 1907 3555 possit;

496 3592 531 3656 et
550 3581 579 3656 si
603 3582 649 3658 de
674 3583 728 3658 his
753 3583 800 3660 ad
823 3607 985 3680 magnum
1007 3595 1158 3660 nostrum
1187 3585 1320 3660 curiam
1344 3583 1564 3680 proclamatio
1589 3582 1780 3673 deleratur,
1806 3602 1910 3655 cause

492 3707 570 3805 ipse
595 3709 642 3784 ad
658 3711 839 3808 regionum
858 3710 1062 3806 justitiarios
1085 3711 1313 3785 remittuntur.
1337 3709 1373 3783 Si
1392 3719 1506 3784 tamen
1525 3710 1615 3782 inter
1632 3707 1721 3782 duos
1743 3707 1909 3783 vassallos

539 3991 581 4072 (u)
603 3991 662 4072 Ap.
678 3993 845 4076 Llndebrug
862 4013 870 4056 a
885 3993 978 4056 nostri
991 4001 1096 4058 veloce
1109 3993 1208 4056 diem
1222 3989 1496 4076 oruJ'orerfllioruur,
1508 3997 1634 4073 mpetu,
1648 3998 1676 4054 et
1687 4009 1725 4053 ee
1737 3992 1786 4052 eis.

536 4096 578 4180 (b)
599 4101 635 4161 lu
648 4101 785 4164 omnlbus
799 4101 920 4164 additur
938 4109 1125 4180 nostrorum
1135 4102 1216 4182 quod
1227 4117 1348 4164 sensum
1361 4099 1474 4180 turbat,
1488 4099 1561 4162 dum
1573 4099 1697 4162 lorsltuu
1710 4115 1775 4160 esse
1787 4097 1908 4160 dabuls-

493 4213 538 4268 tet
550 4213 726 4268 statutorum
739 4209 786 4270 vel
805 4209 985 4288 hujusmodl.

535 4313 575 4394 (c)
600 4315 636 4375 lu
650 4317 771 4376 custerls
786 4323 816 4378 et
828 4317 908 4395 opud
921 4317 1043 4378 Cureunl
1055 4315 1199 4378 articulis.
1216 4311 1349 4378 Orauulir
1362 4331 1433 4377 vero
1445 4313 1687 4394 praelaudamus,
1700 4313 1781 4393 quud
1801 4313 1907 4375 mullus

493 4423 593 4482 seusul
607 4437 712 4501 grueoo
725 4423 881 4500 respondet
896 4422 924 4480 tv
938 4429 996 4490 ret<
1008 4421 1151 4506 ἡμετέραις
1164 4419 1276 4504 χριίαις.

535 4523 577 4602 (d)
599 4527 679 4590 Ordo
693 4534 793 4590 tumen
806 4529 959 4607 paululum
972 4531 1004 4590 lu
1017 4547 1121 4610 grueoo
1134 4531 1267 4592 diversus
1283 4549 1291 4592 r
1307 4547 1345 4592 eu
1357 4531 1463 4592 nustria
1474 4525 1598 4591 uruurlir
1610 4535 1638 4591 et
1650 4527 1780 4610 antiquie
1791 4544 1906 4588 comae-

492 4631 643 4697 tudiuibur
665 4643 694 4699 et
716 4635 921 4718 comprehensis
941 4638 975 4699 in
995 4637 1245 4702 comtitutiouidru
1265 4645 1430 4701 austrorum
1445 4635 1694 4730 pmedecertoum
1714 4633 1761 4698 uel
1780 4653 1818 4696 ex
1837 4631 1906 4696 ultis

492 4743 593 4804 courir.
