4320 5918
525 553 586 618 502
1029 557 1245 620 sstutttttct
1271 554 1446 619 sscuuut
1752 558 1834 645 [dn.
1851 560 1936 626 lm

523 691 628 766 bilem
658 689 874 787 firmitatem,
901 715 1042 792 presens
1067 693 1235 792 scriptum
1262 691 1337 769 lieri
1353 692 1524 788 jussimus
1546 693 1642 768 bulla
1668 715 1774 770 annea
1803 698 1937 796 typar'ur

522 825 637 892 nostre
654 818 841 911 majestatis
857 817 1024 915 impressa
1042 819 1226 894 mnnitnm.

572 944 696 1016 [latum
705 944 800 1040 apud
809 945 1000 1037 Preoinam,
1011 966 1104 1020 anno
1113 943 1287 1021 dominice
1295 943 1541 1020 incarnationis
1552 944 1932 1044 ll⁰COXXll⁸qnartu

521 1087 640 1142 mense
654 1068 868 1161 novembris,
886 1069 974 1144 Vlll·
991 1068 1201 1145 indictionis.

409 1619 463 1706 ”⁸⁸3
573 1609 806 1717 FridericuS,
830 1611 1091 1696 Romanorum
1122 1612 1344 1722 imperator,
1371 1611 1422 1695 ad
1454 1610 1768 1722 supplicationem
1799 1609 1932 1694 archi-

518 1745 683 1854 episcopi
715 1745 927 1856 Magrmtini
958 1746 1131 1830 concedit
1161 1755 1206 1831 nt
1235 1745 1339 1830 lilius
1370 1747 1569 1857 quondam
1600 1745 1729 1831 Silridi
1756 1744 1933 1828 ccclesiae

517 1878 762 1990 Magantinae
778 1879 1019 1988 marescalci,
1039 1880 1127 1964 licet
1150 1905 1197 1966 cn
1221 1891 1330 1990 parte
1347 1881 1482 1966 matris
1500 1906 1592 1965 snae
1608 1878 1868 1963 ministerialis
1885 1879 1932 1962 sit

381 2129 384 2136 ι
518 2009 688 2120 imperii,
709 2013 966 2136 ministerialis
992 2013 1172 2100 ecclesiae
1196 2013 1264 2099 liat
1289 2024 1327 2099 et
1353 2015 1499 2100 ratione
1524 2013 1623 2100 feodi
1650 2013 1932 2124 archiepiscopo

520 2144 692 2230 debitum
710 2145 904 2232 servitium
922 2148 1105 2234 exsolvat.

599 2341 712 2426 (Edidit
724 2343 887 2424 donnaus,
899 2343 970 2410 God.
982 2342 1131 2428 opums
1142 2347 1289 2431 tcaput,
1303 2353 1378 2410 tona.
1392 2348 1426 2430 1,
1439 2365 1470 2428 p.
1486 2357 1601 2423 tot,n⁰
1616 2344 1701 2428 tto.)

567 2519 779 2608 inidoneus,
798 2523 860 2596 Dei
879 2523 988 2617 gratia
1005 2524 1237 2598 Rornanorum
1257 2523 1443 2620 imperator
1463 2543 1601 2620 semper
1621 2531 1815 2619 angustus,
1834 2524 1932 2596 tun·

519 2647 626 2720 salem
644 2656 680 2720 et
696 2647 813 2721 Sicilie
827 2670 904 2723 rex.
925 2650 989 2724 Per
1005 2671 1146 2746 presens
1172 2649 1337 2747 scriptum
1365 2658 1485 2723 notum
1503 2647 1648 2722 tacimus
1668 2648 1842 2722 universis
1865 2649 1929 2722 inr-

518 2773 605 2868 perii
622 2769 782 2846 fidelibus
799 2782 869 2847 tam
884 2774 1104 2872 presentibus
1116 2795 1221 2871 qnam
1236 2774 1360 2848 tuturis
1372 2772 1469 2870 qnod
1485 2773 1692 2848 venerabilis
1710 2773 1930 2869 Mogontinns

518 2895 1025 2994 archiepiscopus(t),dilectns
1036 2899 1198 2996 princeps
1208 2909 1334 2994 noster,
1344 2896 1584 2974 celsitudinem
1595 2897 1928 2973 nostramhnmiliter

518 3023 728 3119 supplicavit
745 3033 784 3094 ut
802 3021 880 3096 licet
897 3021 989 3096 filins
1006 3023 1185 3120 qnondam
1206 3025 1322 3099 Sitridi
1348 3025 1545 3100 marescalci
1566 3025 1709 3100 ecclesio
1728 3023 1928 3116 Magantinc

519 3167 565 3220 ex
585 3156 681 3242 parte
693 3147 812 3220 matris
827 3169 890 3223 sne
903 3149 1136 3224 ministerialis
1154 3151 1280 3224 debeat
1297 3173 1373 3226 esse
1389 3150 1537 3248 imperii,
1556 3149 1640 3245 quia
1657 3160 1769 3224 tamen
1786 3149 1925 3225 leodnm

554 3445 590 3520 (t)
609 3447 685 3504 Tunc
703 3444 834 3521 imperiali
853 3445 942 3506 curiae
961 3445 1054 3506 aderat
1072 3446 1186 3508 Sitridus
1204 3447 1376 3522 llagrrntinus
1387 3447 1621 3524 arehiepiscopum,
1633 3464 1714 3522 qnam
1734 3464 1800 3507 asc
1819 3449 1927 3509 missum

518 3561 579 3603 cum
600 3545 686 3604 officio
704 3545 794 3604 nuncii
814 3545 934 3604 declarat
947 3545 1078 3604 Henricus
1101 3563 1149 3604 rex
1169 3546 1196 3604 in
1219 3546 1331 3621 epistola
1348 3546 1519 3622 praelaudata
1533 3552 1562 3604 et
1574 3545 1687 3608 inferius
1699 3548 1735 3608 ad
1748 3564 1828 3607 sunm
1841 3547 1927 3607 loonrn

515 3643 676 3705 exhibenda.
689 3645 758 3703 Huic
773 3661 882 3720 quoque
900 3646 1013 3719 tempori
1029 3643 1172 3704 convenire
1193 3645 1357 3703 arbitramur
1381 3645 1484 3705 litteras
1505 3646 1697 3723 archicpiscopi
1709 3648 1847 3722 ejusdem,
1861 3663 1927 3723 quas

514 3741 597 3800 edidit
609 3745 768 3815 Smsrrun,
780 3743 900 3801 Vr'ndam.
915 3743 1012 3816 littra,
1023 3748 1043 3800 t.
1057 3743 1078 3815 l,
1088 3759 1117 3818 p.
1127 3745 1190 3814 ⁴9³,
1200 3749 1230 3800 ut
1242 3745 1365 3818 sequitur
1373 3762 1379 3800 :
1388 3743 1562 3804 «Venerabili
1572 3743 1647 3802 bebi
1660 3743 1688 3803 in
1700 3743 1806 3804 Christo
1819 3747 1924 3806 domino

517 3843 575 3900 sc.
588 3843 714 3918 episcopo
732 3841 955 3902 llildeshaimensi
974 3842 1003 3902 S.
1025 3841 1073 3898 Dei
1095 3841 1180 3916 gratia
1203 3848 1296 3900 sande
1319 3843 1472 3918 lloguntine
1489 3843 1563 3902 sedis
1576 3843 1793 3920 archiepiscopus
1810 3846 1924 3906 salutem

517 3963 530 3992 a
545 3947 573 3998 et
592 3941 751 4016 obsequium
768 3940 921 4002 benivolum
933 3957 995 4000 carn
1008 3941 1125 4000 fraterna
1138 3941 1166 3999 in
1179 3942 1293 4000 Domino
1305 3941 1427 4000 cariute.
1438 3941 1514 4002 Siurt
1524 3941 1603 4001 robis
1615 3943 1732 4002 diximus
1744 3960 1807 4004 oum
1820 3961 1924 4006 meunn

515 4039 720 4114 »lleiligenstat
740 4040 837 4099 essetis
856 4040 928 4114 qnod
948 4039 1093 4116 imperator
1107 4055 1157 4098 nos
1176 4039 1212 4098 ad
1231 4055 1310 4099 susm
1329 4041 1493 4118 presentiam
1516 4041 1687 4115 accersisset,
1709 4042 1745 4100 ita
1768 4044 1924 4102 semndsrio

515 4156 529 4190 a
542 4144 685 4213 postquam
697 4139 856 4212 recessistis,
863 4155 914 4198 nos
925 4139 953 4196 in
963 4145 1067 4196 tantum
1078 4137 1178 4198 arctius
1187 4144 1215 4198 et
1225 4139 1354 4198 attentius
1367 4139 1431 4198 lecit
1439 4139 1529 4198 vocari
1540 4141 1612 4216 qnod
1621 4140 1694 4200 nullo
1703 4141 1783 4201 modo
1793 4142 1923 4202 audemus

515 4236 666 4296 »omittere
682 4242 712 4294 ut
732 4243 788 4297 tota
809 4237 977 4298 testinatione
998 4237 1180 4296 acceleremus
1200 4237 1235 4296 ad
1254 4253 1318 4297 eum
1337 4238 1441 4298 renim.
1456 4239 1546 4310 Quare
1564 4253 1614 4297 ros
1627 4239 1700 4298 omni
1713 4255 1766 4313 qno
1779 4255 1923 4314 possumus

514 4353 528 4388 s
543 4335 638 4394 ellectu
650 4351 775 4410 rogamus
786 4336 910 4410 qrutinus
923 4353 972 4412 per
985 4335 1087 4396 litteras
1098 4341 1205 4398 vestras
1218 4336 1261 4396 rel
1274 4337 1298 4396 si
1311 4352 1374 4396 esse
1383 4343 1486 4413 potest,
1500 4337 1686 4412 personaliter,
1698 4339 1770 4412 apud
1781 4338 1877 4398 ducam
1888 4338 1921 4398 ds

515 4433 687 4494 »nmnsrril
706 4435 851 4510 dignemini
870 4451 921 4494 nos
935 4451 1019 4510 super
1040 4450 1073 4494 so
1093 4435 1165 4510 quud
1178 4435 1232 4496 diei
1247 4441 1275 4494 et
1287 4435 1386 4512 placito
1403 4436 1474 4498 inter
1491 4451 1542 4496 ros
1560 4437 1707 4496 constituto
1719 4443 1748 4494 et
1760 4437 1848 4512 ipsum
1867 4455 1921 4498 non

516 4555 529 4586 ι
545 4531 701 4592 intersimus
719 4533 772 4590 ista
784 4533 854 4604 rios,
866 4533 968 4592 babere
980 4535 1142 4610 propensius
1153 4541 1304 4595 excusatos.
1314 4535 1439 4594 Firmiter
1450 4535 1523 4594 enim
1536 4535 1667 4596 babemus
1679 4538 1845 4612 propou'tmn
1858 4551 1919 4594 cum

515 4651 528 4685 r
544 4631 578 4690 ad
589 4637 680 4707 partes
691 4631 757 4692 istas
768 4632 869 4690 reversi
882 4631 1021 4705 fuerimus,
1033 4633 1068 4692 ad
1079 4633 1131 4693 boc
1142 4633 1214 4708 qnod
1231 4635 1301 4694 inter
1313 4649 1364 4694 ros
1376 4635 1538 4694 conveniens
1550 4635 1680 4694 ordinatio
1691 4633 1738 4693 liat
1748 4636 1875 4694 accedere
1886 4633 1919 4694 ad

515 4749 529 4782 s
543 4730 685 4804 eumdem,
698 4736 727 4789 et
738 4745 788 4789 sne
800 4729 985 4807 obtemperare
997 4737 1130 4808 quatenus
1140 4747 1284 4809 possamus
1297 4733 1464 4794 voluntatis»
