4372 5918
519 595 560 658 28
1049 597 1405 663 constitutiones

522 730 626 804 nibus
655 733 937 827 predecessorum
965 745 1158 811 nostrornm
1187 746 1225 808 et
1259 733 1382 807 nostris
1409 753 1485 806 esse
1514 729 1703 827 provisum.
1736 730 1928 816 Quomdam

521 865 635 929 tamm
648 858 739 951 juris
761 859 909 956 rigorem
929 861 1024 936 circa*
1038 861 1277 935 destitutiones
1300 858 1466 932 violentas
1482 853 1534 953 (a)
1552 853 1747 948 inductum,
1767 854 1863 950 quod
1881 854 1929 951 (b)

519 979 683 1055 destituto
703 993 822 1057 contra
840 983 1080 1058 destituentem
1108 994 1240 1058 tantum
1263 983 1320 1055 vel
1343 983 1418 1076 ejus
1439 978 1586 1054 heredes
1603 979 1816 1053 restituende
1837 1001 1928 1076 ‚pos-

517 1105 679 1178 sessionis
696 1107 864 1182 beneficio
879 1111 1119 1199 succumbat,
1137 1130 1202 1182 nec
1217 1117 1335 1180 contra
1350 1127 1431 1178 eum
1449 1105 1485 1176 in
1502 1125 1606 1199 quem
1624 1103 1761 1199 abipso
1776 1103 1927 1178 violento

516 1228 573 1300 vel
601 1229 676 1322 ejus
703 1230 890 1306 heredibus
916 1233 1182 1306 transferebatur
1203 1229 1392 1328 possessio,
1415 1227 1462 1302 ad
1482 1226 1753 1324 recuperandam
1780 1228 1926 1303 eandem

515 1353 658 1448 aliquod
675 1357 866 1430 remedium
879 1356 1083 1450 inducebat,
1102 1356 1272 1454 imperiali
1285 1353 1500 1452 providentia
1518 1352 1626 1426 lenire
1638 1353 1807 1443 voluutas,
1822 1361 1926 1448 atqua

513 1478 625 1572 ipsius
644 1477 733 1571 juris
755 1481 927 1555 delectum
951 1503 1105 1577 congruo
1130 1491 1164 1554 et
1179 1479 1373 1555 necessario
1392 1477 1631 1575 supplemento
1651 1477 1829 1573 supplere;
1850 1477 1924 1550 dis·

516 1604 677 1698 ponimus
694 1625 756 1700 per
776 1605 975 1679 violentiam
999 1605 1199 1680 destitutum
1214 1624 1302 1692 non,
1324 1612 1365 1675 ut
1382 1603 1477 1688 olim,
1499 1599 1695 1698 provisione
1710 1621 1842 1694 carere,
1862 1601 1925 1676 sed

515 1729 714 1800 electionem
741 1726 888 1820 nabere,
921 1739 1034 1801 utrum
1057 1729 1171 1825 ipsum
1195 1727 1434 1802 destituentem
1459 1725 1515 1798 vel
1539 1725 1614 1818 ejus
1639 1723 1804 1812 heredes,
1831 1727 1860 1799 si
1881 1725 1925 1822 (c)

514 1851 765 1948 possessionem
782 1853 819 1924 in
839 1853 947 1925 alium
967 1853 1157 1940 transtulit,
1178 1853 1225 1928 ad
1242 1852 1405 1926 interesse
1425 1851 1629 1940 convenire,
1653 1861 1753 1948 prout
1769 1853 1924 1948 predicto

510 1977 589 2069 jure
607 1985 761 2060 cavetur,
786 1977 842 2050 vel
859 1975 1088 2069 detentorem,
1114 1977 1176 2072 qui
1199 1977 1244 2050 ab
1261 1979 1409 2071 ejectore
1431 1997 1572 2049 cansam
1589 1973 1713 2065 habet3
1738 1997 1803 2072 per
1819 1997 1923 2071 quas·

515 2117 658 2195 cunque¹
672 2121 795 2174 manus
809 2101 981 2196 possessio
997 2099 1238 2193 ambulaverit,
1252 2101 1327 2174 siva
1341 2101 1465 2189 aciem,
1480 2100 1555 2174 siva
1567 2099 1729 2195 ignorans
1741 2099 1844 2172 luerit
1855 2098 1918 2196 (d),

515 2226 766 2323 possessionem
789 2247 993 2322 recuperare
1010 2225 1095 2300 velit
1112 2227 1293 2318 amissam,
1314 2225 1529 2300 condictione
1547 2247 1594 2299 ex
1612 2226 1688 2321 lege
1709 2227 1857 2322 presenti
1875 2225 1921 2300 ad

515 2347 785 2445 recuperandam
816 2350 1064 2446 possessionem
1095 2351 1206 2446 ipsam
1230 2349 1377 2423 indulta.
1402 2351 1490 2444 Sepe
1516 2351 1608 2423 enim
1636 2350 1857 2445 contingebat
1883 2363 1922 2423 ut

513 2472 575 2566 qni
606 2493 627 2544 a
655 2472 870 2568 possessione
897 2472 1060 2564 cadebat,
1091 2473 1176 2548 dum
1198 2474 1254 2546 vel
1277 2473 1494 2570 probationes
1521 2473 1566 2547 de
1588 2473 1741 2548 dominio
1766 2495 1835 2546 non
1854 2473 1921 2547 ha·

512 2598 635 2689 bebat,
655 2599 711 2671 vel
729 2621 810 2671 cum
829 2599 979 2693 dejector
994 2609 1069 2673 erat
1087 2600 1228 2674 forsitan
1246 2621 1315 2673 non
1331 2598 1500 2674 solvendo
1516 2597 1579 2696 (c),
1597 2599 1691 2673 omni
1709 2601 1863 2676 remedio
1883 2623 1920 2674 se

512 2722 710 2798 inveniebat
723 2719 780 2820 (s)
799 2725 995 2798 exclusum.

908 3041 1123 3116 TlTULUS
1152 3041 1313 3115 XXVII.
1337 3043 1407 3114 nt
1431 3039 1526 3139 (at).

851 3217 898 3289 De
915 3218 1082 3312 maleficias
1100 3217 1306 3290 cnansrtno
1320 3219 1501 3313 puniendis
1517 3216 1577 3315 (p).

1052 3417 1145 3466 rnna
1177 3417 1375 3468 aueusrus.

556 3573 667 3667 Super
692 3569 917 3644 incisionibus
940 3572 1101 3646 arborum
1131 3584 1167 3646 et
1191 3573 1489 3648 combustionibus
1525 3571 1705 3646 domorum
1732 3581 1767 3646 et
1796 3573 1917 3647 ceteris

509 3693 700 3784 maleficiis,
719 3716 790 3791 que
804 3696 894 3769 clam
912 3699 1090 3772 nocturnis
1107 3700 1317 3796 temporibus
1330 3699 1601 3785 committuntur,
1622 3697 1816 3790 generalem
1833 3719 1915 3772 oon·

544 3869 587 3953 (a)
609 3875 655 3934 lta
663 3875 696 3934 tu
704 3874 772 3936 eod.
780 3883 859 3936 tots
870 3881 901 3936 et
915 3877 946 3936 ln
959 3877 1118 3954 graecoln
1131 3878 1218 3940 edltls
1229 3877 1366 3940 omnlbm
1378 3874 1559 3938 datitutorce
1566 3869 1818 3951 ambutemus
1825 3881 1913 3936 recte.

544 3977 590 4060 (b)
615 3977 699 4056 (laod
708 3979 834 4042 retemm
847 3981 886 4043 ad
892 3981 982 4064 jaer.
994 3983 1104 4045 Graece
1119 3991 1165 4045 est
1183 3981 1256 4058 ἥτις,
1269 4001 1346 4064 quaa
1357 3983 1482 4046 retertur
1493 3981 1532 4044 ad
1544 3978 1711 4063 τραχύτητα.

545 4083 585 4166 (c)
610 4084 720 4147 Graece
739 4083 833 4170 εἴπερς
849 4087 928 4150 uude
941 4087 1017 4150 bene
1030 4091 1214 4167 interpretari
1228 4091 1295 4152 ltcet
1307 4089 1361 4152 etsi
1370 4090 1418 4152 vel
1430 4089 1536 4152 metim
1552 4089 1640 4152 aman
1650 4088 1687 4150 si.

543 4187 588 4271 (d)
610 4191 645 4252 ln
658 4206 763 4269 graeco
776 4199 875 4254 nutem
888 4194 998 4257 olarlus
1013 4213 1023 4257 a
1032 4211 1090 4275 per
1107 4213 1314 4278 mmeramme
1326 4196 1418 4279 ipitur
1429 4213 1549 4258 manum
1556 4195 1694 4275 pusaeo
1704 4191 1911 4264 ammonent.

503 4295 561 4356 aloc
573 4297 639 4378 pais
650 4297 741 4358 adm
752 4299 915 4361 commemo
927 4301 1077 4364 violentiae
1086 4303 1295 4386 aioeipaomm
1314 4300 1398 4366 ιἸΙωιι
1411 4303 1562 4384 receperit,
1572 4321 1593 4364 a
1604 4317 1763 4382 postem
1774 4297 1913 4381 epotum

503 4397 573 4484 [qne]
587 4399 671 4464 dbm
682 4420 852 4486 acupentu
864 4403 997 4484 ntuetr,
1011 4406 1172 4470 conditione
1180 4409 1342 4490 manentia
1355 4417 1470 4473 nostrae
1482 4407 1552 4492 lepis
1564 4414 1720 4490 amparet

544 4509 582 4588 (c)
610 4511 738 4574 Graece:
754 4510 772 4586 ἢ
786 4510 831 4573 τὸν
845 4511 1040 4597 χριωφιιλίτην
1054 4514 1118 4584 ἴσως
1131 4518 1291 4599 ἀποροῦντα,
1304 4515 1351 4582 ool
1362 4535 1427 4580 mot
1439 4515 1550 4580 mittor
1560 4517 1595 4578 t'tt
1606 4513 1738 4582 solvendo
1749 4511 1906 4596 deficiebal·

543 4616 595 4700 (s)
609 4619 822 4700 Corrigendnm
834 4624 974 4701 proponit
987 4623 1109 4686 Garoanl
1120 4625 1275 4688 cumiret.

542 4721 584 4807 (p)
606 4725 715 4789 Graece
730 4746 738 4788 ε
753 4725 892 4808 nefasto
908 4725 1014 4791 meto
1026 4727 1150 4794 damno.
