4298 5906
22 4556 28 4771 t

755 579 883 642 suem
911 577 1101 642 SICILIAE.
1575 577 1630 640 eol

219 715 353 788 siarum
372 736 479 810 penas
496 735 602 812 super
621 713 836 810 ponderibus
855 725 890 789 et
908 715 1078 788 mensuris
1095 735 1117 787 n
1135 711 1372 789 venditoribus
1393 733 1506 786 rerum
1527 721 1562 786 et
1580 713 1631 786 to·

219 839 396 914 cetoribus
412 861 596 937 operarum
615 841 758 934 exigere
776 839 830 936 (t)
846 862 889 914 ac
905 840 1181 914 irremissibiliter
1193 848 1422 935 extorquere;
1442 837 1576 932 quassi
1595 838 1630 909 iu

219 973 332 1037 totum
356 965 411 1038 vel
431 965 468 1037 in
487 975 619 1060 partem
641 965 853 1057 dimiserint,
874 964 919 1039 de
936 965 1037 1038 bouis
1054 965 1128 1040 suis
1145 965 1265 1060 procui
1285 962 1393 1038 dubio
1413 961 1496 1036 fison
1516 971 1631 1034 nostro

216 1089 430 1186 persolvent.
449 1090 633 1162 Habebunt
647 1100 761 1164 eutem
773 1090 868 1186 apud
881 1111 919 1164 se
933 1091 1041 1184 bajuli
1056 1088 1201 1185 predicti
1215 1109 1406 1173 mensuras,
1426 1085 1578 1182 pondera
1597 1095 1632 1159 et

216 1211 359 1286 assisins
377 1214 538 1310 scriptas,
557 1235 616 1310 per
632 1235 670 1286 se
688 1215 782 1310 ipsos
798 1223 833 1288 et
843 1213 981 1308 judices
996 1234 1078 1287 suos
1095 1234 1214 1285 meuse
1228 1211 1383 1308 quolibet
1397 1233 1477 1284 cum
1496 1233 1630 1283 summa

217 1336 400 1432 diligentia
423 1338 690 1434 perquirendas,
716 1339 844 1414 nediu
868 1339 1018 1434 grassari
1035 1340 1172 1412 valeant
1191 1359 1252 1434 per
1273 1338 1426 1432 ipsorum
1452 1335 1631 1430 negligen-

216 1461 301 1533 tiam
329 1471 608 1558 transgressores.
635 1465 745 1537 Peuas
771 1463 964 1537 bannorum
987 1464 1090 1536 etiam
1116 1462 1161 1536 ab
1184 1460 1316 1536 eisdem
1342 1461 1387 1536 de
1412 1461 1552 1534 oonsilio
1573 1465 1631 1552 jn·

217 1585 338 1660 dicum
357 1599 392 1661 et
416 1589 559 1662 aliorum
577 1597 772 1662 nostrorum
798 1589 863 1662 Ioci
884 1587 933 1686 (a)
956 1587 1110 1662 fidelium
1133 1609 1204 1661 non
1225 1587 1315 1660 ultra
1336 1585 1473 1658 unciam
1498 1606 1629 1682 ponen-

218 1709 283 1783 das
311 1711 360 1808 (b)
387 1711 531 1807 exigant
558 1721 592 1786 et
615 1713 690 1786 sine
713 1713 913 1786 remissione
936 1713 1089 1810 recipere
1114 1733 1182 1785 uon
1209 1711 1380 1784 omittant.
1408 1712 1459 1783 De
1481 1731 1628 1804 quorum

216 1835 414 1908 bannorum
446 1859 590 1912 numero
622 1839 695 1912 iore
721 1859 901 1911 censemus
928 1859 1034 1932 penas
1062 1858 1123 1932 per
1150 1837 1242 1931 ipsos
1267 1835 1423 1932 partibus
1450 1855 1564 1907 eoram
1594 1855 1631 1906 se

217 1959 432 2052 litigantibus
449 1961 668 2054 indicendae,
688 1984 758 2058 que
775 1965 887 2036 forsan
910 1959 1135 2034 irreverenter
1153 1960 1199 2034 ad
1217 1961 1311 2056 ipsos
1331 1959 1388 2032 vet
1409 1957 1558 2030 invicem
1577 1957 1630 2029 In-

216 2085 367 2158 solenter
393 2085 582 2178 injudicio
608 2087 812 2181 litigabunt3
839 2109 910 2182 que
936 2097 1050 2160 tamen
1076 2107 1166 2182 poue
1192 2085 1418 2180 quantitatem
1440 2082 1631 2178 augustalis

217 2209 324 2281 unius
342 2209 512 2306 pervices
528 2210 682 2306 singulas
696 2233 766 2286 uon
782 2210 966 2286 excedant.

619 2517 761 2590 LIBER
792 2517 827 2608 I,
858 2519 1062 2592 TITULUS
1091 2518 1223 2590 LXIX.

593 2691 644 2766 Dc
660 2705 866 2767 nomomento
883 2695 1062 2790 prestando
1079 2720 1102 2770 c
1121 2696 1254 2790 cajeta.

267 2868 379 2960 Bajuti
400 2869 552 2942 locomm
573 2879 608 2942 et
625 2869 765 2964 judices
787 2873 925 2968 publice
944 2894 1048 2970 super
1069 2894 1156 2970 pura
1174 2871 1309 2965 justitia
1329 2869 1553 2944 ministranda
1572 2892 1627 2944 sa·

218 3002 392 3066 eramenta
418 2994 641 3090 prestabant,
664 3017 733 3090 que
757 2997 941 3092 prestanda
961 3019 1024 3093 per
1042 2997 1223 3092 magistros
1240 2995 1445 3068 camerarios
1464 2993 1628 3090 premissa

218 3118 415 3192 constitutio
440 3127 556 3192 nostre
584 3119 737 3196 decrevit
757 3121 823 3219 (Ξ).
847 3123 936 3198 Iltud
963 3135 1077 3197 tamen
1101 3129 1313 3195 sacramento
1344 3119 1537 3213 bajulorum
1563 3139 1627 3192 ex-

218 3262 336 3336 presse
359 3241 513 3316 vidimus
542 3243 763 3318 iusereudum
792 3255 831 3318 ut
856 3269 964 3344 penas
988 3258 1023 3320 et
1051 3247 1196 3320 mulctas
1225 3244 1401 3319 veteribus
1429 3243 1566 3338 legibus
1593 3253 1627 3316 et

217 3367 343 3440 nostrin
359 3367 659 3441 constitutionibus
675 3371 957 3466 comprehensas,
979 3372 1024 3444 ab
1041 3371 1084 3444 iis
1098 3371 1160 3466 qui
1176 3371 1213 3442 in
1230 3391 1290 3444 eas
1305 3367 1504 3460 inciderint,
1526 3376 1627 3464 prout

219 3489 266 3562 ad
281 3489 432 3584 ipsorum
443 3490 717 3584 jurisdictionem
734 3515 840 3568 cause
858 3495 1028 3592 pertinere
1045 3504 1244 3580 noscuntur,
1262 3494 1347 3566 nulli
1363 3493 1503 3566 omuino
1517 3493 1624 3587 gretie

218 3621 253 3684 et
269 3611 390 3688 honori
414 3615 552 3711 penitus
571 3615 781 3702 deferentes.
798 3618 874 3693 sine
892 3617 1122 3694 diminutione
1138 3619 1315 3716 requirant
1333 3627 1368 3690 et
1387 3617 1554 3713 recipiant
1570 3637 1624 3690 re·

219 3737 374 3830 quisites.
1435 3751 1437 3754 ’

258 3937 301 4021 (a)
322 3941 356 4002 In
369 3943 520 4020 Impressts
528 3943 577 4007 hte
589 3931 707 4008 sddttur
718 3949 823 4030 repa&
835 3949 917 4029 quod
929 3955 1007 4011 certe
1020 3948 1162 4009 nbuudnt.

259 4043 299 4124 (t)
318 4047 368 4110 Stc
386 4048 578 4112 emendemus
599 4069 637 4113 ex
658 4053 725 4116 ood.
740 4055 882 4132 putettuo,
897 4072 986 4134 quem
1005 4057 1068 4135 tpse
1088 4055 1235 4118 demeum
1257 4053 1442 4134 sequendum
1459 4053 1622 4116 monet.1u

218 4151 301 4214 edttts
309 4151 535 4234 puniendorum,
550 4161 745 4222 veristmtltter
752 4160 965 4242 ponendorum.

254 4445 290 4517 It)
307 4447 369 4507 Vid.
381 4463 462 4524 supra
472 4459 557 4510 const.
573 4455 716 4526 Marianos
726 4455 958 4525 mechanicorum,
973 4475 1000 4531 p.
1015 4460 1076 4515 455.

254 4543 288 4616 [t]
305 4544 345 4604 ct.
360 4562 442 4622 supra
455 4549 483 4605 in
496 4550 632 4610 veteribus
642 4553 887 4626 constitutionibus,
902 4554 942 4612 tit.
955 4555 1041 4626 LXII,
1056 4573 1084 4630 p.
1101 4557 1146 4626 tt,
1161 4557 1205 4614 tr.

249 4849 251 4854 ¹
298 4819 350 4884 1v.
