4360 5908
535 592 597 658 294
1037 583 1251 646 narunnrcr
1275 585 1449 650 sncnunr
1764 591 1845 673 [an.
1863 593 1951 664 rma.

577 759 582 778 .
617 719 1010 806 (berchamestede
1021 715 1227 800 libranum.
1244 722 1363 804 1⁹,rcd
1375 724 1479 788 minna
1488 725 1619 806 lntcmc,
1634 729 1670 788 ut
1681 727 1853 809 ιηιιιιιιι)

584 884 781 960 Fridaricns
794 882 858 956 Dei
874 881 984 978 gratia
996 881 1229 955 Romanorum
1243 881 1444 980 imperator,
1471 884 1608 980 semper
1624 894 1810 980 augustus,
1830 887 1953 963 Hieru-

539 1011 646 1086 salem
663 1019 697 1083 et
714 1007 829 1082 Sicilie
847 1029 925 1080 rex.
945 1007 1011 1080 Per
1027 1027 1171 1104 presens
1188 1005 1355 1104 scriptum
1372 1015 1491 1082 notum
1509 1007 1583 1084 lieri
1601 1009 1763 1082 volumus
1780 1010 1953 1086 universis

537 1133 673 1233 imperii
687 1133 866 1222 fidelibus,
883 1141 967 1224 etc,
987 1129 1083 1227 qnod
1099 1131 1297 1206 Waltberus
1314 1131 1424 1206 abbas
1442 1127 1671 1222 Medlioensis‚
1693 1131 1807 1208 tidelm
1823 1145 1950 1230 noster,

536 1272 652 1337 nostre
669 1257 866 1334 celsitudini
884 1255 1093 1354 supplicavit
1109 1267 1281 1352 qnatenus
1305 1237 1509 1332 sententiam
1526 1259 1634 1334 latam
1652 1258 1847 1334 secundum
1868 1282 1952 1335 con·

537 1387 758 1462 suetudinem
771 1395 862 1458 terre
871 1384 960 1458 inter
970 1381 1133 1458 eumdem
1148 1383 1310 1458 abbatem
1327 1393 1364 1460 et
1375 1373 1953 1482 Seyiridumderalcbawecnper

537 1511 717 1608 questione
741 1508 882 1582 insimul
902 1505 1022 1580 habita
1046 1528 1161 1581 coram
1185 1507 1344 1581 Heinrico
1377 1506 1423 1582 de
1449 1505 1647 1601 Chunring,
1678 1517 1763 1580 tunc
1793 1509 1954 1606 temporis

535 1647 667 1711 rectora
683 1633 839 1725 Austric,
864 1629 1025 1706 debonis
1048 1633 1085 1705 in
1103 1631 1299 1708 basenveld
1318 1631 1495 1730 quoidam
1512 1633 1622 1707 abbas
1644 1641 1775 1708 emerat
1790 1655 1812 1706 a
1830 1635 1953 1709 comite

531 1759 583 1836 'de
597 1761 724 1856 Playcn
744 1757 815 1858 (l),
834 1767 901 1832 etc.
922 1756 1012 1854 (sic).

585 1885 712 1957 Datum
729 1884 895 1957 Ravenna
909 1904 1001 1957 anno
1017 1881 1191 1957 dominice
1203 1879 1448 1957 incarnationis
1463 1869 1678 1976 nicom,
1698 1903 1817 1958 mense
1829 1885 1953 1977 ianua·

538 2009 607 2102 rio,
628 2009 673 2083 lV
691 2007 879 2082 indictione
892 2005 981 2105 (ric).
1399 1991 1402 1996 ’
1770 2007 1773 2019 ’

394 2619 408 2650 ,
451 2618 490 2660 a,
593 2563 830 2674 inidoneus,
846 2563 1106 2650 Romanorum
1123 2561 1344 2673 imperator,
1363 2561 1415 2646 ad
1431 2587 1562 2674 proces
1579 2561 1767 2648 nobilium
1784 2563 1833 2647 de
1844 2561 1952 2648 Hiu-

379 2673 423 2707 ἠ
471 2693 477 2706 ’
539 2697 634 2810 berg
650 2700 691 2780 in
708 2699 892 2811 Nordgau
909 2699 1082 2782 concedit
1098 2705 1142 2782 nt
1156 2697 1260 2783 buna
1276 2697 1449 2809 ipsorum
1466 2697 1570 2808 apud
1586 2697 1796 2784 lldcbstidt
1811 2707 1850 2783 et
1864 2723 1952 2782 cas-

361 4349 490 4403 brennae,

371 4407 479 4454 lenurrln.

539 2843 644 2917 trum
673 2831 935 2918 Plalicnholcn
971 2857 1062 2917 cum
1092 2831 1272 2917 omnibus
1302 2831 1548 2943 pertinentiis·
1567 2830 1796 2945 juribusque
1825 2832 1951 2918 comiti

540 2966 703 3051 Henrico
729 2966 778 3050 de
805 2965 1025 3078 Ortenburg
1050 2963 1222 3077 obligare
1250 2965 1426 3076 ualeant,
1451 2965 1601 3050 ethaeo
1617 2966 1767 3078 imperii
1784 2966 1950 3052 leodain

540 3099 719 3186 manibus
735 3100 917 3211 praedicti
935 3100 1084 3186 comitis
1103 3125 1226 3212 usque
1244 3101 1295 3186 ad
1312 3101 1609 3212 redemptionem
1626 3109 1887 3212 permaneant.

620 3317 795 3400 (Memorat.
814 3335 864 3398 ap.
884 3319 1090 3396 normano,
1107 3315 1207 3382 uma.
1227 3315 1277 3382 der
1297 3267 1445 3402 pam
1464 3315 1566 3384 hem
1584 3315 1761 3404 Ortum,
1783 3336 1815 3402 p.
1840 3327 1891 3396 ot,
1912 3335 1949 3382 cx

658 3428 725 3490 cod.
739 3427 824 3491 MSS.
837 3427 918 3508 quud
931 3423 1175 3508 Gallircltvocat.)

588 3617 713 3689 Datum
737 3618 919 3708 Ravenna,
942 3635 1034 3690 anno
1062 3613 1252 3715 [dominice
1277 3611 1535 3716 incarnationis]
1560 3612 1806 3710 dccxxxi,
1835 3635 1948 3690 mense

538 3739 712 3833 januario,
733 3739 763 3812 V
781 3738 980 3814 indictione.

593 4299 826 4406 indanicos,
844 4298 1106 4383 Romanorum
1124 4295 1344 4407 imperator,
1359 4296 1460 4380 circs
1478 4295 1646 4381 Comadi
1664 4305 1848 4408 tanquam
1869 4319 1951 4404 spe-

541 4433 655 4517 ciales
672 4434 847 4518 homines
864 4443 902 4516 et
919 4433 1123 4544 piscatores
1145 4457 1236 4516 suos
1263 4428 1336 4516 sub
1367 4431 1599 4541 protectione
1624 4431 1772 4542 imperii
1798 4429 1947 4539 recipit,

540 4637 583 4653 -1
858 4635 1939 4651 uun-fflnoanu-—fl-c--n--t--d

519 4735 520 4738 ¹
576 4758 611 4832 (t)
629 4757 734 4815 Scilicet
746 4771 816 4815 anuo
829 4757 908 4827 ⁴229,
924 4755 946 4815 V
961 4755 1014 4814 kal.
1025 4755 1128 4832 aprilis.
1139 4755 1205 4817 Vide
1223 4755 1351 4828 llusrra,
1366 4755 1448 4828 ibid,
1461 4771 1491 4830 p.
1506 4759 1539 4812 to
1551 4761 1580 4814 et
1593 4755 1638 4812 ta.
