<?xml version="1.0" encoding="UTF-8"?>
<!DOCTYPE html PUBLIC "-//W3C//DTD XHTML 1.0 Transitional//EN"
    "http://www.w3.org/TR/xhtml1/DTD/xhtml1-transitional.dtd">
<html xmlns="http://www.w3.org/1999/xhtml" xml:lang="en" lang="en">
 <head>
  <title>
</title>
<meta http-equiv="Content-Type" content="text/html;charset=utf-8" />
  <meta name='ocr-system' content='tesseract 3.04.00' />
  <meta name='ocr-capabilities' content='ocr_page ocr_carea ocr_par ocr_line ocrx_word'/>
</head>
<body>
  <div class='ocr_page' id='page_1' title='image "./historiadiploma07fredgoog_0481.png"; bbox 0 0 4320 5918; ppageno 0'>
   <div class='ocr_carea' id='block_1_1' title="bbox 244 603 1655 692">
    <p class='ocr_par' dir='ltr' id='par_1_1' title="bbox 244 603 1655 692">
     <span class='ocr_line' id='line_1_1' title="bbox 244 603 1655 692; baseline -0.009 -12"><span class='ocrx_word' id='word_1_1' title='bbox 244 619 343 680; x_wconf 79' lang='lat' dir='ltr'>lrnrcr.</span> <span class='ocrx_word' id='word_1_2' title='bbox 360 614 403 692; x_wconf 90' lang='lat' dir='ltr'>&#39;l.]</span> <span class='ocrx_word' id='word_1_3' title='bbox 693 605 889 670; x_wconf 74' lang='lat' dir='ltr'><strong>HISTORIA</strong></span> <span class='ocrx_word' id='word_1_4' title='bbox 913 604 1206 668; x_wconf 76' lang='lat' dir='ltr'>birbomurlctt</span> <span class='ocrx_word' id='word_1_5' title='bbox 1594 603 1655 668; x_wconf 75' lang='lat'>⁴69</span> 
     </span>
    </p>
   </div>
   <div class='ocr_carea' id='block_1_2' title="bbox 239 739 1662 4338">
    <p class='ocr_par' dir='ltr' id='par_1_2' title="bbox 239 739 1662 4338">
     <span class='ocr_line' id='line_1_2' title="bbox 244 739 1652 844; baseline -0.009 -19"><span class='ocrx_word' id='word_1_6' title='bbox 244 773 323 824; x_wconf 95' lang='lat' dir='ltr'>rum</span> <span class='ocrx_word' id='word_1_7' title='bbox 339 746 563 844; x_wconf 81' lang='lat' dir='ltr'>inquisitione</span> <span class='ocrx_word' id='word_1_8' title='bbox 580 766 685 840; x_wconf 91' lang='lat' dir='ltr'>super</span> <span class='ocrx_word' id='word_1_9' title='bbox 703 743 866 840; x_wconf 78' lang='lat' dir='ltr'>predictis</span> <span class='ocrx_word' id='word_1_10' title='bbox 882 746 971 818; x_wconf 91' lang='lat' dir='ltr'>facta</span> <span class='ocrx_word' id='word_1_11' title='bbox 986 753 1021 818; x_wconf 92' lang='lat' dir='ltr'>et</span> <span class='ocrx_word' id='word_1_12' title='bbox 1036 743 1082 818; x_wconf 92' lang='lat' dir='ltr'>ad</span> <span class='ocrx_word' id='word_1_13' title='bbox 1098 765 1162 816; x_wconf 89' lang='lat' dir='ltr'>nos</span> <span class='ocrx_word' id='word_1_14' title='bbox 1179 741 1246 815; x_wconf 92' lang='lat' dir='ltr'>sub</span> <span class='ocrx_word' id='word_1_15' title='bbox 1263 762 1382 814; x_wconf 89' lang='lat' dir='ltr'>eorum</span> <span class='ocrx_word' id='word_1_16' title='bbox 1400 739 1520 835; x_wconf 80' lang='lat' dir='ltr'>sigillis</span> <span class='ocrx_word' id='word_1_17' title='bbox 1534 749 1652 813; x_wconf 76' lang='lat' dir='ltr'>bans-</span> 
     </span>
     <span class='ocr_line' id='line_1_3' title="bbox 245 863 1654 967; baseline -0.007 -18"><span class='ocrx_word' id='word_1_18' title='bbox 245 877 363 967; x_wconf 87' lang='lat' dir='ltr'>missa,</span> <span class='ocrx_word' id='word_1_19' title='bbox 381 872 543 946; x_wconf 89' lang='lat' dir='ltr'>veniente</span> <span class='ocrx_word' id='word_1_20' title='bbox 561 869 781 965; x_wconf 91' lang='lat' dir='ltr'>postmodnm</span> <span class='ocrx_word' id='word_1_21' title='bbox 797 869 892 967; x_wconf 92' lang='lat' dir='ltr'>apud</span> <span class='ocrx_word' id='word_1_22' title='bbox 910 871 1112 943; x_wconf 81' lang='lat' dir='ltr'>Surrentum</span> <span class='ocrx_word' id='word_1_23' title='bbox 1125 867 1289 963; x_wconf 79' lang='lat' dir='ltr'>magistro</span> <span class='ocrx_word' id='word_1_24' title='bbox 1302 865 1473 939; x_wconf 86' lang='lat' dir='ltr'>llobberto</span> <span class='ocrx_word' id='word_1_25' title='bbox 1487 863 1532 938; x_wconf 92' lang='lat' dir='ltr'>de</span> <span class='ocrx_word' id='word_1_26' title='bbox 1544 865 1654 939; x_wconf 88' lang='lat' dir='ltr'>Tocco</span> 
     </span>
     <span class='ocr_line' id='line_1_4' title="bbox 245 989 1655 1093; baseline -0.007 -22"><span class='ocrx_word' id='word_1_27' title='bbox 245 993 695 1093; x_wconf 87' lang='lat' dir='ltr'>injustitiariatujndioeet</span> <span class='ocrx_word' id='word_1_28' title='bbox 698 1046 1165 1068; x_wconf 92' lang='grc'><strong>...............</strong></span> <span class='ocrx_word' id='word_1_29' title='bbox 1184 1015 1263 1064; x_wconf 90' lang='lat' dir='ltr'>mus</span> <span class='ocrx_word' id='word_1_30' title='bbox 1277 992 1351 1064; x_wconf 91' lang='lat' dir='ltr'>fore</span> <span class='ocrx_word' id='word_1_31' title='bbox 1365 989 1545 1086; x_wconf 92' lang='lat' dir='ltr'>probatum</span> <span class='ocrx_word' id='word_1_32' title='bbox 1559 989 1655 1086; x_wconf 90' lang='lat' dir='ltr'>quod</span> 
     </span>
     <span class='ocr_line' id='line_1_5' title="bbox 244 1118 1656 1217; baseline -0.007 -21"><span class='ocrx_word' id='word_1_33' title='bbox 244 1124 404 1197; x_wconf 91' lang='lat' dir='ltr'>homines</span> <span class='ocrx_word' id='word_1_34' title='bbox 425 1119 572 1217; x_wconf 90' lang='lat' dir='ltr'>predicti</span> <span class='ocrx_word' id='word_1_35' title='bbox 594 1119 792 1192; x_wconf 88' lang='lat' dir='ltr'>monasterii</span> <span class='ocrx_word' id='word_1_36' title='bbox 811 1119 1016 1214; x_wconf 83' lang='lat' dir='ltr'>infrascripti</span> <span class='ocrx_word' id='word_1_37' title='bbox 1032 1139 1121 1214; x_wconf 92' lang='lat' dir='ltr'>quos</span> <span class='ocrx_word' id='word_1_38' title='bbox 1138 1127 1232 1192; x_wconf 88' lang='lat' dir='ltr'>tenet</span> <span class='ocrx_word' id='word_1_39' title='bbox 1251 1118 1287 1188; x_wconf 93' lang='lat' dir='ltr'>in</span> <span class='ocrx_word' id='word_1_40' title='bbox 1303 1118 1432 1205; x_wconf 83' lang='lat' dir='ltr'>llocea,</span> <span class='ocrx_word' id='word_1_41' title='bbox 1454 1137 1524 1188; x_wconf 93' lang='lat' dir='ltr'>non</span> <span class='ocrx_word' id='word_1_42' title='bbox 1540 1123 1656 1188; x_wconf 92' lang='lat' dir='ltr'>tenent</span> 
     </span>
     <span class='ocr_line' id='line_1_6' title="bbox 239 1239 1653 1340; baseline -0.009 -17"><span class='ocrx_word' id='word_1_43' title='bbox 239 1271 267 1322; x_wconf 90' lang='grc' dir='ltr'>Ι1</span> <span class='ocrx_word' id='word_1_44' title='bbox 284 1248 425 1322; x_wconf 91' lang='lat' dir='ltr'>domiuo</span> <span class='ocrx_word' id='word_1_45' title='bbox 445 1247 650 1340; x_wconf 82' lang='lat' dir='ltr'>imperatore</span> <span class='ocrx_word' id='word_1_46' title='bbox 670 1243 737 1316; x_wconf 93' lang='lat' dir='ltr'>nisi</span> <span class='ocrx_word' id='word_1_47' title='bbox 755 1243 800 1318; x_wconf 94' lang='lat' dir='ltr'>de</span> <span class='ocrx_word' id='word_1_48' title='bbox 814 1243 1087 1340; x_wconf 87' lang='lat' dir='ltr'>possessionibus</span> <span class='ocrx_word' id='word_1_49' title='bbox 1103 1253 1138 1316; x_wconf 91' lang='lat' dir='ltr'>et</span> <span class='ocrx_word' id='word_1_50' title='bbox 1155 1244 1256 1316; x_wconf 90' lang='lat' dir='ltr'>bonis</span> <span class='ocrx_word' id='word_1_51' title='bbox 1272 1240 1429 1335; x_wconf 87' lang='lat' dir='ltr'>ejusdem</span> <span class='ocrx_word' id='word_1_52' title='bbox 1444 1239 1653 1332; x_wconf 90' lang='lat' dir='ltr'>monasterii,</span> 
     </span>
     <span class='ocr_line' id='line_1_7' title="bbox 246 1365 1656 1468; baseline -0.006 -22"><span class='ocrx_word' id='word_1_53' title='bbox 246 1381 360 1468; x_wconf 88' lang='lat' dir='ltr'>preter</span> <span class='ocrx_word' id='word_1_54' title='bbox 376 1369 547 1466; x_wconf 90' lang='lat' dir='ltr'>quosdam</span> <span class='ocrx_word' id='word_1_55' title='bbox 562 1369 650 1442; x_wconf 88' lang='lat' dir='ltr'>infra</span> <span class='ocrx_word' id='word_1_56' title='bbox 664 1377 799 1442; x_wconf 90' lang='lat' dir='ltr'>notatos</span> <span class='ocrx_word' id='word_1_57' title='bbox 821 1369 883 1463; x_wconf 89' lang='lat' dir='ltr'>qui</span> <span class='ocrx_word' id='word_1_58' title='bbox 899 1377 1015 1442; x_wconf 88' lang='lat' dir='ltr'>tenent</span> <span class='ocrx_word' id='word_1_59' title='bbox 1031 1389 1052 1442; x_wconf 88' lang='lat' dir='ltr'>a</span> <span class='ocrx_word' id='word_1_60' title='bbox 1069 1367 1210 1443; x_wconf 91' lang='lat' dir='ltr'>domino</span> <span class='ocrx_word' id='word_1_61' title='bbox 1229 1368 1433 1464; x_wconf 86' lang='lat' dir='ltr'>imperatore</span> <span class='ocrx_word' id='word_1_62' title='bbox 1446 1375 1480 1438; x_wconf 91' lang='lat' dir='ltr'>et</span> <span class='ocrx_word' id='word_1_63' title='bbox 1493 1374 1575 1437; x_wconf 89' lang='lat' dir='ltr'>snut</span> <span class='ocrx_word' id='word_1_64' title='bbox 1589 1365 1656 1438; x_wconf 91' lang='lat' dir='ltr'>bo-</span> 
     </span>
     <span class='ocr_line' id='line_1_8' title="bbox 244 1491 1657 1586; baseline -0.006 -16"><span class='ocrx_word' id='word_1_65' title='bbox 244 1498 359 1571; x_wconf 91' lang='lat' dir='ltr'>mines</span> <span class='ocrx_word' id='word_1_66' title='bbox 378 1504 414 1569; x_wconf 89' lang='lat' dir='ltr'>et</span> <span class='ocrx_word' id='word_1_67' title='bbox 435 1495 574 1569; x_wconf 84' lang='lat' dir='ltr'>vassalli</span> <span class='ocrx_word' id='word_1_68' title='bbox 594 1494 790 1568; x_wconf 88' lang='lat' dir='ltr'>monasterii</span> <span class='ocrx_word' id='word_1_69' title='bbox 809 1515 923 1567; x_wconf 93' lang='lat' dir='ltr'>memo</span> <span class='ocrx_word' id='word_1_70' title='bbox 927 1545 1403 1567; x_wconf 87' lang='grc'><strong>...............</strong></span> <span class='ocrx_word' id='word_1_71' title='bbox 1431 1491 1657 1586; x_wconf 85' lang='lat' dir='ltr'>infrascriptis</span> 
     </span>
     <span class='ocr_line' id='line_1_9' title="bbox 246 1615 1656 1716; baseline -0.004 -22"><span class='ocrx_word' id='word_1_72' title='bbox 246 1622 309 1716; x_wconf 93' lang='lat' dir='ltr'>qui</span> <span class='ocrx_word' id='word_1_73' title='bbox 322 1621 451 1694; x_wconf 89' lang='lat' dir='ltr'>habent</span> <span class='ocrx_word' id='word_1_74' title='bbox 466 1629 501 1693; x_wconf 90' lang='lat' dir='ltr'>et</span> <span class='ocrx_word' id='word_1_75' title='bbox 519 1628 635 1693; x_wconf 88' lang='lat' dir='ltr'>tenent</span> <span class='ocrx_word' id='word_1_76' title='bbox 650 1618 885 1714; x_wconf 88' lang='lat' dir='ltr'>possessiones</span> <span class='ocrx_word' id='word_1_77' title='bbox 901 1618 1085 1693; x_wconf 85' lang='lat' dir='ltr'>incartatas</span> <span class='ocrx_word' id='word_1_78' title='bbox 1104 1641 1125 1692; x_wconf 90' lang='lat' dir='ltr'>a</span> <span class='ocrx_word' id='word_1_79' title='bbox 1138 1616 1349 1714; x_wconf 88' lang='lat' dir='ltr'>quibusdam</span> <span class='ocrx_word' id='word_1_80' title='bbox 1363 1616 1528 1690; x_wconf 82' lang='lat' dir='ltr'>militibus</span> <span class='ocrx_word' id='word_1_81' title='bbox 1540 1615 1656 1690; x_wconf 86' lang='lat' dir='ltr'>Sancti</span> 
     </span>
     <span class='ocr_line' id='line_1_10' title="bbox 247 1742 1657 1839; baseline -0.002 -21"><span class='ocrx_word' id='word_1_82' title='bbox 247 1746 380 1839; x_wconf 90' lang='lat' dir='ltr'>Severi,</span> <span class='ocrx_word' id='word_1_83' title='bbox 396 1745 510 1818; x_wconf 91' lang='lat' dir='ltr'>Sancti</span> <span class='ocrx_word' id='word_1_84' title='bbox 523 1744 672 1838; x_wconf 78' lang='lat' dir='ltr'>Georgii,</span> <span class='ocrx_word' id='word_1_85' title='bbox 684 1743 841 1838; x_wconf 79' lang='lat' dir='ltr'>eJnsdem</span> <span class='ocrx_word' id='word_1_86' title='bbox 852 1744 963 1818; x_wconf 87' lang='lat' dir='ltr'>lloece</span> <span class='ocrx_word' id='word_1_87' title='bbox 976 1753 1010 1817; x_wconf 88' lang='lat' dir='ltr'>et</span> <span class='ocrx_word' id='word_1_88' title='bbox 1022 1745 1182 1833; x_wconf 91' lang='lat' dir='ltr'>Nucerie,</span> <span class='ocrx_word' id='word_1_89' title='bbox 1196 1744 1258 1838; x_wconf 94' lang='lat' dir='ltr'>qui</span> <span class='ocrx_word' id='word_1_90' title='bbox 1270 1751 1435 1837; x_wconf 91' lang='lat' dir='ltr'>tanquam</span> <span class='ocrx_word' id='word_1_91' title='bbox 1448 1742 1657 1816; x_wconf 86' lang='lat' dir='ltr'>laboratores</span> 
     </span>
     <span class='ocr_line' id='line_1_11' title="bbox 246 1865 1657 1966; baseline -0.004 -21"><span class='ocrx_word' id='word_1_92' title='bbox 246 1871 401 1945; x_wconf 89' lang='lat' dir='ltr'>reddunt</span> <span class='ocrx_word' id='word_1_93' title='bbox 415 1870 516 1944; x_wconf 90' lang='lat' dir='ltr'>dictis</span> <span class='ocrx_word' id='word_1_94' title='bbox 538 1868 706 1942; x_wconf 93' lang='lat' dir='ltr'>militibus</span> <span class='ocrx_word' id='word_1_95' title='bbox 722 1868 941 1943; x_wconf 90' lang='lat' dir='ltr'>medietatem</span> <span class='ocrx_word' id='word_1_96' title='bbox 957 1869 1118 1943; x_wconf 93' lang='lat' dir='ltr'>debonis</span> <span class='ocrx_word' id='word_1_97' title='bbox 1143 1869 1295 1966; x_wconf 87' lang='lat' dir='ltr'>ipsarum</span> <span class='ocrx_word' id='word_1_98' title='bbox 1317 1867 1572 1964; x_wconf 87' lang='lat' dir='ltr'>possessionum</span> <span class='ocrx_word' id='word_1_99' title='bbox 1595 1865 1657 1940; x_wconf 92' lang='lat' dir='ltr'>de·</span> 
     </span>
     <span class='ocr_line' id='line_1_12' title="bbox 248 1993 1660 2092; baseline -0.001 -24"><span class='ocrx_word' id='word_1_100' title='bbox 248 2018 354 2092; x_wconf 93' lang='lat' dir='ltr'>super</span> <span class='ocrx_word' id='word_1_101' title='bbox 381 2005 416 2070; x_wconf 91' lang='lat' dir='ltr'>et</span> <span class='ocrx_word' id='word_1_102' title='bbox 444 1996 555 2091; x_wconf 91' lang='lat' dir='ltr'>desnp</span> <span class='ocrx_word' id='word_1_103' title='bbox 559 2047 898 2068; x_wconf 91' lang='grc'><strong>...........</strong></span> <span class='ocrx_word' id='word_1_104' title='bbox 923 1993 1070 2090; x_wconf 79' lang='lat' dir='ltr'>gallinas</span> <span class='ocrx_word' id='word_1_105' title='bbox 1074 2047 1316 2068; x_wconf 91' lang='grc'><strong>........</strong></span> <span class='ocrx_word' id='word_1_106' title='bbox 1340 2003 1495 2084; x_wconf 89' lang='lat' dir='ltr'>tarenos;</span> <span class='ocrx_word' id='word_1_107' title='bbox 1530 1993 1660 2068; x_wconf 89' lang='lat' dir='ltr'>debent</span> 
     </span>
     <span class='ocr_line' id='line_1_13' title="bbox 248 2117 1659 2221; baseline -0.001 -29"><span class='ocrx_word' id='word_1_108' title='bbox 248 2120 352 2192; x_wconf 79' lang='grc'>11111]</span> <span class='ocrx_word' id='word_1_109' title='bbox 366 2119 497 2196; x_wconf 88' lang='lat' dir='ltr'>nutrire</span> <span class='ocrx_word' id='word_1_110' title='bbox 516 2117 622 2194; x_wconf 94' lang='lat' dir='ltr'>iidem</span> <span class='ocrx_word' id='word_1_111' title='bbox 637 2119 793 2193; x_wconf 89' lang='lat' dir='ltr'>homines</span> <span class='ocrx_word' id='word_1_112' title='bbox 805 2120 966 2192; x_wconf 91' lang='lat' dir='ltr'>nuntium</span> <span class='ocrx_word' id='word_1_113' title='bbox 979 2141 1098 2194; x_wconf 91' lang='lat' dir='ltr'>eornm</span> <span class='ocrx_word' id='word_1_114' title='bbox 1114 2119 1278 2214; x_wconf 90' lang='lat' dir='ltr'>aquibus</span> <span class='ocrx_word' id='word_1_115' title='bbox 1294 2126 1410 2192; x_wconf 89' lang='lat' dir='ltr'>tenent</span> <span class='ocrx_word' id='word_1_116' title='bbox 1426 2127 1552 2221; x_wconf 78' lang='lat' dir='ltr'>terras,</span> <span class='ocrx_word' id='word_1_117' title='bbox 1572 2138 1659 2213; x_wconf 87' lang='lat' dir='ltr'>qno-</span> 
     </span>
     <span class='ocr_line' id='line_1_14' title="bbox 248 2241 1660 2340; baseline 0 -24"><span class='ocrx_word' id='word_1_118' title='bbox 248 2243 339 2318; x_wconf 91' lang='lat' dir='ltr'>tieus</span> <span class='ocrx_word' id='word_1_119' title='bbox 354 2243 449 2319; x_wconf 91' lang='lat' dir='ltr'>vadit</span> <span class='ocrx_word' id='word_1_120' title='bbox 462 2241 509 2318; x_wconf 91' lang='lat' dir='ltr'>ad</span> <span class='ocrx_word' id='word_1_121' title='bbox 524 2243 794 2338; x_wconf 79' lang='lat' dir='ltr'>recolligendum</span> <span class='ocrx_word' id='word_1_122' title='bbox 808 2243 958 2318; x_wconf 90' lang='lat' dir='ltr'>victuale</span> <span class='ocrx_word' id='word_1_123' title='bbox 974 2255 1008 2318; x_wconf 91' lang='lat' dir='ltr'>et</span> <span class='ocrx_word' id='word_1_124' title='bbox 1021 2253 1173 2317; x_wconf 91' lang='lat' dir='ltr'>mustum</span> <span class='ocrx_word' id='word_1_125' title='bbox 1187 2242 1232 2317; x_wconf 90' lang='lat' dir='ltr'>de</span> <span class='ocrx_word' id='word_1_126' title='bbox 1246 2243 1523 2340; x_wconf 87' lang='lat' dir='ltr'>possessionibus</span> <span class='ocrx_word' id='word_1_127' title='bbox 1539 2263 1660 2339; x_wconf 86' lang='lat' dir='ltr'>snpra·</span> 
     </span>
     <span class='ocr_line' id='line_1_15' title="bbox 249 2367 1659 2466; baseline -0.003 -22"><span class='ocrx_word' id='word_1_128' title='bbox 249 2368 372 2460; x_wconf 91' lang='lat' dir='ltr'>dictis,</span> <span class='ocrx_word' id='word_1_129' title='bbox 390 2367 481 2444; x_wconf 87' lang='lat' dir='ltr'>sient</span> <span class='ocrx_word' id='word_1_130' title='bbox 501 2369 538 2442; x_wconf 95' lang='lat' dir='ltr'>in</span> <span class='ocrx_word' id='word_1_131' title='bbox 559 2389 680 2443; x_wconf 93' lang='lat' dir='ltr'>eornm</span> <span class='ocrx_word' id='word_1_132' title='bbox 701 2370 937 2444; x_wconf 88' lang='lat' dir='ltr'>instrumentis</span> <span class='ocrx_word' id='word_1_133' title='bbox 957 2370 1093 2466; x_wconf 87' lang='lat' dir='ltr'>plenius</span> <span class='ocrx_word' id='word_1_134' title='bbox 1115 2368 1270 2442; x_wconf 91' lang='lat' dir='ltr'>vidimus</span> <span class='ocrx_word' id='word_1_135' title='bbox 1291 2369 1471 2442; x_wconf 89' lang='lat' dir='ltr'>contineri.</span> <span class='ocrx_word' id='word_1_136' title='bbox 1487 2368 1553 2441; x_wconf 91' lang='lat' dir='ltr'>Pro</span> <span class='ocrx_word' id='word_1_137' title='bbox 1574 2389 1659 2464; x_wconf 91' lang='lat' dir='ltr'>pos-</span> 
     </span>
     <span class='ocr_line' id='line_1_16' title="bbox 249 2493 1659 2590; baseline -0.001 -22"><span class='ocrx_word' id='word_1_138' title='bbox 249 2494 462 2568; x_wconf 91' lang='lat' dir='ltr'>sessionibus</span> <span class='ocrx_word' id='word_1_139' title='bbox 479 2515 566 2568; x_wconf 88' lang='lat' dir='ltr'>voro</span> <span class='ocrx_word' id='word_1_140' title='bbox 583 2514 653 2567; x_wconf 95' lang='lat' dir='ltr'>non</span> <span class='ocrx_word' id='word_1_141' title='bbox 667 2515 758 2590; x_wconf 92' lang='lat' dir='ltr'>eque</span> <span class='ocrx_word' id='word_1_142' title='bbox 779 2494 880 2568; x_wconf 92' lang='lat' dir='ltr'>bonis</span> <span class='ocrx_word' id='word_1_143' title='bbox 894 2495 1054 2570; x_wconf 79' lang='lat' dir='ltr'>reddunt</span> <span class='ocrx_word' id='word_1_144' title='bbox 1070 2494 1287 2568; x_wconf 89' lang='lat' dir='ltr'>medietatem</span> <span class='ocrx_word' id='word_1_145' title='bbox 1302 2495 1490 2587; x_wconf 90' lang='lat' dir='ltr'>fructuum,</span> <span class='ocrx_word' id='word_1_146' title='bbox 1510 2493 1659 2590; x_wconf 87' lang='lat' dir='ltr'>desuper</span> 
     </span>
     <span class='ocr_line' id='line_1_17' title="bbox 249 2619 1656 2714; baseline -0.001 -22"><span class='ocrx_word' id='word_1_147' title='bbox 249 2629 284 2692; x_wconf 92' lang='lat' dir='ltr'>et</span> <span class='ocrx_word' id='word_1_148' title='bbox 298 2619 420 2692; x_wconf 91' lang='lat' dir='ltr'>subtus</span> <span class='ocrx_word' id='word_1_149' title='bbox 434 2619 630 2693; x_wconf 87' lang='lat' dir='ltr'>terraticum</span> <span class='ocrx_word' id='word_1_150' title='bbox 644 2641 725 2692; x_wconf 95' lang='lat' dir='ltr'>cum</span> <span class='ocrx_word' id='word_1_151' title='bbox 735 2619 874 2695; x_wconf 92' lang='lat' dir='ltr'>redditu</span> <span class='ocrx_word' id='word_1_152' title='bbox 885 2630 1002 2694; x_wconf 91' lang='lat' dir='ltr'>tamen</span> <span class='ocrx_word' id='word_1_153' title='bbox 1015 2621 1232 2714; x_wconf 81' lang='lat' dir='ltr'>gallinarum,</span> <span class='ocrx_word' id='word_1_154' title='bbox 1245 2630 1440 2695; x_wconf 88' lang='lat' dir='ltr'>tarenorum</span> <span class='ocrx_word' id='word_1_155' title='bbox 1454 2629 1489 2693; x_wconf 88' lang='lat' dir='ltr'>et</span> <span class='ocrx_word' id='word_1_156' title='bbox 1499 2640 1656 2693; x_wconf 91' lang='lat' dir='ltr'>ovorum.</span> 
     </span>
     <span class='ocr_line' id='line_1_18' title="bbox 249 2743 1658 2842; baseline -0.002 -24"><span class='ocrx_word' id='word_1_157' title='bbox 249 2745 319 2818; x_wconf 89' lang='lat' dir='ltr'>Nos</span> <span class='ocrx_word' id='word_1_158' title='bbox 333 2745 450 2840; x_wconf 88' lang='lat' dir='ltr'>itaque</span> <span class='ocrx_word' id='word_1_159' title='bbox 465 2743 695 2839; x_wconf 89' lang='lat' dir='ltr'>justiciarius,</span> <span class='ocrx_word' id='word_1_160' title='bbox 719 2744 802 2839; x_wconf 90' lang='lat' dir='ltr'>qnia</span> <span class='ocrx_word' id='word_1_161' title='bbox 819 2765 881 2842; x_wconf 91' lang='lat' dir='ltr'>per</span> <span class='ocrx_word' id='word_1_162' title='bbox 902 2746 1030 2819; x_wconf 89' lang='lat' dir='ltr'>dictam</span> <span class='ocrx_word' id='word_1_163' title='bbox 1050 2747 1307 2841; x_wconf 90' lang='lat' dir='ltr'>inquisitionem</span> <span class='ocrx_word' id='word_1_164' title='bbox 1321 2753 1361 2816; x_wconf 92' lang='lat' dir='ltr'>ut</span> <span class='ocrx_word' id='word_1_165' title='bbox 1378 2744 1510 2816; x_wconf 90' lang='lat' dir='ltr'>dictum</span> <span class='ocrx_word' id='word_1_166' title='bbox 1529 2751 1583 2817; x_wconf 91' lang='lat' dir='ltr'>est</span> <span class='ocrx_word' id='word_1_167' title='bbox 1605 2743 1658 2816; x_wconf 95' lang='lat' dir='ltr'>in-</span> 
     </span>
     <span class='ocr_line' id='line_1_19' title="bbox 249 2868 1661 2966; baseline 0 -24"><span class='ocrx_word' id='word_1_168' title='bbox 249 2869 412 2942; x_wconf 82' lang='lat' dir='ltr'>venimus</span> <span class='ocrx_word' id='word_1_169' title='bbox 431 2869 503 2942; x_wconf 91' lang='lat' dir='ltr'>fore</span> <span class='ocrx_word' id='word_1_170' title='bbox 524 2868 705 2966; x_wconf 89' lang='lat' dir='ltr'>probatum</span> <span class='ocrx_word' id='word_1_171' title='bbox 724 2869 820 2964; x_wconf 90' lang='lat' dir='ltr'>quod</span> <span class='ocrx_word' id='word_1_172' title='bbox 844 2869 1049 2965; x_wconf 83' lang='lat' dir='ltr'>infrascripti</span> <span class='ocrx_word' id='word_1_173' title='bbox 1075 2870 1230 2944; x_wconf 89' lang='lat' dir='ltr'>homines</span> <span class='ocrx_word' id='word_1_174' title='bbox 1258 2868 1373 2942; x_wconf 91' lang='lat' dir='ltr'>omnia</span> <span class='ocrx_word' id='word_1_175' title='bbox 1400 2889 1470 2962; x_wconf 91' lang='lat' dir='ltr'>que</span> <span class='ocrx_word' id='word_1_176' title='bbox 1493 2877 1610 2942; x_wconf 89' lang='lat' dir='ltr'>tenent</span> <span class='ocrx_word' id='word_1_177' title='bbox 1639 2889 1661 2942; x_wconf 89' lang='grc'>1</span> 
     </span>
     <span class='ocr_line' id='line_1_20' title="bbox 250 2992 1660 3090; baseline -0.001 -23"><span class='ocrx_word' id='word_1_178' title='bbox 250 2992 344 3067; x_wconf 90' lang='lat' dir='ltr'>dicto</span> <span class='ocrx_word' id='word_1_179' title='bbox 361 2994 569 3068; x_wconf 89' lang='lat' dir='ltr'>monasterio</span> <span class='ocrx_word' id='word_1_180' title='bbox 596 3003 631 3067; x_wconf 87' lang='lat' dir='ltr'>et</span> <span class='ocrx_word' id='word_1_181' title='bbox 654 2992 762 3066; x_wconf 90' lang='lat' dir='ltr'>nichil</span> <span class='ocrx_word' id='word_1_182' title='bbox 785 3003 903 3068; x_wconf 90' lang='lat' dir='ltr'>tenent</span> <span class='ocrx_word' id='word_1_183' title='bbox 927 3016 948 3068; x_wconf 92' lang='grc'>1</span> <span class='ocrx_word' id='word_1_184' title='bbox 973 2994 1113 3068; x_wconf 91' lang='lat' dir='ltr'>domino</span> <span class='ocrx_word' id='word_1_185' title='bbox 1140 2995 1360 3089; x_wconf 89' lang='lat' dir='ltr'>imperatore,</span> <span class='ocrx_word' id='word_1_186' title='bbox 1385 2994 1540 3090; x_wconf 82' lang='lat' dir='ltr'>exceptis</span> <span class='ocrx_word' id='word_1_187' title='bbox 1562 2994 1660 3066; x_wconf 87' lang='lat' dir='ltr'>terris</span> 
     </span>
     <span class='ocr_line' id='line_1_21' title="bbox 250 3117 1659 3214; baseline 0 -24"><span class='ocrx_word' id='word_1_188' title='bbox 250 3117 343 3191; x_wconf 90' lang='lat' dir='ltr'>dicto</span> <span class='ocrx_word' id='word_1_189' title='bbox 358 3117 465 3192; x_wconf 93' lang='lat' dir='ltr'>modo</span> <span class='ocrx_word' id='word_1_190' title='bbox 483 3118 671 3210; x_wconf 84' lang='lat' dir='ltr'>incantatis,</span> <span class='ocrx_word' id='word_1_191' title='bbox 690 3117 807 3192; x_wconf 86' lang='lat' dir='ltr'>habito</span> <span class='ocrx_word' id='word_1_192' title='bbox 825 3118 1021 3192; x_wconf 89' lang='lat' dir='ltr'>inclitorum</span> <span class='ocrx_word' id='word_1_193' title='bbox 1038 3117 1188 3214; x_wconf 92' lang='lat' dir='ltr'>plurium</span> <span class='ocrx_word' id='word_1_194' title='bbox 1201 3129 1236 3192; x_wconf 90' lang='lat' dir='ltr'>et</span> <span class='ocrx_word' id='word_1_195' title='bbox 1258 3117 1413 3192; x_wconf 88' lang='lat' dir='ltr'>fidelium</span> <span class='ocrx_word' id='word_1_196' title='bbox 1432 3117 1565 3192; x_wconf 94' lang='lat' dir='ltr'>domini</span> <span class='ocrx_word' id='word_1_197' title='bbox 1585 3117 1659 3190; x_wconf 92' lang='lat' dir='ltr'>im-</span> 
     </span>
     <span class='ocr_line' id='line_1_22' title="bbox 248 3242 1659 3340; baseline 0.001 -24"><span class='ocrx_word' id='word_1_198' title='bbox 248 3244 416 3340; x_wconf 88' lang='lat' dir='ltr'>peratoris</span> <span class='ocrx_word' id='word_1_199' title='bbox 434 3243 591 3340; x_wconf 81' lang='lat' dir='ltr'>diligenti</span> <span class='ocrx_word' id='word_1_200' title='bbox 608 3243 767 3337; x_wconf 87' lang='lat' dir='ltr'>consilio,</span> <span class='ocrx_word' id='word_1_201' title='bbox 788 3242 1006 3318; x_wconf 87' lang='lat' dir='ltr'>decrevimus</span> <span class='ocrx_word' id='word_1_202' title='bbox 1026 3243 1123 3338; x_wconf 91' lang='lat' dir='ltr'>quod</span> <span class='ocrx_word' id='word_1_203' title='bbox 1144 3242 1250 3318; x_wconf 93' lang='lat' dir='ltr'>iidem</span> <span class='ocrx_word' id='word_1_204' title='bbox 1272 3243 1428 3317; x_wconf 92' lang='lat' dir='ltr'>homines</span> <span class='ocrx_word' id='word_1_205' title='bbox 1453 3244 1659 3339; x_wconf 88' lang='lat' dir='ltr'>infrascripti</span> 
     </span>
     <span class='ocr_line' id='line_1_23' title="bbox 247 3367 1657 3460; baseline 0.002 -20"><span class='ocrx_word' id='word_1_206' title='bbox 247 3389 319 3441; x_wconf 91' lang='lat' dir='ltr'>nou</span> <span class='ocrx_word' id='word_1_207' title='bbox 344 3369 521 3442; x_wconf 90' lang='lat' dir='ltr'>conferant</span> <span class='ocrx_word' id='word_1_208' title='bbox 544 3390 624 3441; x_wconf 91' lang='lat' dir='ltr'>cum</span> <span class='ocrx_word' id='word_1_209' title='bbox 649 3367 849 3442; x_wconf 91' lang='lat' dir='ltr'>hominibus</span> <span class='ocrx_word' id='word_1_210' title='bbox 872 3367 963 3442; x_wconf 88' lang='lat' dir='ltr'>dicte</span> <span class='ocrx_word' id='word_1_211' title='bbox 985 3369 1095 3443; x_wconf 86' lang='lat' dir='ltr'>llooce</span> <span class='ocrx_word' id='word_1_212' title='bbox 1114 3370 1150 3440; x_wconf 94' lang='lat' dir='ltr'>in</span> <span class='ocrx_word' id='word_1_213' title='bbox 1174 3369 1481 3460; x_wconf 89' lang='lat' dir='ltr'>subventionibus,</span> <span class='ocrx_word' id='word_1_214' title='bbox 1503 3371 1657 3444; x_wconf 83' lang='lat' dir='ltr'>exactio·</span> 
     </span>
     <span class='ocr_line' id='line_1_24' title="bbox 247 3493 1658 3590; baseline 0.004 -26"><span class='ocrx_word' id='word_1_215' title='bbox 247 3493 354 3565; x_wconf 91' lang='lat' dir='ltr'>nibus</span> <span class='ocrx_word' id='word_1_216' title='bbox 379 3501 413 3566; x_wconf 92' lang='lat' dir='ltr'>et</span> <span class='ocrx_word' id='word_1_217' title='bbox 437 3493 606 3586; x_wconf 88' lang='lat' dir='ltr'>collectis;</span> <span class='ocrx_word' id='word_1_218' title='bbox 636 3494 723 3566; x_wconf 87' lang='lat' dir='ltr'>alios</span> <span class='ocrx_word' id='word_1_219' title='bbox 752 3515 837 3567; x_wconf 91' lang='lat' dir='ltr'>vero</span> <span class='ocrx_word' id='word_1_220' title='bbox 861 3493 950 3566; x_wconf 91' lang='lat' dir='ltr'>infra</span> <span class='ocrx_word' id='word_1_221' title='bbox 976 3504 1111 3568; x_wconf 88' lang='lat' dir='ltr'>notatos</span> <span class='ocrx_word' id='word_1_222' title='bbox 1134 3517 1223 3590; x_wconf 93' lang='lat' dir='ltr'>quos</span> <span class='ocrx_word' id='word_1_223' title='bbox 1247 3493 1428 3590; x_wconf 90' lang='lat' dir='ltr'>probatum</span> <span class='ocrx_word' id='word_1_224' title='bbox 1452 3495 1518 3567; x_wconf 92' lang='lat' dir='ltr'>fuit</span> <span class='ocrx_word' id='word_1_225' title='bbox 1541 3505 1658 3569; x_wconf 86' lang='lat' dir='ltr'>tenere</span> 
     </span>
     <span class='ocr_line' id='line_1_25' title="bbox 250 3616 1662 3714; baseline 0.002 -24"><span class='ocrx_word' id='word_1_226' title='bbox 250 3626 375 3690; x_wconf 89' lang='lat' dir='ltr'>terram</span> <span class='ocrx_word' id='word_1_227' title='bbox 406 3616 451 3691; x_wconf 92' lang='lat' dir='ltr'>de</span> <span class='ocrx_word' id='word_1_228' title='bbox 482 3617 644 3692; x_wconf 88' lang='lat' dir='ltr'>demanio</span> <span class='ocrx_word' id='word_1_229' title='bbox 677 3617 809 3692; x_wconf 93' lang='lat' dir='ltr'>domini</span> <span class='ocrx_word' id='word_1_230' title='bbox 838 3618 1073 3714; x_wconf 87' lang='lat' dir='ltr'>imperatoris,</span> <span class='ocrx_word' id='word_1_231' title='bbox 1105 3619 1322 3694; x_wconf 90' lang='lat' dir='ltr'>decrevimus</span> <span class='ocrx_word' id='word_1_232' title='bbox 1347 3642 1428 3693; x_wconf 91' lang='lat' dir='ltr'>eum</span> <span class='ocrx_word' id='word_1_233' title='bbox 1462 3619 1662 3693; x_wconf 89' lang='lat' dir='ltr'>hominibus</span> 
     </span>
     <span class='ocr_line' id='line_1_26' title="bbox 249 3741 1661 3836; baseline 0.004 -22"><span class='ocrx_word' id='word_1_234' title='bbox 249 3741 362 3815; x_wconf 85' lang='lat' dir='ltr'>llocca</span> <span class='ocrx_word' id='word_1_235' title='bbox 385 3741 538 3836; x_wconf 90' lang='lat' dir='ltr'>predicte</span> <span class='ocrx_word' id='word_1_236' title='bbox 561 3745 717 3816; x_wconf 87' lang='lat' dir='ltr'>conferre</span> <span class='ocrx_word' id='word_1_237' title='bbox 745 3742 782 3814; x_wconf 95' lang='lat' dir='ltr'>in</span> <span class='ocrx_word' id='word_1_238' title='bbox 804 3743 954 3816; x_wconf 88' lang='lat' dir='ltr'>collectis</span> <span class='ocrx_word' id='word_1_239' title='bbox 980 3754 1015 3817; x_wconf 91' lang='lat' dir='ltr'>et</span> <span class='ocrx_word' id='word_1_240' title='bbox 1038 3745 1295 3836; x_wconf 82' lang='lat' dir='ltr'>exactionibus,</span> <span class='ocrx_word' id='word_1_241' title='bbox 1321 3743 1383 3818; x_wconf 91' lang='lat' dir='ltr'>sed</span> <span class='ocrx_word' id='word_1_242' title='bbox 1406 3745 1442 3817; x_wconf 94' lang='lat' dir='ltr'>iu</span> <span class='ocrx_word' id='word_1_243' title='bbox 1464 3746 1661 3819; x_wconf 88' lang='lat' dir='ltr'>facultatem</span> 
     </span>
     <span class='ocr_line' id='line_1_27' title="bbox 250 3867 1661 3964; baseline 0.001 -26"><span class='ocrx_word' id='word_1_244' title='bbox 250 3885 370 3938; x_wconf 92' lang='lat' dir='ltr'>eorum</span> <span class='ocrx_word' id='word_1_245' title='bbox 399 3888 470 3961; x_wconf 92' lang='lat' dir='ltr'>que</span> <span class='ocrx_word' id='word_1_246' title='bbox 501 3876 618 3940; x_wconf 91' lang='lat' dir='ltr'>tenent</span> <span class='ocrx_word' id='word_1_247' title='bbox 649 3889 670 3941; x_wconf 92' lang='lat' dir='ltr'>a</span> <span class='ocrx_word' id='word_1_248' title='bbox 702 3867 843 3941; x_wconf 92' lang='lat' dir='ltr'>domino</span> <span class='ocrx_word' id='word_1_249' title='bbox 871 3867 1085 3962; x_wconf 90' lang='lat' dir='ltr'>imperatore.</span> <span class='ocrx_word' id='word_1_250' title='bbox 1116 3868 1278 3942; x_wconf 86' lang='lat' dir='ltr'>Homines</span> <span class='ocrx_word' id='word_1_251' title='bbox 1303 3889 1391 3964; x_wconf 91' lang='lat' dir='ltr'>quos</span> <span class='ocrx_word' id='word_1_252' title='bbox 1414 3869 1661 3942; x_wconf 90' lang='lat' dir='ltr'>monasterinm</span> 
     </span>
     <span class='ocr_line' id='line_1_28' title="bbox 250 3987 1662 4088; baseline 0.005 -28"><span class='ocrx_word' id='word_1_253' title='bbox 250 3987 356 4062; x_wconf 88' lang='lat' dir='ltr'>habet</span> <span class='ocrx_word' id='word_1_254' title='bbox 371 3989 408 4062; x_wconf 92' lang='lat' dir='ltr'>in</span> <span class='ocrx_word' id='word_1_255' title='bbox 420 3991 530 4064; x_wconf 84' lang='lat' dir='ltr'>llocca</span> <span class='ocrx_word' id='word_1_256' title='bbox 544 3991 697 4088; x_wconf 89' lang='lat' dir='ltr'>predicta</span> <span class='ocrx_word' id='word_1_257' title='bbox 711 3993 771 4087; x_wconf 92' lang='lat' dir='ltr'>qui</span> <span class='ocrx_word' id='word_1_258' title='bbox 785 4013 855 4065; x_wconf 92' lang='lat' dir='ltr'>uon</span> <span class='ocrx_word' id='word_1_259' title='bbox 875 4001 990 4066; x_wconf 91' lang='lat' dir='ltr'>tenent</span> <span class='ocrx_word' id='word_1_260' title='bbox 1007 4015 1028 4066; x_wconf 92' lang='lat' dir='ltr'>a</span> <span class='ocrx_word' id='word_1_261' title='bbox 1046 3991 1188 4067; x_wconf 93' lang='lat' dir='ltr'>domino</span> <span class='ocrx_word' id='word_1_262' title='bbox 1211 3993 1414 4088; x_wconf 87' lang='lat' dir='ltr'>imperatore</span> <span class='ocrx_word' id='word_1_263' title='bbox 1435 4005 1469 4068; x_wconf 92' lang='lat' dir='ltr'>et</span> <span class='ocrx_word' id='word_1_264' title='bbox 1487 4015 1576 4088; x_wconf 90' lang='lat' dir='ltr'>qnos</span> <span class='ocrx_word' id='word_1_265' title='bbox 1599 3993 1662 4067; x_wconf 90' lang='lat' dir='ltr'>de·</span> 
     </span>
     <span class='ocr_line' id='line_1_29' title="bbox 251 4115 1661 4214; baseline 0.005 -29"><span class='ocrx_word' id='word_1_266' title='bbox 251 4123 382 4186; x_wconf 91' lang='lat' dir='ltr'>cretum</span> <span class='ocrx_word' id='word_1_267' title='bbox 397 4124 449 4188; x_wconf 90' lang='lat' dir='ltr'>est</span> <span class='ocrx_word' id='word_1_268' title='bbox 464 4137 534 4188; x_wconf 94' lang='lat' dir='ltr'>non</span> <span class='ocrx_word' id='word_1_269' title='bbox 548 4115 676 4190; x_wconf 92' lang='lat' dir='ltr'>debere</span> <span class='ocrx_word' id='word_1_270' title='bbox 689 4117 844 4191; x_wconf 90' lang='lat' dir='ltr'>conferre</span> <span class='ocrx_word' id='word_1_271' title='bbox 857 4139 937 4190; x_wconf 91' lang='lat' dir='ltr'>cum</span> <span class='ocrx_word' id='word_1_272' title='bbox 951 4117 1152 4191; x_wconf 91' lang='lat' dir='ltr'>hominibus</span> <span class='ocrx_word' id='word_1_273' title='bbox 1166 4117 1319 4214; x_wconf 89' lang='lat' dir='ltr'>predicte</span> <span class='ocrx_word' id='word_1_274' title='bbox 1334 4119 1444 4192; x_wconf 85' lang='lat' dir='ltr'>llocce</span> <span class='ocrx_word' id='word_1_275' title='bbox 1458 4119 1494 4190; x_wconf 95' lang='lat' dir='ltr'>in</span> <span class='ocrx_word' id='word_1_276' title='bbox 1507 4119 1661 4193; x_wconf 91' lang='lat' dir='ltr'>collectis</span> 
     </span>
     <span class='ocr_line' id='line_1_30' title="bbox 251 4239 1662 4338; baseline 0.004 -29"><span class='ocrx_word' id='word_1_277' title='bbox 251 4249 284 4309; x_wconf 91' lang='lat' dir='ltr'>et</span> <span class='ocrx_word' id='word_1_278' title='bbox 308 4239 384 4312; x_wconf 90' lang='lat' dir='ltr'>aliis</span> <span class='ocrx_word' id='word_1_279' title='bbox 405 4240 711 4336; x_wconf 89' lang='lat' dir='ltr'>subventionibus,</span> <span class='ocrx_word' id='word_1_280' title='bbox 732 4251 814 4314; x_wconf 88' lang='lat' dir='ltr'>sunt</span> <span class='ocrx_word' id='word_1_281' title='bbox 837 4241 886 4313; x_wconf 95' lang='lat' dir='ltr'>bii</span> <span class='ocrx_word' id='word_1_282' title='bbox 911 4269 920 4313; x_wconf 72' lang='grc' dir='ltr'><strong><em>ε</em></strong></span> <span class='ocrx_word' id='word_1_283' title='bbox 945 4241 1101 4315; x_wconf 87' lang='lat' dir='ltr'>Matheus</span> <span class='ocrx_word' id='word_1_284' title='bbox 1124 4243 1169 4317; x_wconf 93' lang='lat' dir='ltr'>de</span> <span class='ocrx_word' id='word_1_285' title='bbox 1187 4245 1343 4338; x_wconf 87' lang='lat' dir='ltr'>Dompna</span> <span class='ocrx_word' id='word_1_286' title='bbox 1361 4244 1532 4336; x_wconf 87' lang='lat' dir='ltr'>Suzanna,</span> <span class='ocrx_word' id='word_1_287' title='bbox 1554 4241 1662 4315; x_wconf 89' lang='lat' dir='ltr'>Gnci-</span> 
     </span>
    </p>
   </div>
   <div class='ocr_carea' id='block_1_3' title="bbox 251 4363 1662 4835">
    <p class='ocr_par' dir='ltr' id='par_1_3' title="bbox 251 4363 1662 4835">
     <span class='ocr_line' id='line_1_31' title="bbox 251 4363 1662 4462; baseline 0.004 -28"><span class='ocrx_word' id='word_1_288' title='bbox 251 4363 377 4456; x_wconf 87' lang='lat' dir='ltr'>razius,</span> <span class='ocrx_word' id='word_1_289' title='bbox 399 4364 613 4440; x_wconf 87' lang='lat' dir='ltr'>Guillielmus</span> <span class='ocrx_word' id='word_1_290' title='bbox 628 4366 767 4458; x_wconf 89' lang='lat' dir='ltr'>Gneira,</span> <span class='ocrx_word' id='word_1_291' title='bbox 784 4366 956 4441; x_wconf 85' lang='lat' dir='ltr'>lohannes</span> <span class='ocrx_word' id='word_1_292' title='bbox 970 4367 1188 4458; x_wconf 88' lang='lat' dir='ltr'>Celentanus,</span> <span class='ocrx_word' id='word_1_293' title='bbox 1210 4369 1331 4441; x_wconf 90' lang='lat' dir='ltr'>Petrus</span> <span class='ocrx_word' id='word_1_294' title='bbox 1351 4367 1396 4442; x_wconf 89' lang='lat' dir='ltr'>de</span> <span class='ocrx_word' id='word_1_295' title='bbox 1418 4369 1557 4462; x_wconf 87' lang='lat' dir='ltr'>Furiuo,</span> <span class='ocrx_word' id='word_1_296' title='bbox 1579 4369 1662 4443; x_wconf 89' lang='lat' dir='ltr'>For·</span> 
     </span>
     <span class='ocr_line' id='line_1_32' title="bbox 252 4488 1659 4584; baseline 0.009 -28"><span class='ocrx_word' id='word_1_297' title='bbox 252 4495 410 4580; x_wconf 88' lang='lat' dir='ltr'>tnnatus,</span> <span class='ocrx_word' id='word_1_298' title='bbox 431 4488 603 4562; x_wconf 82' lang='lat' dir='ltr'>Iohannes</span> <span class='ocrx_word' id='word_1_299' title='bbox 627 4490 831 4575; x_wconf 90' lang='lat' dir='ltr'>Calvenese‚</span> <span class='ocrx_word' id='word_1_300' title='bbox 853 4491 997 4565; x_wconf 87' lang='lat' dir='ltr'>blarotta</span> <span class='ocrx_word' id='word_1_301' title='bbox 1021 4491 1066 4564; x_wconf 91' lang='lat' dir='ltr'>de</span> <span class='ocrx_word' id='word_1_302' title='bbox 1088 4492 1296 4584; x_wconf 87' lang='lat' dir='ltr'>Crescentio,</span> <span class='ocrx_word' id='word_1_303' title='bbox 1316 4493 1508 4567; x_wconf 85' lang='lat' dir='ltr'>Ilobbertus</span> <span class='ocrx_word' id='word_1_304' title='bbox 1530 4491 1574 4566; x_wconf 93' lang='lat' dir='ltr'>de</span> <span class='ocrx_word' id='word_1_305' title='bbox 1596 4493 1659 4568; x_wconf 87' lang='lat' dir='ltr'>Sa·</span> 
     </span>
     <span class='ocr_line' id='line_1_33' title="bbox 252 4609 1656 4708; baseline 0.006 -24"><span class='ocrx_word' id='word_1_306' title='bbox 252 4609 361 4702; x_wconf 90' lang='lat' dir='ltr'>lerno,</span> <span class='ocrx_word' id='word_1_307' title='bbox 382 4613 591 4687; x_wconf 88' lang='lat' dir='ltr'>Laurencius</span> <span class='ocrx_word' id='word_1_308' title='bbox 607 4614 807 4708; x_wconf 89' lang='lat' dir='ltr'>Calvenese‚</span> <span class='ocrx_word' id='word_1_309' title='bbox 823 4613 1015 4688; x_wconf 85' lang='lat' dir='ltr'>llobbertus</span> <span class='ocrx_word' id='word_1_310' title='bbox 1036 4615 1080 4690; x_wconf 92' lang='lat' dir='ltr'>de</span> <span class='ocrx_word' id='word_1_311' title='bbox 1100 4617 1185 4691; x_wconf 87' lang='lat' dir='ltr'>Pero</span> <span class='ocrx_word' id='word_1_312' title='bbox 1189 4671 1656 4692; x_wconf 91' lang='grc'><strong>...............</strong></span> 
     </span>
     <span class='ocr_line' id='line_1_34' title="bbox 253 4732 1658 4835; baseline 0.006 -30"><span class='ocrx_word' id='word_1_313' title='bbox 253 4732 410 4808; x_wconf 86' lang='lat' dir='ltr'>llatbens</span> <span class='ocrx_word' id='word_1_314' title='bbox 433 4737 638 4832; x_wconf 87' lang='lat' dir='ltr'>Fomisous,</span> <span class='ocrx_word' id='word_1_315' title='bbox 666 4739 790 4817; x_wconf 79' lang='lat' dir='ltr'>Petrus,</span> <span class='ocrx_word' id='word_1_316' title='bbox 812 4735 986 4814; x_wconf 83' lang='lat' dir='ltr'>Avisanus</span> <span class='ocrx_word' id='word_1_317' title='bbox 1010 4761 1092 4813; x_wconf 90' lang='lat' dir='ltr'>cum</span> <span class='ocrx_word' id='word_1_318' title='bbox 1115 4742 1208 4831; x_wconf 91' lang='lat' dir='ltr'>suis,</span> <span class='ocrx_word' id='word_1_319' title='bbox 1239 4743 1447 4816; x_wconf 87' lang='lat' dir='ltr'>Sarracenus</span> <span class='ocrx_word' id='word_1_320' title='bbox 1472 4740 1658 4835; x_wconf 91' lang='lat' dir='ltr'>Patricius,</span> 
     </span>
    </p>
   </div>
   <div class='ocr_carea' id='block_1_4' title="bbox 0 0 2175 5908">
    <p class='ocr_par' dir='ltr' id='par_1_4' title="bbox 0 0 2175 5908">
     <span class='ocr_line' id='line_1_35' title="bbox 0 0 2175 5908; baseline 0 0"><span class='ocrx_word' id='word_1_321' title='bbox 0 0 2175 5908; x_wconf 95' lang='lat' dir='ltr'> </span> 
     </span>
    </p>
   </div>
  </div>
 </body>
</html>
