4308 5910
833 623 960 687 nunni
983 609 1174 687 'srcrnrnu

777 941 976 1017 TlTULUS
1000 945 1082 1018 llll.
1111 947 1138 1016 Z
1161 933 1229 1038 (7).

453 1122 501 1191 ilc
520 1120 623 1216 [penu
644 1117 926 1214 [arjadicatcram
943 1125 993 1211 at]
1019 1119 1104 1193 dolia
1122 1120 1230 1192 dcam
1250 1121 1329 1214 filiis
1347 1117 1546 1192 eorumdem.

849 1321 942 1372 rnnrr
966 1321 1164 1372 nueusrus.

347 1475 537 1572 Siquando
554 1477 703 1573 aliquem
720 1477 918 1570 iariudiaari
934 1477 1127 1574 contigerit,
1143 1477 1205 1572 qni
1221 1477 1346 1551 liberas
1361 1476 1492 1551 habens
1510 1477 1706 1552 inveniatur

297 1598 435 1672 laudale
455 1597 590 1695 aliquid
612 1599 806 1698 possidere,
830 1601 1002 1698 siquidem
1025 1601 1124 1675 liberi
1141 1601 1218 1694 ejus
1235 1601 1291 1674 vel
1314 1621 1433 1674 earnm
1453 1601 1560 1698 aliqui
1578 1603 1613 1674 iu
1636 1625 1703 1698 pu-

191 1771 204 1781 ·
296 1723 405 1818 pillari
423 1721 472 1818 (a)
493 1731 583 1796 elate
601 1723 800 1816 consistant,
823 1725 884 1820 qni
908 1725 1118 1820 protectione
1139 1725 1222 1798 balii
1247 1725 1403 1816 indigere
1423 1735 1621 1818 nascantur,
1646 1728 1705 1822 ip·

296 1867 413 1919 sorum
440 1839 581 1920 balium
598 1869 678 1920 cum
708 1847 1003 1923 administratione
1029 1849 1199 1923 bonorum
1229 1869 1289 1922 aas
1313 1849 1583 1945 contingentium
1609 1851 1705 1926 auria

296 1980 410 2044 nostra
424 1971 604 2068 suscipiat,
624 1973 918 2068 quemadmodum
933 1973 970 2045 in
990 1973 1209 2047 casamentis
1227 1961 1357 2047 balium
1374 1976 1488 2070 ipsum
1502 1975 1628 2050 babere
1641 1976 1704 2050 de·

293 2094 431 2186 berent3
451 2095 504 2168 eis
530 2103 644 2169 autem
668 2095 861 2193 pubertatis
886 2107 1024 2194 tempus
1051 2095 1302 2170 excedentibus
1329 2099 1424 2170 etin
1451 2099 1593 2172 tutelam
1618 2123 1705 2198 pro-

292 2219 403 2314 priam
423 2220 662 2308 venientibus,
687 2222 818 2295 fructus
840 2221 947 2318 partis
971 2222 1064 2294 illius
1089 2243 1160 2318 que
1176 2221 1350 2296 viventem
1366 2232 1517 2320 patrem,
1538 2224 1617 2298 licet
1640 2247 1703 2321 pro

291 2355 429 2418 mortuo
443 2343 622 2438 habitum,
643 2345 835 2420 secundnm
857 2345 1050 2442 predictum
1064 2345 1205 2418 modum
1223 2345 1500 2420 dinumeratione
1517 2347 1701 2424 libemrum

288 2477 434 2556 attenta,
454 2469 483 2541 si
502 2493 557 2544 res
573 2470 742 2566 acquisita
761 2471 807 2546 de
824 2469 933 2545 lando
954 2473 1041 2544 soret
1057 2469 1202 2544 dividua
1219 2467 1278 2567 (b),
1294 2469 1492 2565 contingere
1509 2471 1699 2564 debuisset,

290 2604 388 2686 patre
404 2593 482 2690 ipso
508 2593 624 2668 adhuc
645 2595 845 2692 superstite,
866 2595 997 2670 auriam
1019 2604 1171 2668 nostram
1198 2593 1373 2691 percipere
1395 2596 1557 2669 volumus
1579 2607 1614 2670 et
1637 2597 1701 2672 ba·

290 2715 372 2789 bere
391 2743 401 2788 :
420 2739 483 2813 pro
499 2740 541 2792 ea
561 2727 697 2792 tantum
715 2729 811 2816 parte
827 2718 872 2794 de
890 2719 1031 2794 servitio
1050 2718 1150 2792 nabis
1173 2717 1357 2814 protendo
1373 2719 1449 2814 ipso
1466 2717 1583 2793 debito
1600 2721 1702 2794 dimi·

289 2853 388 2932 nuto,
404 2864 469 2938 pra
485 2865 555 2938 qua
573 2843 705 2918 curiam
722 2823 874 2918 nostram
893 2845 1024 2918 lrnatns
1037 2843 1212 2940 percipere
1229 2843 1285 2914 vel
1303 2843 1495 2938 percepisse
1516 2845 1698 2918 constabit.

288 2965 389 3038 Patre
403 2975 518 3039 autem
535 2966 739 3062 iorjndicato
756 2976 877 3040 nature
893 2966 1049 3042 debitum
1065 2965 1261 3056 exolvente,
1278 2985 1357 3060 pars
1375 2965 1434 3039 illa
1452 2968 1552 3060 cujus
1570 2963 1702 3042 tructus

289 3090 387 3163 curia
411 3100 526 3165 nostra
553 3092 743 3188 perceperit
768 3090 816 3165 ad
840 3092 1069 3186 integritatem
1090 3089 1188 3163 leudi
1208 3089 1316 3162 libere
1338 3099 1540 3163 revertatur.
1561 3093 1651 3166 Sane
1671 3093 1702 3166 si

289 3213 535 3307 lorindicatum
551 3237 573 3289 a
592 3217 716 3289 comite
732 3217 789 3289 vel
804 3217 934 3288 barone
950 3215 1093 3288 seudum
1106 3213 1235 3287 babere
1248 3213 1438 3306 rmntigerit,
1455 3215 1531 3311 ipsa
1545 3228 1704 3312 parentes

288 3339 344 3410 vel
367 3340 493 3413 liberas
518 3361 588 3414 non
611 3339 775 3434 habente,
796 3341 941 3414 lendum
959 3341 1005 3413 ad
1031 3361 1111 3412 eum
1131 3361 1152 3412 a
1172 3359 1244 3435 quo
1267 3338 1380 3434 ipsum
1407 3339 1632 3432 forjudicatus
1649 3353 1701 3416 te·

287 3464 392 3537 nebat
414 3465 489 3538 sine
511 3465 780 3539 contradictione
798 3467 915 3564 aliqua
932 3464 1046 3538 redire
1066 3462 1193 3537 debere
1209 3483 1403 3536 censemus.
1425 3463 1569 3540 Fructus
1587 3476 1701 3541 tamen

288 3589 393 3681 partis
409 3589 641 3680 contingentis
658 3589 901 3684 lorjudicatnm
920 3589 965 3663 de
987 3611 1029 3662 eo
1045 3586 1141 3684 quod
1158 3588 1203 3660 ab
1217 3587 1277 3659 illa
1300 3596 1435 3660 tenetur
1450 3585 1509 3684 (c),
1526 3591 1556 3662 si
1572 3591 1700 3666 liberas

289 3711 432 3806 babeat,
459 3734 521 3809 pro
543 3735 688 3788 numero
705 3714 908 3808 liberorum,
932 3713 1137 3807 iarjudiaatc
1159 3712 1319 3802 vivente,
1338 3713 1433 3785 caria
1450 3724 1565 3788 nostra
1589 3718 1700 3814 perci·

329 3889 369 3968 (a)
392 3891 427 3952 ln
440 3891 541 3954 codice
555 3901 634 3954 462⁵
643 3891 792 3974 puellari,
807 3897 905 3956 miuus
919 3900 1006 3955 recte.

328 3994 368 4075 (t)
390 3997 426 4057 In
440 3998 507 4060 cad.
524 4007 602 4060 tana
620 4001 669 4061 :ai
680 4017 727 4061 rar
739 4000 966 4084 acqrdritafarct
979 3995 1128 4082 desudo,
1143 3994 1546 4076 eremitarumque
1563 4005 1594 4060 et
1611 4002 1700 4064 Pala-

284 4104 347 4163 tina
369 4103 489 4164 admisit
507 4105 615 4180 editi03
630 4107 681 4168 sed
694 4107 829 4169 obscure.
844 4108 920 4168 Nam
944 4123 1048 4168 sanans
1069 4104 1187 4166 ridetm
1207 4111 1273 4164 tum
1293 4111 1408 4180 parturn
1430 4103 1513 4165 fandi
1535 4106 1574 4166 ad
1594 4105 1699 4170 mcum

284 4215 432 4284 spectare,
447 4211 473 4270 ai
490 4209 612 4272 laudam
625 4213 665 4272 alt
677 4213 841 4287 divisibile,
855 4213 912 4274 boc
925 4219 970 4274 est
983 4214 1009 4273 ai
1023 4210 1144 4272 lendum
1163 4213 1203 4271 ait
1216 4213 1287 4288 jure
1300 4211 1572 4291 Langobardorum.
1588 4215 1700 4276 Forsan

283 4313 310 4373 rr·
321 4321 444 4377 rotarat
455 4317 602 4395 glossema
613 4335 631 4378 c
644 4321 817 4398 marginata
825 4327 940 4380 textum
950 4335 968 4380 a
979 4333 1085 4396 graece
1097 4319 1231 4378 versione
1244 4313 1384 4395 talparum
1399 4317 1545 4379 adscitam
1558 4322 1632 4395 erttr
1647 4323 1699 4382 aed

281 4422 355 4500 quid
368 4423 425 4482 sibi
439 4424 513 4484 velit
525 4419 690 4503 diripiam?
702 4426 806 4486 Nonne
815 4429 912 4504 patius
925 4423 1088 4504 dubrrpevi
1103 4423 1189 4486 Unda
1201 4423 1359 4502 legandum
1370 4442 1378 4484 r
1389 4423 1417 4484 si
1425 4422 1697 4507 quidseadalcpoa·

281 4526 386 4590 cederit
400 4527 550 4592 dbidaam
563 4551 574 4590 .·
587 4531 750 4594 notandum
771 4539 869 4593 mmen
891 4531 971 4610 quod
995 4532 1124 4595 Graecus
1144 4528 1298 4592 dimitam
1317 4547 1370 4610 pro
1387 4528 1537 4592 Maleam
1555 4534 1654 4613 legens
1666 4534 1698 4595 τὸ

282 4631 366 4712 ἤμων
380 4639 513 4723 venierit.

325 4740 363 4821 (a)
390 4743 425 4805 In
438 4745 539 4807 codice
553 4755 630 4809 4625
642 4743 681 4810 ab
692 4744 751 4810 alia
764 4755 862 4827 uara·
873 4755 952 4810 recte
966 4754 996 4809 et
1007 4763 1112 4828 graeco
1125 4745 1292 4824 respondet.

363 4851 418 4914 IV.
1502 4863 1532 4912 rr
