4288 5912
495 539 556 602 384
998 532 1215 596 ablnuntur
1240 533 1416 598 sactum
1720 532 1802 620 [An.
1821 533 1913 597 tran

497 676 605 766 lecto,
627 670 689 768 qui
708 668 830 745 divina
854 669 1036 766 largitione
1048 671 1187 766 populis
1201 670 1436 768 presidemus,
1464 669 1616 766 generali
1631 691 1702 766 quu
1723 693 1833 744 omncs
1854 671 1909 742 lto·

497 800 602 871 mines
630 795 831 870 naturaliter
861 795 943 868 scire
967 794 1156 868 dosidem
1185 795 1254 892 (o),
1287 805 1322 870 et
1355 795 1590 894 specialique
1619 794 1774 890 gaudent
1801 797 1909 893 aliqui

499 922 645 996 utilitate
668 919 717 1018 (b)
743 917 927 1018 proficere,
954 929 1036 994 ante
1059 930 1218 1017 suscepta
1244 920 1351 994 nostri
1372 919 1550 1016 regiminis
1575 941 1700 1013 onem,
1727 941 1864 1017 semper
1889 942 1911 995 a

496 1047 679 1140 juventule
692 1054 808 1118 nostra
823 1040 927 1142 [mm]
945 1044 1178 1140 quesivimus,
1198 1044 1343 1119 formam
1358 1046 1436 1138 ejus
1449 1045 1682 1120 indesinenter
1694 1045 1907 1138 amavimus,

500 1172 583 1246 etin
596 1168 704 1244 odore
716 1179 973 1266 ungnentomm
987 1189 1129 1242 suornm
1141 1191 1278 1266 semper
1289 1170 1519 1268 aspiravimus
1529 1168 1713 1244 indelessa.
1724 1170 1912 1266 Postregni

501 1317 585 1370 vcro
603 1294 709 1368 nostri
727 1315 826 1368 curas
852 1303 1064 1390 assumptas,
1091 1315 1295 1390 quanquam
1317 1315 1462 1390 operosa
1478 1295 1674 1392 frequenter
1690 1293 1912 1390 negociorum

500 1420 600 1493 turba
617 1441 681 1493 nos
694 1417 874 1510 distrahat,
891 1427 925 1492 et
940 1417 1053 1491 civilis
1062 1417 1131 1491 sibi
1144 1418 1232 1492 ratio
1244 1416 1406 1494 vendicet
1417 1418 1646 1494 solicitudinis
1657 1427 1772 1492 nosue
1783 1427 1910 1515 partes,

500 1543 674 1642 quidquid
693 1555 807 1619 tamen
825 1543 990 1641 temporis
1005 1542 1051 1617 de
1069 1565 1184 1618 rernm
1201 1543 1422 1618 familiarium
1435 1543 1662 1641 occupatione
1674 1543 1910 1640 decerpimus,

501 1670 646 1745 transire
671 1692 741 1744 non
761 1669 912 1766 patimur
926 1667 1102 1762 ociosum,
1126 1667 1191 1742 sed
1209 1677 1317 1742 totum
1335 1667 1372 1740 in
1390 1667 1547 1742 lectionis
1563 1667 1808 1742 exercitatione
1829 1688 1914 1762 gra·

501 1796 587 1869 luite
604 1795 751 1870 libenter
768 1793 1017 1891 expendimus,
1038 1805 1077 1867 nt
1092 1793 1207 1868 anime
1225 1793 1350 1868 clarius
1375 1793 1493 1888 vigeat
1509 1793 1773 1867 instrumentum
1792 1794 1829 1866 in
1846 1815 1914 1867 ac-

502 1921 686 2018 quisitione
702 1921 863 2014 scientie,
884 1919 961 1994 sine
976 1941 1048 2016 qna
1065 1919 1262 1994 mortalium
1276 1919 1349 1994 vita
1369 1941 1439 1994 non
1461 1920 1591 2015 regitur
1607 1919 1803 1994 liberaliter.
1823 1921 1915 1993 Dum

502 2045 669 2120 librorum
691 2067 773 2143 ergo
800 2045 994 2136 volumina,
1018 2067 1167 2142 quorum
1195 2045 1379 2120 multifarie
1399 2045 1587 2140 multisque
1615 2045 1727 2120 modis
1752 2043 1915 2119 distincta

503 2169 729 2268 chirographa
741 2179 935 2246 nostrarum
947 2171 1096 2246 armaria
1109 2169 1311 2245 divitiarum
1321 2170 1544 2267 locupletant,
1558 2167 1680 2244 sedula
1693 2169 1915 2244 meditatione

502 2296 732 2386 revolvimus,
760 2305 795 2369 ct
817 2306 979 2370 accurata
997 2297 1283 2393 contemplatione
1309 2317 1513 2394 pensamus,
1541 2295 1799 2392 compilationes
1816 2294 1915 2368 vario

501 2421 546 2494 ab
564 2419 745 2494 Aristotele
767 2419 914 2516 aliisquo
935 2419 1167 2517 philosophis,
1188 2421 1255 2494 sub
1274 2421 1387 2516 grecis
1404 2420 1620 2516 arabicisque
1640 2419 1822 2494 vocabulis
1843 2441 1915 2492 an-

502 2543 647 2641 tiquitus
673 2543 766 2620 odite
793 2545 830 2618 iu
854 2545 1118 2620 sermonialibus
1145 2555 1181 2620 et
1205 2545 1456 2620 mathematicis
1477 2543 1669 2642 disciplinis
1691 2543 1763 2643 (l),
1789 2543 1915 2618 nostris

502 2669 690 2764 aliquando
705 2670 866 2744 sensibus
883 2680 1127 2760 occurrerunt;
1147 2693 1235 2766 quas
1254 2669 1372 2744 adhuc
1383 2669 1602 2764 originalium
1617 2667 1807 2742 dictionum
1819 2667 1915 2743 ordi·

502 2795 642 2870 natione
662 2804 852 2888 consertas,
873 2805 908 2870 et
924 2803 1137 2869 vetustarum
1159 2796 1329 2886 vestium,
1357 2817 1446 2890 quas
1464 2795 1516 2868 eis
1541 2803 1615 2868 etas
1633 2794 1746 2890 prima
1765 2815 1916 2869 conces-

502 2928 609 3014 serat,
639 2919 850 3016 operimento
875 2929 1063 3014 contectas,
1091 2919 1148 2994 vel
1178 2919 1327 2994 hominis
1349 2919 1504 2994 delectus
1523 2929 1584 2995 ant
1604 2917 1719 3018 operis
1742 2917 1789 2994 ad
1811 2919 1917 2995 latina

503 3045 622 3141 lingue
651 3045 813 3119 noticiam
839 3067 910 3118 non
936 3044 1113 3142 perduxit.
1141 3045 1301 3119 volantes
1326 3044 1432 3140 igitur
1457 3053 1496 3117 ut
1518 3043 1718 3120 veneranda
1744 3053 1917 3118 tantorum

504 3192 649 3268 operum
663 3171 766 3244 simul
781 3169 970 3244 authoritas
983 3170 1077 3267 apud
1092 3191 1173 3263 nos,
1188 3191 1257 3244 non
1270 3169 1403 3266 absque
1413 3171 1600 3244 multorum
1611 3169 1802 3244 commodis
1817 3190 1918 3242 com-

505 3297 688 3387 munibus,
709 3295 807 3370 vocis
820 3315 951 3391 organo
967 3295 1183 3370 traductione
1200 3295 1389 3368 innotescat
1407 3292 1468 3392 (c),
1488 3315 1531 3368 ca
1548 3316 1610 3392 par
1626 3294 1721 3368 virus
1737 3294 1864 3369 clectos
1881 3303 1919 3368 et

505 3421 543 3495 in
559 3421 740 3516 utriusque
755 3419 875 3516 lingua
892 3419 1082 3518 prolatione
1101 3420 1230 3517 peritos
1248 3419 1416 3493 instanter
1426 3420 1609 3514 jussimus,
1629 3419 1814 3494 verborum
1830 3417 1918 3494 lide·

506 3546 584 3619 liter
599 3553 734 3619 servata
750 3543 964 3640 virginitate,
991 3543 1179 3617 banalerri.
1200 3541 1289 3628 Quia
1305 3563 1389 3618 vero
1406 3543 1625 3618 scientiarum
1645 3564 1810 3639 genmosa
1831 3565 1918 3640 pos-

547 3749 590 3834 (o)
611 3751 703 3832 'lypis
715 3749 863 3814 lncllnatln
878 3749 1052 3822 sententiam
1071 3764 1228 3812 moramur
1246 3765 1322 3829 quac
1343 3765 1382 3812 ex
1403 3749 1501 3830 prlmu
1519 3747 1788 3830 bletaplayrlcornm
1799 3747 1917 3810 Aristo-

504 3860 571 3922 tells
584 3859 659 3920 llbro
670 3859 807 3920 sumitur.

548 3964 589 4046 (l)
610 3967 646 4028 ln
664 3965 788 4044 epistola
801 3961 947 4026 Maenali
960 3957 1121 4042 manure,
1134 3963 1250 4025 maus

549 4073 586 4154 (ι)
612 4073 706 4136 laer
716 4073 896 4154 meoet.

543 4389 579 4465 tt)
598 4389 669 4450 Libri
682 4389 868 4462 mennas,
884 4394 916 4448 ut
928 4389 1080 4466 opinamur,
1093 4403 1124 4448 se
1138 4387 1173 4448 ad
1185 4387 1298 4464 logicam
1312 4387 1446 4460 misrnnt,
1459 4386 1561 4446 sdlioet
1573 4385 1607 4446 ad
1618 4391 1705 4444 artem
1715 4383 1921 4460 argumentandi

508 4488 588 4548 simul
599 4495 627 4546 et
639 4487 846 4560 sermocinandl3
859 4487 1048 4546 mathematici
1059 4501 1125 4546 nero
1146 4487 1182 4544 ad
1202 4485 1285 4546 libros
1301 4487 1490 4562 physicorum,
1501 4491 1669 4557 meteomm,
1684 4489 1750 4556 stu,
1763 4488 1792 4542 at
1805 4481 1921 4542 toraun

506 4587 541 4646 ad
554 4587 736 4660 lllmagestum
747 4584 900 4658 Ptolemaei,
914 4585 949 4644 dc
959 4601 1013 4660 qno
1026 4599 1108 4662 snpra
1120 4603 1149 4662 p.
1163 4587 1225 4659 ³82,
1238 4591 1294 4646 not.
1305 4588 1334 4646 2.
1348 4583 1391 4644 ct.
1400 4585 1548 4656 lemnam,
1559 4581 1719 4644 llscbcrcltct
1730 4595 1779 4640 aar
1791 4579 1829 4640 lca
1843 4578 1918 4638 trud.

506 4685 783 4761 coronopum.
