4298 5906
530 597 591 660 2³8
975 597 1111 660 Notae
1136 599 1493 664 cottsrtrltrrorttts

537 731 737 830 dempsitati
764 733 1030 808 misericorditer
1056 735 1257 832 providere,
1283 737 1440 824 fidelitati
1462 747 1522 810 tuo
1548 735 1756 810 mandamus
1779 737 1942 832 quatinus

504 856 506 860 ’
532 859 638 932 iacias
662 858 810 931 inhiberi
833 880 877 930 ne
896 880 958 954 pro
975 863 1205 956 quacumque¹
1213 864 1353 938 collecta
1366 861 1557 937 vetustte>
1578 861 1718 956 publico
1736 863 1793 934 vel
1808 863 1942 957 privato

532 984 641 1057 boves
668 983 871 1074 domestici,
897 993 1218 1082 quantumcumque
1248 995 1412 1084 patrunus
1437 987 1592 1083 ipsorum
1617 985 1713 1058 curie
1741 994 1859 1059 nostre
1885 987 1941 1060 vol

531 1107 634 1180 alicui
654 1107 788 1204 private
805 1129 949 1202 persona
968 1108 1103 1183 debitor
1121 1111 1240 1204 fuerit,
1261 1113 1473 1202 auferantur,
1497 1119 1536 1182 ut
1557 1109 1768 1204 agriculture
1787 1109 1940 1184 studium

531 1231 627 1330 quod
642 1233 677 1306 in
696 1253 803 1326 regno
817 1243 933 1306 nostro
948 1230 1185 1308 liberalissima
1201 1237 1340 1332 frugum
1356 1236 1513 1310 ubertate
1527 1234 1676 1310 fecundo
1698 1235 1944 1310 mandavimus

530 1356 778 1447 exercendum,
794 1355 831 1429 in
847 1357 944 1431 nullo
959 1359 1095 1454 penitus
1109 1360 1316 1456 negligatur.

1142 1655 1145 1662 ’
1195 1636 1257 1730 rr.

576 1858 791 1951 Fredericus,
810 1867 876 1930 etc.
899 1857 1045 1931 Multum
1066 1860 1192 1934 nostris
1210 1859 1396 1956 derogetur
1415 1859 1611 1950 affectibus,
1630 1859 1660 1932 si
1677 1857 1818 1952 justicie
1845 1857 1942 1930 lirni-

531 1995 618 2076 tem,
648 1985 747 2077 cujus
773 2004 836 2056 nos
856 1981 1006 2056 subditis
1029 1979 1204 2058 debitores
1231 1985 1424 2075 oderimus,
1451 1995 1739 2080 transgressorum
1767 1981 1942 2079 cupiditas

530 2110 693 2216 effrenata
712 2107 989 2204 circumstrepat,
1016 2117 1050 2182 et
1066 2109 1163 2204 pacis
1183 2109 1301 2204 quiete
1319 2107 1518 2204 temperiem
1540 2108 1732 2203 aliquorum
1754 2106 1942 2204 improuisa
1992 2119 2006 2138 ·

531 2234 705 2308 temeritas
733 2232 912 2327 inquietet.
942 2232 1012 2307 Sed
1039 2233 1127 2307 illud
1149 2234 1313 2330 precipue
1343 2233 1623 2308 uostrisuccedit
1650 2233 1739 2306 votis
1763 2231 1939 2324 infestius,

532 2381 632 2450 oum,
651 2357 841 2432 reuerentia
858 2357 959 2452 quasi
979 2357 1150 2454 vilipensa
1173 2357 1335 2450 dominii,
1355 2367 1488 2431 tautum
1506 2379 1648 2454 preceps
1673 2367 1707 2431 et
1721 2356 1860 2430 incauta
1886 2355 1943 2430 di-

529 2484 641 2556 vitum
664 2485 903 2577 majorumque
926 2483 1094 2578 presumit
1113 2484 1277 2576 audacia,
1297 2493 1336 2556 ut
1353 2483 1572 2582 impudenter
1588 2485 1625 2556 in
1643 2504 1814 2580 pauperes
1831 2482 1942 2556 seviat

531 2617 566 2680 et
584 2605 770 2680 crudeliter
791 2605 959 2680 exardeat
978 2606 1016 2678 in
1038 2607 1202 2682 minores.
1221 2609 1294 2682 Hoc
1315 2607 1488 2704 siquidem
1508 2607 1698 2681 incivitate
1728 2663 1737 2680 .
1760 2661 1770 2680 .
1793 2660 1824 2697 .,
1851 2607 1943 2680 sicut

530 2755 576 2806 err
600 2732 860 2806 hortulanorum
886 2741 921 2804 et
940 2752 1132 2828 pauperum
1153 2734 1298 2830 querula
1323 2732 1557 2830 propositione
1579 2732 1827 2828 comperimus,
1846 2752 1942 2805 com·

529 2857 676 2930 mittitur
701 2855 901 2948 insolenter;
927 2855 990 2952 qui
1014 2856 1099 2930 dum
1125 2879 1172 2932 err
1195 2879 1362 2932 manuum
1386 2879 1530 2931 suarum
1560 2855 1755 2948 laboribus,
1782 2877 1870 2950 quos
1894 2855 1942 2928 ad

531 2979 785 3058 defendendam
809 2979 961 3077 inopiam
981 2981 1017 3054 in
1042 2981 1148 3058 bortis
1170 2993 1204 3057 et
1225 2983 1338 3057 vineis
1361 2981 1562 3056 excolendis
1579 2982 1784 3073 exercitant,
1808 2983 1942 3054 fruetus

531 3115 726 3202 expectant,
738 3105 847 3180 herba
863 3106 1110 3202 frequenterin
1123 3107 1243 3182 florem
1259 3107 1422 3204 pmdiens
1434 3117 1469 3182 et
1483 3130 1561 3182 raro
1575 3107 1816 3206 perlectionem
1827 3115 1941 3180 matu-

530 3233 640 3306 ritatis
656 3231 827 3322 attingens
840 3231 956 3326 rapaci
973 3233 1030 3305 vel
1044 3231 1194 3306 violenta
1210 3232 1515 3328 intepentem,
1533 3243 1568 3306 et
1581 3231 1768 3305 laborantis
1780 3230 1941 3304 manibus

531 3357 660 3431 exinde
675 3356 812 3454 provisa
831 3357 1036 3452 compendia
1054 3357 1330 3452 preauleruntur.
1346 3357 1443 3430 Furit
1460 3357 1557 3445 enim,
1577 3356 1612 3428 in
1631 3357 1724 3454 ipsos
1751 3355 1941 3451 aliquando

534 3481 670 3554 furtivis
682 3479 868 3552 insultibus
881 3501 1123 3575 aggressorum
1138 3481 1324 3578 ingluvies,
1339 3482 1470 3578 quibus
1486 3502 1556 3555 non
1575 3481 1655 3554 lieet
1672 3481 1812 3556 dicere:
1835 3507 1853 3550 r
1872 3479 1941 3554 Cur

528 3606 694 3680 venistis?
704 3629 722 3674 »
734 3615 769 3678 et
783 3605 872 3678 sevit
891 3625 1034 3701 persepe
1050 3604 1193 3679 viriliter
1210 3605 1247 3678 in
1264 3605 1462 3685 collectione
1477 3607 1653 3680 fructuum
1671 3604 1847 3702 impudica
1864 3607 1941 3679 lra-

527 3731 641 3826 gilitas
662 3729 881 3821 ancillarum,
900 3729 1030 3823 quibus
1050 3729 1258 3804 mittentium
1278 3729 1439 3804 animatis
1456 3730 1601 3828 imperio
1621 3731 1794 3826 repulsam
1816 3729 1940 3804 adimit

528 3854 675 3949 potentia
709 3852 941 3926 dominorum.
956 3852 1082 3949 Sioque
1110 3854 1272 3946 colonus,
1303 3876 1365 3950 spe
1394 3855 1576 3928 frustratus
1601 3865 1636 3928 et
1662 3854 1813 3950 premio,
1831 3853 1940 3926 tutius

528 3979 623 4073 eligit
646 3978 775 4052 damna
801 3975 1019 4050 dissimulare
1044 3975 1200 4068 silentio,
1225 4000 1331 4074 quam
1352 3979 1469 4052 verbis
1492 3980 1602 4053 lactus
1625 3977 1799 4052 horribilis
1822 3999 1939 4074 perso·

527 4104 622 4175 nales
640 4103 783 4196 injurias
799 4123 914 4174 rerum
933 4101 1110 4175 cumulare
1123 4103 1278 4195 jacturis.
1297 4103 1456 4177 Veientes
1473 4103 1579 4197 igitur
1608 4111 1647 4176 ut
1668 4104 1797 4177 vulnus
1814 4101 1938 4196 hujus·

527 4226 641 4319 modi,
663 4247 708 4298 ue
732 4226 778 4299 ad
796 4227 881 4299 alios
900 4247 948 4299 err
965 4226 1169 4322 impunitate
1186 4227 1367 4325 subrepat,
1384 4227 1475 4323 ignis
1495 4229 1552 4302 vel
1575 4227 1657 4302 ferri
1677 4227 1844 4302 severitas
1859 4227 1937 4302 vio·

526 4352 635 4425 lenter
659 4350 835 4441 abscidat,
862 4351 918 4422 cui
944 4352 1137 4425 reverentie
1163 4361 1277 4424 nostre
1303 4350 1476 4425 medicina
1501 4371 1572 4424 non
1597 4351 1755 4448 pmdest;
1787 4353 1937 4448 presenti

527 4476 640 4550 edicto
663 4483 779 4546 nostro
801 4474 890 4546 inter
914 4475 981 4548 alia
1004 4483 1131 4549 statuta
1155 4475 1303 4550 civitatis
1321 4475 1432 4571 ipsius
1453 4473 1637 4549 inserendo
1654 4485 1689 4549 et
1712 4475 1875 4550 tenaciter
1900 4475 1935 4548 iu

526 4588 626 4674 antea
646 4599 793 4671 valituro
817 4599 992 4670 sancimus
1013 4609 1052 4671 ut
1068 4599 1228 4696 quotiens
1247 4600 1429 4674 masculini
1449 4622 1558 4676 sexus
1580 4601 1706 4696 aliquis
1724 4601 1933 4688 malefactor,

527 4727 766 4818 cujuscunque
789 4723 1011 4814 conditionis,
1039 4725 1175 4819 generis
1202 4725 1259 4799 vel
1282 4726 1396 4818 etatis,
1420 4726 1456 4799 in
1482 4726 1559 4822 ipso
1582 4725 1741 4826 ,flagranti
1767 4723 1936 4799 maleficio
