4308 5910
1042 554 1392 620 consalutatortss

963 822 1174 898 TITULUS
1198 825 1320 900 XXll.
1348 827 1413 923 Γ(
1438 826 1465 925 ).

925 975 974 1046 Dc
1000 975 1222 1048 matrimoniis
1252 977 1496 1051 ccntmtcndis.

1060 1149 1138 1199 nux
1162 1149 1376 1201 accurras.

564 1279 743 1352 sancimus
766 1277 843 1370 lege
866 1276 1014 1372 presenti
1038 1277 1234 1350 uolentibus
1256 1279 1417 1352 omnibus
1438 1278 1639 1354 contrahere
1666 1281 1918 1356 matrimonium

515 1403 748 1478 necessitatem
763 1400 893 1498 imponi
905 1401 1077 1474 universis
1088 1401 1284 1475 hominibus
1297 1404 1394 1498 regni
1408 1405 1515 1478 nostri
1530 1414 1565 1479 et
1581 1405 1757 1480 nobilibus
1770 1407 1918 1480 maxime

514 1539 591 1626 post
608 1527 780 1624 sponsalia
799 1526 991 1615 celebrata,
1010 1527 1225 1600 solemnitate
1247 1525 1365 1602 debita
1391 1537 1427 1600 et
1448 1528 1653 1603 sacerdotali
1681 1529 1920 1604 benedictione

516 1653 702 1752 premissis,
717 1651 972 1726 matrimonium
984 1651 1180 1725 solemniter
1195 1660 1229 1725 et
1244 1652 1383 1748 publice
1396 1653 1573 1727 celebrari.
1584 1652 1748 1750 Alioquin
1763 1655 1922 1728 novenut

516 1779 643 1854 amodo
668 1777 856 1850 morientes
885 1786 1002 1850 contra
1024 1785 1178 1850 nostrum
1207 1778 1322 1871 regale
1341 1777 1492 1851 edictum
1517 1801 1631 1875 usqua
1652 1802 1698 1853 ex
1721 1787 1921 1854 testamento

518 1926 631 1998 nequa
643 1902 688 1975 ab
702 1901 861 1975 intestato
874 1923 912 1974 se
926 1901 1103 1974 habituros
1119 1899 1263 1975 heredes
1274 1903 1457 1994 legitimos,
1473 1925 1519 1978 ex
1534 1903 1746 1978 clandestino
1759 1905 1921 1978 atillicito

520 2038 637 2102 contra
655 2035 807 2100 nostram
821 2026 1031 2100 sanctionem
1050 2027 1267 2100 matrimonio
1281 2037 1497 2122 procreatcs3
1521 2029 1682 2102 mulieres
1701 2029 1805 2102 etiam
1827 2027 1923 2102 dotas

519 2155 595 2227 aliis
611 2152 822 2226 nubentibus
833 2151 983 2246 legitime
997 2151 1131 2225 debitas
1148 2173 1216 2224 nou
1232 2152 1360 2225 habere
1375 2150 1436 2249 (a).
1454 2151 1612 2248 Rigorem
1625 2153 1724 2246 cujus
1739 2153 1924 2227 sanctionis

517 2276 682 2374 omnibus
705 2275 772 2348 illis
797 2275 1002 2348 remittimus
1020 2275 1081 2368 qui
1100 2275 1383 2370 promulgationis
1410 2275 1514 2368 hujus
1538 2287 1691 2372 tempore
1716 2278 1790 2370 jaun
1807 2277 1924 2349 matri·

518 2403 670 2476 monium
684 2409 941 2475 contraxerunt.
955 2399 1078 2472 Viduis
1088 2399 1192 2472 etiam
1206 2399 1403 2473 volantibus
1415 2398 1543 2474 ducere
1552 2399 1667 2473 virum
1684 2401 1789 2496 hujus
1806 2423 1926 2476 necas·

519 2526 628 2600 sitatis
643 2526 822 2600 vinculum
838 2525 1047 2598 relaxamus.

968 2795 1176 2870 TITULUS
1199 2795 1336 2870 XXlll.
1365 2803 1392 2868 Δ
1417 2795 1484 2893 (l).

765 2948 812 3018 lla
827 2967 933 3020 umore
953 2969 1018 3020 non
1035 2947 1185 3019 docenda
1201 2948 1270 3018 nnc
1283 2947 1498 3042 permitam
1515 2949 1607 3019 caria
1624 2945 1683 3044 (l).

981 3120 1207 3172 rurnuarou
1232 3122 1471 3172 arcusarcus

577 3254 747 3325 Honorem
757 3250 863 3324 nostri
881 3251 1085 3326 diadematis
1095 3251 1249 3326 debitum
1261 3261 1516 3343 conservantes,
1531 3251 1680 3347 presenti
1691 3251 1933 3324 comtitutioue

568 3427 612 3510 (α)
634 3429 741 3491 Graeco
760 3429 845 3490 aliter
867 3433 974 3490 sonant
987 3446 995 3488 ε
1012 3425 1145 3488 maiam
1156 3434 1254 3488 unum
1265 3425 1334 3490 ulit
1345 3427 1469 3512 lepitiosc
1481 3427 1619 3492 munta
1631 3447 1713 3490 mom
1725 3427 1819 3490 (Ιοιιηι
1830 3425 1935 3490 laam

527 3534 665 3598 cclomcr.
679 3537 804 3598 Sensum
824 3551 895 3595 vcro
914 3535 999 3595 launi
1016 3534 1112 3596 multo
1132 3538 1355 3613 praeponimus,
1375 3536 1448 3598 duur
1466 3537 1611 3617 signifieat
1630 3533 1762 3596 matina
1781 3527 1855 3616 pecc
1873 3553 1937 3596 non

529 3641 692 3706 mlemuitcr
704 3649 733 3704 at
742 3639 856 3724 publica
875 3639 1065 3719 contrahunt,
1082 3659 1143 3704 uon
1164 3641 1260 3704 codem
1274 3642 1346 3724 frui
1366 3641 1465 3705 dcbcrc
1481 3641 1634 3728 pricilspio
1651 3661 1708 3725 poc
1719 3641 1846 3725 pandent
1858 3639 1937 3704 atae

529 3749 652 3832 lapitimc
667 3748 815 3813 amicata.

573 3857 612 3939 (b)
635 3857 768 3919 Graece:
787 3855 871 3934 Quod
888 3873 947 3916 aaa
962 3863 1131 3936 promanat
1156 3855 1226 3918 turo
1250 3859 1375 3939 ucctpcrc
1391 3874 1512 3919 rameru
1529 3873 1620 3938 acqua
1642 3856 1781 3917 mantare
1791 3851 1878 3936 filiae
1895 3849 1940 3916 ccl

528 3981 637 4024 amurca
651 3965 712 4025 mac
727 3960 843 4024 licentia
855 3963 959 4023 mrtac

532 4201 711 4274 anaemaris.
726 4219 740 4254 o
754 4201 897 4260 llainaldus
908 4201 1058 4274 Trogisium
1076 4200 1111 4259 de
1130 4217 1183 4276 quo
1204 4201 1250 4259 hic
1270 4201 1371 4261 mantio
1393 4200 1678 4274 ascomannorum
1699 4199 1727 4257 iu
1743 4199 1852 4272 Repente
1876 4213 1938 4256 cnm

532 4299 608 4358 titulo
634 4298 743 4358 cullctti
768 4301 872 4356 curma.
897 4299 980 4358 Adest
1005 4305 1096 4358 autem
1123 4300 1379 4374 nominantem
1404 4300 1523 4358 mandati
1548 4298 1683 4372 exemplar
1705 4314 1754 4373 pro
1778 4297 1831 4356 alic
1855 4296 1939 4354 milita

532 4398 679 4472 scriptum,
698 4397 727 4454 in
740 4398 800 4455 cod.
814 4401 882 4456 8390
895 4398 929 4455 cl.
940 4398 990 4456 riri
1002 4399 1097 4456 Tuom
1107 4397 1219 4474 Phillips
1228 4414 1273 4473 ap.
1285 4397 1429 4456 lliddlahill
1439 4404 1468 4456 at
1480 4398 1508 4455 in
1519 4397 1579 4455 cod.
1598 4395 1756 4454 Gueliaririt.
1770 4398 1842 4467 lap.
1854 4398 1899 4466 ta,
1910 4394 1937 4463 t,

534 4495 581 4554 ubi
593 4495 689 4568 legitur
702 4513 733 4550 :a
748 4494 912 4568 Fndcncus,
927 4503 991 4567 etc,
1002 4495 1151 4568 justiciario
1161 4497 1244 4554 Terre
1255 4495 1380 4569 Laboris,
1393 4503 1444 4554 etc.
1460 4495 1530 4554 Olim
1548 4495 1584 4554 ad
1597 4494 1818 4569 supplicationem
1830 4492 1939 4550 llincar-

537 4617 550 4648 »
566 4594 629 4652 delli
640 4594 674 4652 dc
685 4593 780 4653 Casan
790 4594 817 4651 iu
827 4595 925 4666 Meum,
940 4593 1023 4652 ideis
1036 4593 1131 4667 nostri,
1143 4593 1222 4652 Petro
1236 4594 1271 4652 dc
1285 4594 1363 4655 &nis
1376 4600 1440 4652 tuuc
1450 4593 1679 4670 justiciaricetc,
1690 4591 1789 4667 utquia
1802 4589 1940 4650 tlemhar·

538 4713 551 4748 a
567 4693 618 4752 dus
630 4699 707 4768 pater
720 4695 788 4768 ejus,
805 4698 869 4766 etc,
885 4709 901 4752 a
915 4691 1022 4752 amalis
1034 4692 1184 4768 pmlatilt,
1194 4699 1257 4766 etc,
1267 4699 1299 4752 at
1309 4708 1426 4772 snpra.»
