4298 5906
757 587 884 672 resur
909 586 1098 650 sacratae.

276 1108 296 1204 3
313 1098 360 1184 V.
383 1098 679 1184 Constitutiones
697 1099 877 1209 speciales
895 1125 1010 1211 super
1026 1099 1221 1212 magistris
1238 1101 1469 1185 camerariis.

541 1359 682 1432 LIBER
711 1363 747 1450 1,
777 1358 979 1433 TITULUS
1008 1360 1090 1452 LX,
1118 1359 1241 1434 PARS
1272 1361 1318 1434 11.

267 1509 454 1605 Magistros
478 1510 684 1584 camerarios
702 1510 883 1606 regionum
907 1509 1046 1584 assisias
1067 1531 1183 1585 rarum
1203 1511 1378 1584 venalium
1399 1507 1453 1607 (t)
1474 1529 1534 1606 per
1559 1507 1635 1580 siu-

218 1634 322 1730 gulas
336 1635 493 1709 civitates
507 1643 542 1708 et
553 1636 629 1709 tona
643 1636 806 1709 volumus
817 1633 990 1729 ordinere,
1002 1657 1083 1708 cum
1100 1635 1244 1710 oonsilio
1258 1635 1456 1729 bajulorum
1470 1633 1633 1709 eliorum·

219 1781 293 1854 que
310 1769 506 1836 nostrorum
521 1759 677 1835 fidelium
690 1760 756 1834 loci
773 1781 862 1856 quos
874 1759 920 1834 ed
936 1759 1003 1834 boe
1018 1759 1172 1835 viderint
1188 1769 1386 1858 oportunus.

643 1991 786 2066 aranu
813 1992 846 2084 1,
877 1991 1082 2066 rrruaus
1111 1991 1205 2064 uxr.

265 2141 420 2216 Presenti
436 2143 514 2236 lege
531 2141 750 2216 deoernimus
765 2151 806 2215 ut
825 2141 977 2216 officium
999 2141 1095 2239 quod
1114 2164 1176 2240 par
1194 2139 1307 2236 regias
1325 2140 1581 2216 eonstitutiones
1598 2149 1633 2215 et

216 2275 354 2340 nostras
365 2265 502 2342 dobsne
517 2266 563 2341 de
578 2267 718 2342 secretis
731 2275 766 2340 et
778 2267 941 2362 magister
953 2276 1154 2362 questurum
1167 2267 1332 2342 hactenus
1345 2267 1553 2342 exercebant
1562 2263 1629 2364 (2),

215 2413 238 2466 a
254 2402 357 2490 porta
368 2393 483 2468 Roseti
500 2393 585 2467 citra
599 2393 752 2488 magistri
764 2393 943 2502 pomeranii
956 2400 1140 2468 exeroeent
1156 2393 1192 2466 in
1210 2395 1365 2466 futurum
1380 2391 1446 2490 (3).

516 2625 658 2698 LIBER
688 2625 721 2712 1,
750 2623 952 2698 TITULUS
981 2623 1105 2716 LXII,
1135 2621 1255 2698 PARS
1284 2625 1330 2697 11.

264 2775 420 2870 Magistri
442 2775 621 2852 camerarii
644 2775 706 2871 qui
731 2796 793 2872 per
809 2775 1042 2870 quorumlibet
1063 2775 1301 2872 presidatuum
1323 2774 1483 2870 regiones
1503 2773 1629 2848 amodo

213 2909 425 2994 statuentur,
449 2921 519 2974 non
547 2899 703 2975 vendant
730 2899 979 2994 bajulationem
1009 2899 1122 2974 officie
1147 2921 1218 2994 que
1242 2897 1290 2972 ad
1319 2897 1627 2973 administrandam

211 3025 381 3117 justitiam
398 3025 626 3122 pertinentia
648 3023 832 3099 audiendis
848 3034 883 3098 et
902 3022 1110 3099 definiendis
1128 3023 1387 3120 questionibus,
1409 3045 1558 3120 querum
1578 3025 1626 3100 ad

214 3171 275 3223 eos
299 3150 450 3245 eognitio
476 3173 523 3224 ex
544 3150 786 3244 jurisdictione
811 3151 868 3224 vet
897 3150 1008 3224 mixtu
1032 3149 1178 3246 imperio
1203 3149 1350 3246 pertinet
1371 3147 1423 3246 (a)
1450 3170 1514 3222 seu
1538 3171 1625 3246 qua·

215 3297 294 3348 rum
313 3273 362 3373 (b)
380 3274 426 3350 ad
449 3276 603 3374 ipsorum
627 3277 739 3350 officia
762 3275 938 3350 vetadbus
963 3275 1099 3370 legibus
1123 3284 1159 3348 et
1179 3275 1305 3348 nostris
1326 3273 1627 3350 constitutionibus

217 3399 460 3474 demandatur.
481 3401 669 3494 Indignum
688 3422 839 3498 namque
857 3401 929 3474 tore
950 3399 1168 3474 decernimus
1188 3409 1229 3473 ut
1247 3399 1515 3474 sacratissimum
1532 3399 1628 3494 quis·

216 3547 322 3620 quam
344 3526 478 3620 Justitie
505 3527 734 3600 ministerium
757 3525 857 3622 pretii
885 3525 1071 3599 venalitate
1097 3533 1285 3618 mercetur;
1310 3523 1373 3599 sed
1398 3522 1626 3617 heiulationes

215 3647 356 3723 easdem
373 3649 585 3724 committent
604 3650 688 3724 viris
710 3648 872 3724 fidelibus
894 3657 929 3722 et
948 3650 1123 3746 opinionis
1145 3651 1271 3744 electe,
1295 3647 1574 3747 prudentioribus
1592 3657 1626 3722 et

255 3797 301 3882 (a)
321 3799 368 3863 Its
381 3803 566 3881 erumnas.
581 3803 617 3866 ln
630 3801 769 3866 omuibus
781 3801 867 3866 eatur
875 3801 1020 3884 purtim

258 3905 299 3988 (t)
319 3907 502 3974 Subeudttur
515 3911 650 3994 munitio.

251 4144 288 4217 tt)
304 4143 345 4202 De
358 4145 460 4204 assistis
473 4163 564 4206 rerum
576 4149 725 4222 renalium,
740 4149 804 4210 ride
816 4148 883 4225 quid
899 4149 971 4208 dicet
981 4146 1128 4207 Rieeardus
1140 4146 1174 4206 de
1187 4147 1286 4206 Sancto
1298 4143 1443 4216 Germano,
1455 4144 1490 4202 ed
1504 4159 1625 4202 mensem

338 4260 351 4300 r
487 4288 494 4302 .

217 4243 494 4416 ἭᾙΞῗιῗ.
505 4343 574 4413 bxi,
584 4359 650 4420 pars
662 4345 731 4419 ibn.
743 4347 787 4402 tt.
798 4343 872 4404 idem
885 4342 1006 4402 officietis
1016 4343 1284 4417 nominataequoque
1295 4341 1323 4398 in
1331 4341 1446 4415 Regesto
1453 4338 1627 4398 damnemus.

252 4434 287 4509 (3)
304 4437 363 4496 ttae
378 4438 494 4496 οᾱίοῑιιω
512 4456 582 4499 anno
601 4445 671 4500 ⁴2³9
686 4443 745 4516 jem
764 4441 819 4500 vim
839 4441 981 4500 obtinebat
995 4455 1049 4514 quo
1067 4440 1137 4498 inter
1152 4445 1273 4498 caeteros
1291 4437 1421 4497 Crisaium
1436 4435 1627 4496 Amalfitanum

218 4533 371 4606 magisuum
389 4539 569 4596 camerarium
590 4541 695 4614 Aprutit
713 4557 764 4598 nee
777 4556 831 4599 non
843 4540 992 4599 Johuunem
1010 4539 1122 4599 Ciottum
1135 4539 1293 4614 megistum
1314 4537 1492 4597 camerarium
1515 4550 1532 4593 a
1551 4539 1628 4610 porta

218 4629 306 4690 Rosea
315 4649 402 4708 usque
412 4636 511 4694 qum
526 4637 686 4698 invenimus.
697 4639 775 4698 Unde
785 4637 877 4698 ridere
889 4638 940 4698 erit
953 4644 1018 4696 tune
1028 4637 1156 4714 temporis
1168 4636 1284 4696 officium
1297 4636 1394 4696 secreti
1406 4634 1456 4694 soli
1467 4633 1571 4693 insulae
1581 4633 1628 4692 si-

218 4725 292 4787 ciliae
305 4728 388 4792 fuisse
401 4741 580 4794 reserrmum.
715 4801 718 4808 ¹
