4308 5910
763 577 889 640 REGNI
914 572 1105 639 SICILIAE.

648 879 852 952 TITULUS
880 879 1035 951 XXXII.
1065 877 1117 948 IA
1142 873 1231 971 (tt).

744 1059 793 1129 De
808 1057 901 1129 nouis
920 1055 1055 1150 edificiis
1073 1051 1137 1149 (o).

695 1252 915 1305 turconrott
945 1251 1191 1303 tuenstuens·

280 1407 420 1502 Castra,
445 1411 656 1485 munitiones
684 1421 720 1484 et
744 1421 853 1484 turres
877 1411 922 1484 ab
952 1409 1159 1483 obitudive
1185 1407 1349 1481 memorIe
1374 1407 1466 1502 regis
1488 1406 1647 1482 GoiIeImi

234 1529 451 1632 [consobrini
484 1533 605 1634 nostri]
633 1545 766 1628 erecta,
795 1558 900 1632 super
926 1535 1056 1630 quibus
1083 1533 1225 1606 minime
1255 1531 1435 1606 diruendis
1464 1535 1650 1626 majestatis

232 1666 352 1732 nostre
375 1659 516 1734 licentia
538 1682 608 1735 non
633 1661 856 1756 precesserit,
881 1669 984 1756 prout
1009 1659 1044 1730 in
1066 1657 1228 1754 Capuuna
1249 1657 1344 1730 ouria
1366 1677 1427 1752 per
1450 1677 1512 1728 nos
1536 1658 1650 1730 extitit

231 1781 425 1856 stabilitum
444 1783 510 1881 (t),
527 1794 693 1860 renovata
709 1785 755 1880 (b)
776 1784 1018 1858 constitutione
1037 1791 1153 1855 nostra
1168 1781 1284 1856 denuo
1302 1781 1394 1854 dirui
1409 1779 1535 1854 debera
1550 1805 1649 1856 man-

232 1904 378 1998 damus3
408 1909 654 2004 publicationis
677 1931 766 2004 pena
790 1906 913 2006 [ipsius
936 1907 1038 1980 castri
1056 1908 1114 1980 vel
1133 1907 1217 1980 novi
1235 1903 1377 2004 edificii]
1400 1907 1650 1980 constitutionis

231 2039 351 2103 nostre
365 2033 659 2130 contemptoribus
677 2033 891 2124 imminente,
910 2031 939 2104 si
955 2053 1065 2126 usque
1081 2031 1127 2104 ad
1142 2031 1361 2104 Nativitatem
1379 2031 1515 2105 Domini
1533 2033 1651 2126 proxi-

231 2177 328 2228 mam
354 2155 493 2230 diruere
513 2157 652 2231 edificia
675 2155 720 2254 (c)
744 2165 978 2232 contemnant.
1009 2153 1100 2228 Illud
1128 2157 1231 2231 etiam
1257 2157 1405 2252 presenti
1430 2155 1651 2250 adjungimus

231 2280 405 2354 sanctioni
424 2291 462 2355 nt
482 2305 547 2357 neu
564 2284 773 2358 munitiones
791 2283 896 2358 alicui
922 2281 1063 2356 reficere
1081 2281 1215 2355 dirutas
1234 2281 1334 2356 licent
1350 2281 1426 2355 sine
1446 2281 1550 2355 nostri
1572 2281 1652 2354 cul-

232 2405 340 2478 minis
351 2406 519 2498 jussione.

644 2651 848 2726 TITULUS
877 2653 1053 2728 XXXIII.
1081 2658 1125 2726 IB
1151 2650 1242 2750 (ts).

422 2830 469 2900 De
485 2828 648 2922 prohibito
671 2830 708 2900 io
730 2839 822 2902 terra
843 2830 988 2902 &monii
1010 2831 1245 2903 constructione
1266 2839 1461 2902 castrorum.

751 3031 840 3080 loru
866 3031 1051 3080 nueusrus
1067 3007 1133 3105 (d).

285 3184 324 3255 In
343 3183 428 3257 Iocis
449 3182 601 3256 demanii
615 3185 720 3258 nostri
740 3181 877 3257 edificia
893 3183 978 3277 erIgi
998 3183 1034 3255 in
1060 3193 1233 3278 posterum
1247 3181 1487 3279 probibemus,
1505 3205 1648 3279 perque

233 3305 406 3408 [ipsorum
429 3309 581 3382 locorum
603 3309 757 3383 defensio
780 3309 839 3382 vel
861 3310 1038 3382 munimen
1060 3307 1133 3408 aut]
1157 3309 1244 3382 liber
1272 3308 1431 3381 introitus
1451 3319 1512 3381 aut
1533 3309 1648 3381 exitus

233 3435 353 3509 valeat
375 3435 549 3532 impediri.
575 3437 614 3508 In
637 3435 801 3532 predictis
826 3437 911 3508 Iocis
933 3446 1045 3509 turres
1070 3437 1156 3528 erigi
1182 3433 1307 3508 amodo
1324 3457 1385 3531 per
1406 3435 1559 3530 privatos
1581 3457 1649 3508 ex·

235 3559 610 3657 pressiusinhibemus.
628 3559 835 3634 Munitiones
849 3561 977 3633 etenim
995 3569 1127 3634 nostras
1145 3557 1205 3660 [et,
1218 3560 1313 3656 quod
1327 3569 1379 3633 est
1390 3559 1557 3643 securius,
1569 3581 1649 3656 pro·

235 3683 396 3758 tectionis
414 3695 527 3758 nostre
546 3682 738 3784 munimen]
757 3687 918 3760 omuibus
940 3686 1037 3781 regni
1060 3686 1167 3759 nostri
1191 3685 1353 3759 fidelibus
1374 3686 1476 3781 plene
1492 3685 1649 3759 sufficere

235 3809 412 3883 credimus
429 3809 475 3883 ad
493 3811 646 3883 tutelam.

282 3999 324 4080 (a)
346 4002 457 4064 Graece
473 4020 481 4061 :
496 4003 539 4064 na
552 4000 700 4064 dicendis
712 4003 814 4064 castre
825 4009 853 4063 ct
867 4000 996 4064 torridus
1006 4009 1069 4081 post
1082 4009 1202 4063 mmum
1217 3997 1353 4064 Gola'elm
1365 4001 1440 4082 repit
1452 4001 1595 4063 mento.

281 4107 324 4190 (b)
344 4109 393 4171 Ste
406 4112 583 4188 cornfflmus
597 4127 635 4170 ex
648 4111 716 4172 eod.
733 4118 829 4185 46²5,
845 4127 899 4187 pro
911 4116 1043 4170 revocato
1061 4110 1142 4188 quod
1160 4124 1280 4172 sensum
1304 4107 1414 4170 turbut.
1432 4109 1587 4188 Graecei-ji
1601 4105 1650 4189 etp

235 4213 362 4285 διατάξει.

282 4323 319 4402 (ι)
345 4321 419 4384 eod.
435 4331 512 4385 osas
527 4320 671 4402 edesium

282 4427 325 4509 (a)
345 4430 393 4491 Itu
405 4446 526 4508 quoque
538 4433 569 4490 tn
582 4431 649 4492 oud.
666 4439 753 4492 4625.
771 4429 829 4492 Sed
842 4447 891 4508 up.
906 4429 1018 4510 Sugen.
1034 4437 1064 4492 et
1077 4429 1216 4493 Ltndebr.
1232 4447 1292 4492 nux
1304 4431 1466 4493 Roemrus.

244 4613 521 4623 -o-——nn--e—-u---
531 4616 545 4622 .-
559 4616 577 4623 -
587 4617 606 4621 .,
619 4617 628 4622 -.
636 4615 1127 4626 μ--ι--ω------.-.......ι---.-ι--
1138 4617 1352 4627 ..n-..numna-
1359 4613 1611 4626 ——·----·-······
1620 4611 1645 4623 ⁴

277 4718 313 4794 tt)
332 4719 373 4778 ct.
388 4736 486 4795 supra,
509 4728 574 4780 tom.
590 4722 629 4795 11,
640 4739 671 4797 p.
686 4725 715 4781 et
734 4729 762 4780 et
775 4727 831 4780 not.
846 4726 873 4795 t,
885 4735 915 4778 n·
929 4725 957 4780 2.
