4360 5908
290 617 391 680 lunser.
410 613 452 700 s]
741 613 939 676 HISTORIA
964 610 1259 676 olsnollsutcs.
1647 605 1707 670 297

339 751 544 826 Fredericos
561 749 622 822 Dei
637 750 746 844 gmtia
762 752 993 825 Romanorum
1015 751 1200 846 imperator
1215 765 1351 842 semper
1368 751 1556 836 augustus,
1573 739 1704 816 Hieru-

291 876 399 948 salem
413 885 448 950 et
461 875 577 948 Sicilie
593 895 670 947 rex.
695 876 761 949 Per
778 897 918 970 presens
933 877 1099 972 scriptum
1119 881 1239 946 notum
1259 869 1333 946 fleri
1354 869 1518 943 volumus
1533 867 1705 940 universis

292 1000 428 1096 imperii
452 999 613 1074 fidelibus
638 1011 708 1073 tam
727 1001 944 1096 presentibus
961 1021 1067 1096 quam
1084 999 1208 1072 laturis
1227 995 1324 1092 quod
1345 998 1376 1069 J.
1402 995 1586 1091 episcopus
1605 992 1705 1066 Sabi·

290 1125 408 1197 nensis
421 1123 486 1220 (l),
505 1123 652 1198 dilectus
670 1125 801 1196 amicos
819 1134 947 1217 noster,
965 1125 1101 1220 rogavit
1113 1121 1351 1197 excellentiam
1369 1129 1520 1194 nostram
1534 1127 1705 1212 quatenus

292 1249 465 1322 abbatisse
481 1257 516 1322 et
532 1249 675 1342 collegio
693 1249 891 1322 monasterii
907 1249 1031 1322 Sancte
1049 1249 1157 1323 Marie
1174 1247 1220 1321 de
1235 1248 1377 1336 Balteo,
1394 1242 1627 1317 cisterciensis
1644 1263 1705 1314 or-

291 1373 396 1462 dinis,
413 1371 470 1446 oui
488 1373 635 1472 prestitit
651 1371 745 1446 idem
759 1374 940 1470 episcopus
956 1377 1028 1448 Deo
1042 1383 1182 1446 auctore
1198 1371 1418 1468 principium,
1434 1369 1552 1442 divine
1568 1365 1703 1463 pietatis

291 1495 418 1568 intuitu
437 1506 472 1570 et
487 1518 628 1570 suarum
645 1519 787 1593 prcoum
803 1498 944 1572 obtenta
958 1497 1053 1596 (sic),
1070 1498 1243 1572 licentiam
1262 1494 1483 1569 construendi
1497 1495 1637 1566 furnum
1655 1490 1702 1565 ed

290 1620 579 1716 opportunitatem
600 1641 719 1695 earum
750 1622 839 1695 inira
865 1623 982 1697 menia
1010 1623 1160 1696 civitatis
1186 1621 1365 1694 bisuntine
1387 1621 1424 1692 in
1449 1619 1567 1714 aliquo
1594 1616 1703 1690 iundo

290 1765 396 1838 quem
419 1745 456 1817 in
478 1747 728 1842 presentiarum
744 1757 827 1819 sunt
842 1749 985 1844 adepte,
1007 1748 1210 1840 [concedere
1230 1741 1482 1842 dignaremus]
1505 1745 1574 1818 Nos
1597 1743 1704 1836 igitur

291 1869 448 1964 ejusdem
468 1870 657 1944 venerandi
670 1873 823 1968 episcopi
840 1875 1001 1970 precibus
1014 1874 1180 1960 inclinati,
1199 1870 1414 1944 attendentes
1427 1890 1568 1964 quoque
1587 1869 1701 1940 locum

291 1992 413 2068 divino
432 1995 540 2068 cultui
559 1995 756 2071 dedicatum
774 2008 809 2072 et
826 1997 922 2093 quod
938 1997 1102 2094 degentes
1118 1997 1247 2070 ibidem
1263 1997 1471 2070 incessanter
1484 1993 1631 2065 Domino
1643 1994 1701 2066 la-

288 2119 478 2212 mulantnr‚
496 2121 652 2194 volentes
665 2142 784 2196 carum
808 2123 1108 2196 commoditatibus
1126 2133 1161 2196 et
1182 2121 1289 2217 quisti
1309 2117 1573 2193 misericorditer
1589 2117 1703 2213 provi·

285 2242 386 2336 dere,
403 2245 626 2320 concedimus
639 2246 686 2320 de
700 2247 820 2320 innata
836 2257 952 2320 nostra
970 2248 1151 2322 clementia
1166 2247 1259 2320 dicta
1273 2245 1448 2320 abbatisse
1464 2253 1499 2316 et
1514 2240 1702 2316 conventui

289 2370 487 2442 monasterii
506 2371 684 2445 memorati
698 2372 871 2448 licentiam
890 2372 1114 2448 construendi
1128 2374 1269 2445 turnum
1288 2371 1376 2444 infra
1393 2369 1572 2443 Bisontios
1583 2365 1703 2448 menia

290 2491 439 2566 civitatis
457 2493 503 2569 ad
516 2517 605 2591 opus
617 2505 652 2570 st
661 2499 954 2594 opportunitatem
967 2499 1133 2595 ipsamm.
1149 2496 1382 2570 Concedentss
1396 2495 1539 2590 insuper
1550 2502 1589 2564 ut
1603 2492 1705 2565 liceat

290 2617 342 2690 eis
360 2619 472 2693 excoli
488 2621 599 2696 lacere
615 2623 652 2694 in
668 2623 825 2720 predicto
842 2625 1010 2698 territorio
1029 2624 1093 2720 [in]
1112 2627 1188 2698 loco
1204 2623 1249 2696 de
1264 2622 1417 2696 Chaillcn
1432 2630 1467 2694 et
1485 2621 1640 2693 laborare
1656 2617 1703 2692 ad

290 2763 394 2814 unam
406 2765 583 2818 carrucam
597 2747 645 2820 do
656 2749 757 2822 terris
771 2749 908 2823 incultis
921 2771 989 2844 que
1002 2757 1083 2822 sont
1097 2749 1160 2838 ibi,
1178 2749 1267 2822 sicut
1278 2747 1373 2822 cives
1385 2743 1541 2839 ejusdem
1552 2742 1704 2816 civitatis

290 2868 452 2942 excolunt
477 2879 511 2944 st
528 2871 697 2946 laborant.
722 2871 780 2948 lu
802 2874 907 2968 hujus
925 2875 1043 2971 itaque
1066 2873 1296 2949 concessionis
1318 2879 1432 2946 nosue
1447 2868 1650 2944 memoriam
1670 2875 1705 2942 st

289 2989 395 3064 robor
420 3006 590 3089 perpetuo
615 2997 824 3088 valiturum,
850 3021 990 3096 presens
1014 3000 1179 3097 scriptum
1199 2997 1273 3074 lieri
1297 2997 1513 3094 precepimus
1538 3003 1573 3068 et
1589 2993 1702 3088 sigillo

289 3117 477 3208 majestatis
495 3129 611 3193 nostre
626 3123 773 3195 lecimus
785 3123 955 3220 insigniri.

338 3241 447 3333 Hujus
458 3265 599 3340 quoque
611 3245 660 3318 rei
673 3255 774 3321 testes
788 3251 937 3324 sunt:B.
954 3250 1150 3347 patriarcha
1162 3249 1416 3346 Aquilegensis‚
1427 3246 1471 3320 Α.
1486 3247 1701 3342 Magdebnr-

289 3365 422 3458 gensis,
443 3369 482 3440 T.
501 3369 738 3444 Ravennsnsis
762 3373 1033 3472 archiepiscopi;
1062 3375 1214 3473 episcopi
1236 3373 1514 3468 Bambergensis,
1539 3373 1699 3446 Worma·

289 3487 429 3583 ciensis,
450 3492 640 3587 curiensis,
658 3497 854 3592 imolensis,
872 3499 1097 3592 Mutinensis;
1118 3501 1278 3574 Albertus
1293 3497 1369 3573 dux
1382 3497 1549 3588 Saxonis,
1569 3495 1610 3570 0.
1624 3497 1701 3570 dux

289 3612 458 3707 Meranic,
478 3618 518 3689 B.
539 3617 615 3692 dux
634 3619 824 3718 Corinthia,
844 3646 959 3700 comes
971 3625 1139 3700 Henricus
1151 3623 1454 3712 dellortenberclr,
1475 3623 1641 3696 comesll.
1656 3623 1701 3696 do

289 3737 438 3832 Nassau,
461 3741 603 3816 comites
627 3742 672 3818 de
693 3747 831 3841 Sponen
853 3747 920 3847 (a),
948 3750 1173 3839 Gunzelinus‚
1201 3749 1402 3824 Warncrius
1422 3749 1467 3823 de
1491 3745 1697 3840 Bonlandia,

287 3862 480 3938 bichardus
497 3870 723 3965 camerarius,
743 3873 853 3946 etalii
871 3877 1104 3972 quamplures.

335 3989 462 4063 Datum
481 3993 661 4080 aavenne,
690 4018 782 4070 anno
798 3997 972 4073 dominice
989 3999 1234 4073 incarnationis
1245 3997 1491 4090 dccxxxi,
1510 4018 1628 4070 mense
1644 3996 1699 4070 ie-

288 4110 434 4208 bruarii,
454 4117 576 4211 quinta
595 4119 800 4216 indictione,
821 4123 1010 4221 imperante
1028 4124 1169 4199 domiuo
1187 4131 1303 4196 nostro
1321 4122 1515 4216 mederico,
1542 4121 1698 4196 invictis·

328 4301 370 4384 (a)
392 4304 457 4378 Slc;
471 4323 573 4370 revera
583 4305 619 4370 dc
631 4308 799 4390 Spocdct'rrr.

323 4565 360 4640 (⁴)
378 4568 513 4630 lohannes
523 4571 616 4648 digrin
627 4589 675 4632 seu
690 4575 724 4634 de
735 4576 926 4650 abbatisvilla,
938 4578 1093 4638 bisuntinus
1110 4579 1325 4656 archiepiscopus
1343 4579 1378 4637 ab
1396 4595 1467 4638 anno
1481 4581 1551 4638 libb
1563 4591 1650 4652 usque
1667 4574 1702 4634 ad

289 4663 369 4736 tota,
384 4672 478 4738 postea
489 4669 631 4728 cardinalis
648 4672 791 4750 episcopus
805 4675 976 4748 sabinensis,
991 4678 1183 4735 monesterium
1195 4677 1348 4736 monialium
1368 4677 1402 4736 de
1418 4678 1526 4735 Battant
1544 4675 1702 4733 fundaverat

285 4760 362 4834 juxta
365 4761 477 4928 Ῑίῧιιιεω
489 4765 842 4848 dictumdclullouills're,
857 4779 933 4833 exoa
946 4773 1060 4834 civitatis
1070 4791 1170 4834 muros.
1501 4883 1539 4936 88
