4360 5908
223 609 324 670 horor.
340 605 385 683 5.]
674 597 872 660 HISTORIA
896 597 1188 660 subterranea,
1577 597 1638 660 333

224 764 306 838 rege
319 739 371 838 (a)
383 737 455 812 filio
467 744 588 810 nostro
599 733 636 806 in
649 735 802 830 generali
812 735 909 810 curia
922 735 1117 809 Wormacie
1135 731 1303 806 indultam
1318 727 1372 829 (l)
1387 741 1502 806 nostre
1518 743 1638 806 aucto·

224 866 333 944 ritatis
349 860 543 936 munimine
558 859 719 955 prosequi
737 858 979 953 dignaremur,
999 859 1144 954 dignum
1160 857 1327 931 duximus
1344 878 1463 930 eorum
1480 858 1638 952 precibus

224 987 460 1072 favorabiliter
476 983 719 1088 annuendum,
743 993 782 1056 ut
800 993 880 1080 pote
900 985 962 1080 qui
987 1006 1057 1060 non
1076 983 1219 1078 indigne
1234 983 1404 1056 incorum
1419 982 1638 1078 promocione

225 1123 380 1188 nostrum
395 1118 431 1198 et
443 1107 578 1204 imperii
596 1117 724 1182 statum
738 1107 951 1182 intendimus
969 1107 1150 1182 commode
1168 1105 1455 1202 promovendum.
1470 1105 1638 1180 Concedi-

225 1259 303 1311 mus
316 1237 423 1331 igitur
436 1235 540 1328 J'nxta
558 1231 654 1328 qnod
671 1231 764 1306 idem
783 1253 848 1306 rex
863 1231 954 1306 lilius
973 1241 1086 1306 noster
1103 1232 1256 1306 noscitur
1271 1230 1481 1304 concessisse
1498 1252 1541 1304 ao
1557 1253 1641 1326 per-

225 1357 595 1458 petueconlirmacioni
607 1355 790 1446 donamus,
809 1365 998 1430 statuentes
1011 1365 1181 1452 quatenus
1195 1357 1330 1428 nullum
1346 1376 1476 1429 novum
1492 1365 1641 1428 castrum

226 1487 281 1558 vel
301 1485 423 1558 civitas
443 1482 479 1556 iu
498 1481 618 1556 lundis
632 1483 856 1556 ecclesiarum
874 1483 933 1556 vel
949 1481 1130 1556 occasione
1148 1479 1335 1554 advocacie
1351 1502 1414 1578 per
1429 1501 1492 1554 nos
1508 1481 1563 1554 vel
1579 1501 1642 1575 per

225 1632 438 1706 quemquam
447 1609 553 1684 alium
567 1608 634 1682 sub
647 1583 805 1704 pretextu
818 1609 976 1703 quolibet
988 1615 1240 1682 construantur.
1256 1607 1339 1680 ltem
1354 1604 1450 1702 quod
1465 1627 1557 1680 nova
1569 1605 1641 1679 sora

226 1757 298 1809 non
316 1735 448 1831 possint
462 1734 606 1828 antiqua
619 1734 838 1828 aliquatenus
855 1733 1038 1830 impedire.
1059 1734 1144 1806 ltem
1156 1753 1259 1805 nemo
1275 1740 1418 1826 cogatur
1438 1729 1484 1804 ad
1499 1729 1640 1826 aliquod

226 1861 341 1932 lorum
357 1859 407 1932 ire
418 1858 563 1932 invitus.
577 1859 661 1932 ltem
672 1866 777 1932 abate
788 1857 929 1952 antique
937 1878 1007 1930 non
1023 1856 1238 1930 declinentur
1250 1855 1318 1928 nisi
1329 1854 1374 1929 de
1385 1854 1641 1930 transeuucium

225 1985 419 2058 voluntate.
445 1985 531 2058 ltem
549 1983 586 2056 in
609 1981 806 2056 civitatibus
822 1982 948 2056 nostris
966 1982 1066 2056 novis
1083 1981 1264 2055 bannitum
1282 1980 1414 2054 miliare
1434 1981 1638 2076 deponatur.

226 2109 312 2182 ltem
331 2107 574 2202 unusquisque
595 2106 792 2204 principum
811 2106 1044 2198 libertatibus,
1064 2105 1380 2200 jurisdictionibus,
1403 2105 1639 2196 comitatibus,

226 2232 337 2306 centis
349 2232 416 2306 sibi
429 2231 547 2306 liberis
560 2232 616 2304 vel
634 2230 820 2306 infeodatis
837 2240 950 2308 utetur
959 2233 1090 2328 quiete,
1105 2230 1300 2306 secundum
1312 2240 1403 2304 terre
1413 2252 1477 2304 sue
1490 2253 1642 2306 consue-

227 2356 386 2432 tudinem
406 2357 643 2454 approbatam.
662 2357 747 2430 Item
764 2355 1015 2451 centumgravii
1033 2356 1200 2452 recipiant
1218 2364 1336 2430 centas
1359 2378 1380 2430 a
1401 2356 1543 2431 domino
1556 2366 1643 2431 terre

226 2482 285 2555 vel
299 2481 345 2554 ab
357 2501 400 2556 eo
412 2481 473 2576 qui
486 2503 548 2577 per
562 2479 742 2554 dominum
758 2489 846 2555 terre
860 2481 963 2554 fuerit
981 2479 1190 2556 inleodatus.
1207 2481 1292 2554 ltem
1304 2481 1417 2555 locum
1431 2491 1530 2554 cente
1541 2505 1642 2556 nemo

227 2606 378 2678 mutabit
394 2605 471 2678 sine
488 2627 657 2679 consensu
671 2604 802 2680 domini
821 2615 921 2680 torre.
943 2607 1028 2679 ltem
1047 2605 1095 2680 ad
1109 2614 1227 2680 eentm
1245 2627 1348 2680 nemo
1362 2605 1528 2682 sinodalis
1539 2629 1644 2682 voce-

227 2738 298 2802 tur.
318 2731 402 2804 ltem
419 2729 516 2804 cives
529 2731 591 2826 qui
605 2729 836 2828 pbalburgere
853 2731 1017 2806 dicuutur
1043 2733 1181 2827 penitus
1199 2731 1393 2825 ejiciantur.
1411 2733 1497 2806 Item
1519 2755 1644 2806 causus

227 2854 303 2928 vini
315 2908 326 2946 ,
350 2855 514 2951 pecunie,
539 2855 702 2930 frumenti
728 2857 787 2930 vel
807 2857 866 2930 alii
884 2878 973 2952 quos
996 2857 1116 2930 rustici
1140 2858 1391 2930 constituerunt
1413 2857 1580 2930 hacteuus
1607 2879 1645 2932 se

228 2980 625 3070 soluturos,rclaxentur
638 2989 673 3053 et
684 2981 828 3054 ulterius
839 3001 909 3053 nou
920 2980 1141 3077 recipiantur.
1160 2982 1244 3054 ltem
1258 2981 1466 3078 principum,
1476 2981 1644 3056 nobilium

228 3111 264 3176 et
281 3103 558 3178 ministerialium
580 3105 804 3178 ecclesiarum
824 3104 981 3178 homines
1002 3104 1132 3202 proprii
1157 3105 1194 3176 iu
1216 3105 1415 3181 civitatibus
1434 3106 1557 3180 nostris
1574 3127 1643 3182 uon

227 3228 452 3324 recipiantur.
474 3229 558 3304 ltem
572 3229 801 3326 principibus,
822 3231 1013 3324 nobilibus,
1043 3231 1319 3304 ministerialibus
1340 3241 1375 3306 ct
1395 3232 1550 3306 ecclesiis
1565 3253 1643 3328 pro·

227 3353 392 3450 prietates
412 3363 448 3428 et
466 3352 569 3428 feoda
584 3375 647 3450 per
668 3354 824 3428 civitates
844 3365 976 3428 nostras
997 3365 1164 3452 occupata
1178 3355 1400 3429 restituantur
1418 3379 1484 3429 nec
1501 3357 1644 3430 ulterius

229 3487 456 3574 occupentur.
471 3479 556 3551 item
570 3477 780 3552 conductum
795 3478 991 3576 principum
1007 3501 1067 3576 per
1082 3490 1206 3553 terram
1219 3502 1339 3554 eorum
1354 3503 1459 3577 quam
1480 3481 1525 3556 de
1538 3503 1644 3556 manu

229 3611 351 3676 nostra
369 3611 487 3676 tenent
502 3603 539 3676 in
555 3602 671 3696 laedo,
692 3603 750 3676 vel
766 3624 908 3699 paruos
931 3605 986 3676 vel
1012 3625 1073 3699 per
1090 3614 1224 3678 nostros
1243 3627 1312 3678 non
1337 3603 1566 3702 impediemus
1580 3609 1644 3682 ‘val

230 3722 375 3822 infringi
391 3729 578 3825 paciemur.
601 3729 685 3801 ltem
706 3749 777 3801 non
793 3728 1041 3824 compellantur
1058 3729 1165 3824 aliqui
1184 3751 1245 3824 per
1263 3731 1425 3803 scultetos
1443 3742 1576 3806 nostros
1599 3733 1645 3808 ad

229 3852 498 3948 requieicionem
508 3850 556 3950 (b)
564 3874 683 3926 eorum
693 3874 763 3948 qua
775 3875 797 3926 a
807 3853 996 3948 longinquo
1005 3861 1158 3948 tempore
1169 3853 1214 3925 ab
1223 3853 1422 3927 hominibus
1431 3868 1642 3952 receperant,

230 3977 436 4072 priusquam
452 3999 489 4050 se
504 3977 539 4048 in
555 3977 680 4050 nostris
697 3976 897 4050 civitatibus
919 3978 1140 4070 collocarent,
1161 3977 1228 4048 nisi
1251 3977 1408 4052 homines
1429 3980 1496 4075 ipsi
1519 3981 1646 4054 luerint

230 4099 378 4196 imperio
396 4100 594 4174 immediate
608 4101 773 4194 subjecti,
795 4122 886 4195 quos
903 4095 1110 4174 tenebuntur
1123 4104 1247 4194 juvare
1262 4123 1367 4198 super
1380 4123 1501 4176 eorum
1512 4107 1591 4199 jure
1610 4107 1646 4178 in

231 4225 308 4298 loro
325 4246 447 4298 eorum
463 4225 659 4320 inquorum
675 4225 773 4298 terris
785 4226 866 4298 talia
881 4235 961 4299 sunt
974 4234 1149 4323 percepta.
1167 4215 1252 4299 Item
1263 4225 1299 4298 in
1313 4226 1511 4303 civitatibus
1521 4231 1648 4304 nostris

274 4402 319 4485 (a)
341 4405 378 4466 In
397 4405 489 4466 altero
502 4405 662 4482 exemplarl
675 4405 794 4466 oddltur
805 4401 915 4466 dilecto.

278 4508 319 4591 (d)
340 4513 376 4572 ln
388 4512 481 4573 altero
493 4510 536 4572 ad
545 4513 772 4588 restitutionem,
788 4514 907 4574 rcellus.

271 4747 308 4824 (t)
327 4748 367 4807 Gi.
378 4765 473 4826 supra,
488 4755 554 4811 tom.
570 4751 620 4825 111,
633 4768 661 4826 p.
677 4752 739 4810 tte.
