4298 5906
737 593 866 655 aneni
892 592 1081 656 srcrnrnn
1556 581 1616 658 soc

207 729 284 821 lari,
301 730 338 805 in
355 731 508 826 ipmrum
525 727 753 802 locationibus
775 729 919 804 sormam
942 727 1143 821 hujusmodi
1158 729 1319 802 volumus
1336 729 1512 803 observari
1532 757 1541 802 ε
1562 732 1616 803 vi-

208 853 336 928 delicet
353 863 393 940 ut
406 863 645 950 procuratores
662 852 784 949 preiati
800 874 822 926 a
839 853 1008 928 locatione
1028 853 1211 927 leodorum
1227 853 1440 942 militarium,
1450 854 1534 928 sire
1549 855 1617 927 sint

208 987 411 1073 quaternate
426 979 484 1052 vel
499 998 582 1070 non,
596 998 737 1074 prorsus
751 977 957 1068 absdneant
973 985 1008 1050 et
1024 977 1070 1050 ab
1086 977 1142 1050 his
1155 999 1226 1074 que
1239 985 1321 1052 sunt
1333 986 1520 1050 castrorum
1538 999 1618 1051 nos·

209 1111 339 1174 trorum
366 1101 617 1174 munitionibus
643 1100 702 1176 vel
727 1101 852 1174 nostris
878 1101 1007 1176 solatiis
1035 1099 1222 1198 deputeta;
1248 1101 1315 1174 nisi
1342 1123 1447 1198 super
1478 1101 1545 1174 boc
1573 1101 1619 1174 de

208 1225 353 1320 repetite
371 1225 578 1298 conscientie
592 1223 642 1320 (c)
662 1235 777 1300 nostre
795 1225 930 1299 scriniis
954 1224 1157 1299 mandatum
1177 1227 1368 1322 receperint
1388 1226 1559 1300 iteratum.
1579 1227 1617 1297 lu

208 1350 355 1422 aliarum
372 1359 488 1422 autem
509 1350 792 1424 excedentiarum
810 1349 1038 1424 locationibus
1058 1350 1109 1423 sic
1131 1351 1225 1447 ipsos
1242 1359 1477 1445 procuratores
1497 1371 1617 1446 proce·

209 1472 292 1548 dere
318 1474 468 1570 presenti
490 1473 733 1547 constitutions
756 1473 948 1564 unumne,
975 1473 1140 1548 videlicet
1162 1483 1201 1548 ut
1219 1473 1264 1548 de
1282 1472 1352 1547 lide
1376 1482 1412 1547 et
1437 1494 1620 1546 eonversa-

208 1597 301 1671 tione
320 1599 486 1694 petentis,
506 1597 703 1672 conditione
719 1620 761 1670 ac
781 1599 899 1672 valore
919 1598 969 1672 rei
985 1599 1108 1694 petite,
1128 1597 1216 1694 quid
1238 1597 1367 1670 scilicet
1385 1598 1524 1690 exejus
1542 1619 1620 1693 prc-

209 1722 373 1796 ventibus
387 1723 568 1818 proveniat
586 1721 778 1814 annuatim,
795 1744 856 1818 per
874 1720 994 1796 fideles
1009 1732 1143 1796 nostros
1161 1720 1320 1818 primitus
1333 1719 1557 1793 instruantur.
1578 1721 1620 1793 Et

209 1845 430 1942 sipetentem
449 1844 587 1921 fidelem
610 1855 765 1919 nostrum
786 1847 982 1919 invenerint
998 1845 1230 1940 eumdemque
1248 1845 1379 1918 bonum
1400 1844 1564 1917 cultorem
1587 1853 1621 1916 et

209 1971 301 2064 frugi
319 1993 361 2044 ac
377 1971 483 2044 rebus
501 1973 573 2042 suis
586 1971 767 2044 salubriter
785 1993 826 2044 ac
843 1971 1083 2067 perspicaciter
1098 1969 1354 2064 disponentem,
1374 1967 1491 2040 necin
1512 1967 1620 2040 oden·

210 2095 342 2169 sionem
375 2096 432 2168 vel
459 2093 736 2169 malevolentiam
766 2093 914 2188 alicujus
941 2093 1145 2166 locationem
1175 2101 1337 2188 expetere
1364 2089 1618 2186 supradictam,

211 2219 336 2315 placet,
357 2229 427 2290 tam
442 2217 701 2292 subhastatione
718 2217 765 2316 (b)
783 2240 888 2313 quam
913 2218 991 2290 aliis
1008 2217 1170 2312 legitimis
1196 2215 1467 2290 solemnitatibus
1495 2215 1621 2289 obser-

211 2343 316 2431 vatis,
336 2363 425 2438 quas
449 2351 486 2416 et
503 2343 635 2415 cautela
649 2343 739 2435 juris
759 2343 893 2439 antiqui
909 2352 944 2416 et
966 2341 1072 2414 nostri
1090 2341 1187 2436 regni
1211 2339 1426 2415 consuetudo
1451 2338 1618 2434 deposcit,

211 2465 355 2538 coneilio
381 2465 536 2558 magistri
563 2466 742 2539 camerarii
766 2465 944 2562 provincie
969 2463 1193 2537 nibilominus
1220 2464 1426 2556 accedente,
1453 2463 1624 2560 expetitas

212 2587 436 2662 excudendas
448 2587 627 2662 locationis
641 2598 809 2686 perpetuo
816 2591 897 2684 jnre
911 2588 1069 2681 concedi,
1082 2597 1117 2662 et
1129 2609 1343 2684 possessores
1358 2609 1478 2662 earum
1493 2587 1622 2683 quibus

212 2711 368 2811 predicto
385 2711 489 2787 modo
507 2735 668 2788 concesse
682 2717 809 2790 luerint
824 2723 990 2812 perpetua
1006 2713 1187 2788 securitate
1204 2713 1370 2808 gaudere.
1393 2715 1443 2786 Ac
1457 2713 1487 2785 si
1504 2735 1622 2786 eorum

213 2837 337 2933 aliquis
369 2835 415 2910 ad
446 2839 614 2912 cautelam
647 2840 811 2932 majorem
850 2861 949 2913 suam
977 2859 1042 2911 seu
1076 2859 1313 2910 successorum
1345 2858 1487 2910 suorum
1521 2859 1624 2932 super

211 2961 441 3036 locationibus
458 2963 542 3058 ipsis
560 2963 855 3040 confirmationem
873 2987 894 3038 a
913 2963 1014 3038 nobis
1037 2963 1220 3059 impetrare
1242 2961 1407 3054 voluerit,
1429 2961 1522 3034 idem
1541 2985 1623 3036 ma-

213 3085 318 3180 gister
343 3097 637 3182 procuratorene
668 3112 747 3163 cum
776 3089 939 3184 magistro
968 3087 1155 3160 camerario
1182 3085 1380 3181 supradicto
1408 3087 1475 3159 sub
1501 3087 1623 3182 sigillis

177 3237 178 3240 ¹
214 3211 303 3302 suis,
320 3209 480 3302 judicum
507 3212 721 3309 aliorumque
746 3223 939 3286 nostrorum
963 3209 1119 3284 bdelium
1142 3211 1210 3283 loci
1233 3210 1294 3305 qui
1319 3232 1424 3304 super
1445 3210 1512 3282 boc
1534 3232 1623 3283 con-

215 3333 329 3406 silium
355 3331 544 3422 dederunt,
571 3357 632 3430 per
657 3337 784 3410 litteras
808 3359 891 3410 suas
913 3335 1008 3408 curie
1034 3345 1150 3408 nostre
1166 3334 1326 3408 distincte
1346 3333 1544 3408 descnbant
1566 3336 1622 3407 lc-

215 3479 312 3542 cum,
337 3459 508 3546 valorem,
533 3460 732 3555 qualitatem
759 3471 794 3534 et
815 3461 1040 3557 quantitatem
1059 3459 1110 3532 rei
1137 3460 1262 3549 locate,
1288 3459 1375 3554 quid
1399 3468 1434 3531 et
1452 3469 1621 3554 quantum

216 3580 308 3652 curia
326 3589 443 3654 nostra
460 3579 505 3655 de
523 3603 560 3656 re
578 3584 654 3682 ipsa
668 3595 867 3682 perceperat
879 3585 1070 3672 annuatim,
1088 3581 1282 3676 cujusmodi
1299 3605 1441 3656 censum
1458 3583 1533 3654 sive
1549 3604 1619 3656 ser·

215 3703 336 3776 vitium
362 3703 539 3801 percipere
558 3705 683 3782 debeat
706 3709 751 3783 de
769 3708 910 3801 eadem,
933 3707 1019 3803 quid
1038 3707 1190 3802 denique
1207 3729 1269 3804 per
1288 3707 1491 3780 locationem
1511 3707 1619 3801 ipsam

215 3826 309 3900 curie
336 3837 450 3902 nostre
477 3829 634 3904 utilitatis
660 3843 850 3922 accrescat;
875 3842 915 3904 ut
937 3853 984 3904 ex
1007 3853 1127 3904 eorum
1150 3831 1251 3926 plena
1276 3830 1440 3904 relatione
1468 3831 1621 3927 perdocti

216 3949 404 4025 deliberare
428 3952 599 4048 possimus
627 3975 671 4027 an
695 3955 885 4052 predictam
908 3953 1198 4029 confirmationem
1221 3955 1410 4029 concedere
1433 3955 1534 4028 nobis
1554 3977 1618 4028 ex·

216 4075 333 4170 pediat
348 4097 393 4148 an
412 4097 552 4172 negare.
572 4077 729 4152 Ceterum
747 4078 794 4153 ad
807 4079 873 4152 boc
886 4089 927 4152 ut
943 4079 1096 4174 magistri
1113 4088 1349 4174 procuratores
1364 4077 1431 4174 ipsi
1447 4099 1524 4151 cum
1543 4079 1620 4152 aliis

216 4200 370 4294 personis
391 4201 458 4274 sibi
477 4225 539 4298 per
557 4213 708 4277 nostram
732 4204 862 4277 curiam
886 4203 1058 4299 deputatis
1078 4203 1115 4274 in
1133 4200 1354 4298 dispendium
1371 4202 1421 4276 rei
1441 4204 1621 4278 familiaris

217 4323 289 4396 suis
317 4323 474 4398 laborare
500 4327 692 4424 dispendiis
723 4351 792 4404 uon
823 4339 1007 4424 cogantur,
1031 4351 1093 4426 per
1115 4327 1281 4424 speciales
1304 4337 1339 4400 et
1366 4349 1481 4402 sacros
1505 4339 1620 4403 nostre

260 4495 301 4576 (a)
320 4498 381 4576 Ap.
396 4499 560 4565 mcum
577 4505 622 4565 m·
635 4505 728 4584 petite
741 4503 777 4566 dc
790 4506 967 4568 maeatis.
983 4505 1180 4568 limandamus
1193 4521 1233 4566 cx
1245 4503 1311 4568 cod.
1327 4512 1406 4566 lete
1420 4505 1462 4580 Α,
1478 4507 1527 4567 cul
1545 4523 1617 4568 con·

222 4605 309 4664 sentit
320 4605 455 4668 Peccbla.

260 4708 300 4790 (b)
311 4710 379 4878 vap,
391 4714 552 4778 ceream
568 4733 655 4798 repar
673 4715 897 4782 elimatione.
910 4719 1077 4782 Deleudum
1088 4726 1188 4784 tamen
1199 4737 1296 4800 aper,
1313 4719 1395 4799 quod
1407 4717 1549 4782 abundat.

297 4819 311 4878 1
343 4863 351 4880 .
1426 4835 1462 4888 27
