4288 5912
519 553 580 618 sm
1019 553 1233 619 utronn1c1
1257 547 1433 620 sncuuor
1747 549 1828 637 [tn.
1846 549 1930 613 raes.

523 695 662 799 quarto
678 687 939 772 Romanorum
955 687 1182 800 imperatore
1199 715 1301 776 anno
1326 689 1427 774 1087
1449 687 1573 774 eidem
1598 685 1777 772 ccclesiae
1802 683 1935 770 indul-

525 831 627 932 tum,
647 833 805 907 renouat
821 831 859 907 el
874 821 1076 910 inserendo
1093 824 1307 910 confirmat.

610 1061 732 1144 (lnedlt.
749 1081 788 1126 ex
800 1082 866 1144 cop.
881 1064 1111 1130 lerccocetanea
1124 1066 1205 1147 sputi
1217 1067 1331 1132 urcblv.
1345 1065 1490 1130 Madent
1502 1067 1535 1128 ln
1547 1065 1632 1141 Plus,
1645 1065 1844 1128 taltmlnco
1856 1064 1937 1143 qnod

648 1169 688 1232 nd
700 1171 957 1236 confirmationem
974 1175 1117 1238 Frlderlct
1136 1175 1257 1238 secundl
1274 1178 1388 1238 attinet.
1402 1174 1480 1238 Nam
1501 1175 1686 1254 prlrilegtum
1706 1173 1827 1236 llsnutel
1839 1171 1937 1252 quand

650 1293 699 1357 up.
722 1281 887 1356 birunnun,
911 1279 1000 1362 θρα.
1024 1279 1188 1364 diplomat,
1208 1287 1281 1346 tom.
1300 1283 1404 1362 lV‚p.
1432 1290 1490 1345 186
1509 1281 1677 1344 exhibetur.
1691 1281 1779 1344 Nunc
1800 1280 1937 1342 nodatum

650 1386 756 1450 damus
775 1403 844 1450 cum
865 1387 1044 1452 cbsrtnlnrlo
1061 1389 1093 1453 S.
1108 1391 1224 1466 servet,
1238 1389 1323 1452 MSS.
1338 1391 1370 1452 ln
1383 1389 1459 1452 Blbl.
1474 1404 1536 1470 reg.
1551 1389 1659 1464 Paris„
1672 1393 1745 1450 tom.
1759 1389 1819 1461 111,
1833 1386 1886 1450 lol.
1901 1395 1936 1450 tt

650 1501 724 1557 rect.
737 1501 768 1556 et
781 1496 903 1574 passim.
918 1495 1062 1576 ongtnati
1081 1497 1163 1575 qnod
1183 1497 1264 1576 apud
1280 1495 1541 1578 Bagam-combis
1559 1502 1693 1560 mtur
1704 1501 1767 1558 mat
1778 1509 1939 1574 appensum

648 1602 780 1681 nlgtllum
792 1619 831 1664 ex
843 1617 911 1665 cern
925 1603 994 1666 albu
1007 1602 1067 1667 lllls
1080 1607 1182 1668 serlcls
1193 1605 1276 1667 rubrl
1288 1611 1319 1668 ct
1330 1603 1401 1668 mvl
1412 1605 1519 1667 colotis
1530 1621 1600 1667 eum
1615 1605 1743 1684 tnngtne
1757 1603 1940 1683 lmpentorls

649 1709 780 1772 ananus
790 1712 824 1772 ln
836 1709 934 1791 sollo)

580 1925 620 1998 In
638 1923 777 2000 nomine
796 1933 913 2000 sancte
930 1935 965 2000 el
983 1923 1165 2002 individue
1186 1927 1372 2004 Trinitatis.
1401 1925 1597 2002 Fridericus
1620 1924 1797 2001 socundus
1820 1922 1939 2000 divina

531 2052 670 2126 invente
686 2049 866 2125 clementia
886 2051 1117 2126 Romanorum
1135 2053 1319 2152 imperator
1337 2075 1474 2152 semper
1490 2061 1676 2149 anguem,
1703 2051 1887 2128 Ierusalem
1906 2062 1940 2126 et

532 2173 649 2247 Sicilie
666 2195 743 2248 rex.
763 2174 854 2248 lnter
866 2185 980 2250 nemra
994 2177 1129 2273 pietatis
1142 2199 1248 2276 opera
1263 2201 1335 2276 que
1352 2178 1540 2276 imperialis
1560 2176 1794 2252 munificentia
1812 2177 1941 2272 jugiter

533 2307 706 2396 operatur,
727 2299 813 2373 illud
832 2301 944 2396 magis
963 2303 1092 2376 lactum
1106 2303 1179 2378 iore
1196 2303 1347 2380 ereditur
1369 2304 1415 2380 ad
1439 2305 1586 2380 salutem
1609 2302 1706 2400 quod
1718 2302 1940 2378 sacrosanctis

534 2423 688 2498 ecclesiis
702 2423 736 2498 in
755 2425 885 2520 quibus
898 2426 1022 2500 Christi
1034 2427 1212 2502 servitium
1230 2429 1353 2504 militat
1366 2428 1549 2516 indelessa,
1571 2428 1617 2504 de
1634 2427 1790 2502 allluenti
1806 2427 1939 2501 miseri·

536 2549 654 2625 cordia
666 2550 842 2646 elargitur.
862 2551 947 2627 lude
962 2553 1125 2650 estquod
1143 2555 1338 2652 prepositus
1354 2565 1389 2630 et
1411 2556 1599 2652 capitulum
1614 2553 1728 2628 Sancti
1747 2553 1893 2628 Seruatii
1906 2553 1940 2625 in

517 2703 520 2707 ·
536 2675 689 2770 Treiecto
705 2673 826 2750 lideles
837 2677 943 2754 nostri
957 2700 1018 2773 per
1029 2679 1195 2752 loannem
1212 2680 1482 2756 concanonicum
1494 2700 1615 2754 eorum
1634 2677 1772 2752 lidelem
1790 2685 1942 2752 noenum

429 2890 432 2900 Ι
536 2799 716 2896 quoddam
729 2801 962 2898 privilegium,
976 2801 1150 2876 indultum
1163 2803 1278 2879 eidem
1289 2804 1432 2879 ecclesie
1442 2826 1463 2878 a
1475 2803 1652 2900 quondum
1663 2803 1810 2877 llenrioo
1822 2809 1940 2898 quarto

535 2925 767 3000 Romanorum
777 2925 983 3024 imperatore
993 2937 1140 3022 augusto
1153 2928 1237 3004 dive
1249 2929 1415 3004 memorie
1427 2929 1672 3027 predecessore
1684 2936 1814 3021 nostro,
1830 2936 1941 3000 nocuo

537 3050 679 3124 culmini
697 3059 956 3148 presentarunt,
986 3053 1219 3150 supplicantes
1243 3054 1343 3128 nobis
1367 3064 1495 3130 atteme
1519 3064 1559 3128 ut
1583 3051 1804 3150 privilegium
1832 3052 1942 3149 ipsum

536 3174 703 3250 innovare
720 3185 756 3250 et
768 3197 810 3250 ea
819 3199 890 3274 qne
905 3179 1122 3254 continentur
1136 3179 1172 3252 in
1186 3181 1261 3278 ipso
1274 3180 1389 3256 eidem
1400 3181 1544 3256 ecclesie
1558 3178 1763 3254 confirmare
1777 3177 1824 3252 de
1834 3185 1942 3252 nostm

537 3301 646 3396 gratia
665 3301 898 3398 dignaremur.
919 3303 1026 3399 Cujus
1043 3313 1141 3380 tenor
1157 3305 1236 3379 talis
1253 3317 1330 3380 est:

573 3425 612 3500 ln
625 3425 765 3502 nomine
779 3437 897 3503 sancte
910 3439 945 3504 et
956 3429 1140 3507 individue
1153 3431 1325 3506 Trinitatis
1336 3429 1944 3506 etvictorioeissimecrncisetsancte

537 3555 601 3630 Dei
615 3555 792 3652 genitricis
807 3557 928 3633 blarie.
947 3559 1115 3634 Henricns
1130 3559 1193 3634 oei
1208 3562 1317 3657 gratia
1333 3561 1564 3636 Romanorum
1581 3559 1764 3656 imperator
1780 3565 1944 3652 augustus

539 3681 702 3756 omnibns
718 3691 835 3757 sancte
851 3685 914 3758 llei
933 3685 1084 3758 Ecclesia
1100 3683 1181 3759 ibis
1198 3693 1267 3762 um
1286 3685 1431 3783 posteris
1445 3707 1550 3781 quam
1567 3683 1785 3782 presentibus
1803 3681 1946 3778 gratiam

539 3807 604 3880 Dei
630 3819 831 3905 perpetuam
856 3817 891 3882 et
918 3831 1051 3907 pacem
1078 3811 1250 3898 Quoniam
1275 3809 1417 3908 regibus
1443 3818 1479 3884 et
1501 3807 1805 3906 imperatoribusa
1826 3809 1898 3882 Deo
1913 3805 1947 3878 in

541 3955 664 4030 pacem
680 3935 902 4008 ecclesiarum
920 3935 1113 4009 constitutis
1133 3935 1329 4012 sollicitudo
1345 3957 1422 4010 esse
1439 3933 1543 4010 debet
1559 3934 1626 4008 sibi
1645 3929 1839 4008 commissis
1860 3953 1949 4028 prn-

543 4059 665 4134 denter
684 4069 719 4133 et
736 4069 875 4134 strenue
892 4059 1075 4158 providere
1091 4061 1260 4156 ecclesiis,
1291 4061 1437 4158 dignum
1458 4059 1625 4134 duximus
1642 4066 1682 4132 ut
1699 4057 1789 4132 sicut
1807 4057 1844 4130 in
1862 4063 1950 4130 statu

544 4185 686 4259 bonoris
702 4184 758 4258 eui
779 4195 814 4260 et
837 4185 1033 4282 integritate
1055 4185 1221 4260 libertatis
1244 4184 1362 4262 adhuc
1385 4185 1496 4283 posite
1521 4195 1602 4258 sunt
1622 4180 1880 4272 conservande,
1906 4180 1952 4252 ita

545 4309 780 4384 dominatione
803 4311 923 4407 iniqua
945 4333 1128 4410 oppresse,
1154 4312 1191 4386 in
1217 4311 1421 4409 pauperiem
1444 4309 1604 4399 redacte,
1629 4307 1795 4382 libertatis
1823 4303 1952 4378 honore

547 4436 722 4530 destitute,
741 4437 810 4510 sint
834 4437 1063 4512 reformande.
1083 4438 1173 4512 Talis
1190 4459 1273 4535 ergo
1291 4445 1325 4512 et
1338 4446 1430 4513 unm
1448 4431 1687 4510 sollicitudinis
1700 4429 1830 4522 studio,
1849 4427 1952 4502 beni-

546 4563 660 4659 gnitas
688 4570 805 4636 nostm
837 4562 1015 4636 ecclesiam
1046 4563 1138 4638 beati
1172 4563 1317 4638 Servatii
1348 4563 1385 4636 in
1413 4561 1567 4656 Trcjecto
1596 4557 1802 4655 respiciens,
1834 4553 1951 4648 inique

546 4697 583 4762 et
606 4687 705 4785 gravi
738 4688 813 4782 ejus
839 4687 995 4762 servituti
1027 4685 1231 4780 condoluit,
1260 4708 1326 4762 uec
1355 4705 1457 4785 pessa
1486 4693 1539 4760 est
1561 4681 1707 4758 ulterius
1732 4699 1809 4754 cam
1839 4674 1954 4752 debila
