4298 5906
671 641 673 646 ·
749 637 876 701 necui
902 639 1089 706 srernrau
1560 621 1618 702 rea

205 775 456 852 deliberatione
486 771 692 848 taxandum.
722 773 799 859 Quo
826 783 1015 866 transacto,
1043 798 1123 849 cum
1149 775 1271 850 litteris
1302 775 1357 847 sui
1386 771 1539 867 magistri
1566 771 1615 865 (a)

204 903 320 1000 operis
337 909 494 976 teneatur
510 899 595 974 dare
610 897 718 992 gratis
734 899 906 974 licentiam
923 901 1159 976 condemnatis
1172 889 1220 974 ad
1236 899 1377 998 propria
1393 895 1588 970 revertendi
1606 921 1615 966 ε

203 1027 303 1122 quod
326 1025 533 1122 generaliter
549 1022 759 1098 curandum
781 1023 962 1099 censemus
983 1027 1020 1098 in
1035 1026 1198 1101 omnibns
1214 1025 1277 1121 qni
1295 1024 1343 1098 ad
1357 1045 1462 1120 opera
1481 1021 1619 1117 publica

204 1150 435 1248 deputantur,
461 1159 503 1222 ut
527 1149 727 1244 designetur
754 1149 805 1222 eis
832 1149 1128 1224 condemnationis
1149 1161 1285 1246 tempus
1304 1159 1340 1222 et
1361 1169 1487 1240 causa,
1508 1147 1564 1218 vel
1589 1146 1620 1216 si

202 1277 355 1370 qualitas
381 1274 497 1349 delicti
526 1274 717 1370 poposcerit
733 1274 829 1370 quod
856 1275 1115 1378 inperpetuum
1131 1275 1349 1349 condemnati
1366 1273 1513 1371 publicis
1535 1291 1619 1366 ope-

205 1401 308 1474 ribus
323 1401 546 1496 deputentur,
563 1397 630 1472 hoo
646 1399 767 1494 ipsum⁴
778 1409 814 1474 et
830 1401 1001 1474 sententia
1018 1400 1165 1498 presidis
1181 1400 1360 1474 manifeste
1380 1397 1554 1471 contineat
1571 1393 1621 1492 (b)

206 1533 241 1597 et
256 1524 373 1598 littere
385 1545 491 1622 super
505 1522 572 1598 boc
587 1523 692 1597 misse
704 1524 885 1598 manifeste
898 1523 1086 1600 declarent.
1102 1527 1260 1600 Ceterum
1273 1524 1304 1596 si
1319 1524 1387 1596 tale
1400 1520 1488 1618 quid
1503 1529 1621 1593 contra

207 1668 267 1721 eos
285 1649 470 1744 probatum
480 1649 632 1722 extiterit
642 1671 688 1722 ex
701 1670 772 1745 quo
783 1671 965 1746 personam
981 1653 1138 1726 amittere
1151 1650 1301 1724 debeant
1318 1652 1374 1724 vel
1388 1649 1622 1722 membrorum

207 1772 461 1846 mutilationem
474 1773 653 1846 incurrere
664 1783 726 1846 aut
739 1783 906 1870 perpetuo
919 1777 1047 1850 carceri
1062 1776 1250 1872 mancipari
1263 1773 1322 1872 (c),
1339 1761 1469 1846 tunc‘si
1480 1771 1623 1867 quidem

207 1895 238 1969 is
263 1905 386 1971 contra
412 1897 515 1992 quein
543 1897 721 1993 inquisitio
745 1899 835 1972 lucta
857 1899 972 1991 luerit,
988 1901 1074 1974 levis
1096 1902 1223 1974 vileat
1243 1901 1332 1974 malo
1354 1897 1623 1972 conversationis

207 2022 319 2094 luisse
333 2043 403 2094 non
418 2021 623 2118 probabitur
634 2023 692 2096 vel
711 2043 774 2117 per
787 2043 1013 2118 quoscunque
1027 2023 1203 2098 maleficus
1224 2045 1294 2097 non
1311 2023 1488 2118 probetur,
1506 2019 1622 2114 inqui-

208 2146 403 2220 sitionisei
430 2147 530 2242 eopia
556 2147 739 2220 tribuatur.
767 2148 872 2221 Porro
901 2149 931 2220 si
955 2150 1145 2244 peripsam
1171 2147 1427 2244 inquisitionem
1452 2153 1513 2219 aut
1539 2145 1625 2217 allas

208 2279 332 2344 contra
346 2291 428 2344 eum
446 2270 554 2344 laetas
574 2270 662 2343 levia
680 2272 951 2346 conversationis
968 2283 1003 2345 et
1021 2271 1092 2345 vite
1103 2273 1281 2367 probetur,
1297 2280 1359 2344 aut
1372 2269 1468 2366 quod
1485 2277 1626 2365 propter

209 2397 432 2470 manifestam
461 2397 580 2490 lugam
601 2417 648 2468 ex
672 2395 842 2470 maleficio
864 2395 968 2470 luerit
989 2398 1223 2488 forbannitus,
1250 2405 1286 2470 et
1303 2415 1366 2492 per
1390 2394 1510 2468 decem
1535 2394 1627 2467 bone

210 2521 389 2618 opinionis
408 2520 503 2594 viros
519 2521 597 2596 ‘uon
619 2521 780 2594 inimicos
805 2522 910 2596 delati
936 2523 1119 2619 probatum
1147 2522 1250 2596 luerit
1271 2530 1390 2596 contra
1413 2541 1512 2610 eum,
1537 2519 1626 2592 lacta

210 2646 280 2720 sibi
295 2645 398 2741 copia
412 2645 592 2719 nominum
605 2653 740 2719 tantum
758 2647 913 2720 omnium
930 2648 1081 2736 testium,
1097 2669 1166 2721 non
1180 2644 1378 2742 dictorum(
1428 2665 1494 2718 neo
1508 2665 1627 2718 eorum

212 2770 411 2867 specialiter
423 2770 485 2866 qui
502 2780 621 2844 conna
636 2771 752 2868 ipsum
767 2771 1024 2867 inquisitionem
1040 2761 1230 2868 deponunt,
1246 2770 1293 2844 ad
1306 2767 1628 2843 condemnationem

213 2893 329 2989 ipsius
341 2895 445 2987 juxta
458 2895 659 2990 qualitatem
673 2896 809 2992 probati
825 2897 977 2970 criminis
990 2897 1209 2994 procedatur.
1225 2897 1276 2969 De
1293 2894 1500 2990 specialibus
1513 2901 1629 2967 antem

213 3018 332 3090 causis
349 3028 384 3090 et
400 3018 448 3093 ad
463 3019 693 3114 singularium
710 3020 899 3096 delationes
917 3033 1034 3098 contra
1051 3022 1244 3117 singulares
1259 3039 1423 3116 personas
1440 3021 1563 3109 iactas,
1584 3017 1630 3090 ad

211 3139 474 3234 inquisitionem
493 3143 530 3214 in
555 3143 757 3218 criminibus
780 3144 974 3220 faciendam
1000 3146 1143 3218 minime
1166 3142 1389 3240 procedatur,
1412 3153 1631 3238 preterquam

213 3264 252 3336 in
271 3263 415 3340 crimine
435 3267 506 3342 lese
523 3269 712 3362 majestatis
730 3280 849 3344 contra
868 3291 1052 3368 personam
1072 3279 1223 3347 nestram
1239 3271 1297 3346 vel
1315 3279 1510 3347 nostrorum
1528 3265 1632 3340 colla·

214 3390 379 3477 toralium
396 3403 609 3494 perpetrato,
629 3393 693 3470 vel
704 3395 770 3471 nisi
787 3395 939 3494 speciale
954 3399 1160 3472 conscientie
1179 3407 1294 3471 nosue
1309 3387 1513 3472 mandatum
1523 3403 1633 3494 'supe‘

216 3517 444 3612 inquisitione
462 3520 622 3596 iacienda
644 3521 825 3618 procedat.
848 3525 886 3596 ln
906 3524 1035 3619 quibus
1055 3523 1169 3596 causis
1188 3521 1339 3598 dandam
1359 3524 1417 3598 val
1438 3522 1632 3619 negandam

217 3640 455 3736 inquisitionis
473 3645 629 3742 copiam,
652 3647 756 3743 plene
778 3669 841 3744 per
858 3648 1088 3743 inquirentem
1113 3647 1160 3721 ad
1182 3669 1247 3721 uos
1269 3647 1434 3722 relatione
1450 3648 1634 3745 premissa,

218 3765 443 3842 certificatum
462 3780 578 3846 nostre
595 3774 784 3868 maiestatis
802 3773 980 3849 arbitrium
1000 3772 1146 3870 provida
1163 3772 1410 3848 deliberatione
1427 3767 1606 3848 mandabit
1621 3801 1630 3847 ε

218 3911 289 3986 que
318 3893 462 3988 quidem
491 3896 612 3972 relatio
635 3897 850 3972 'continebit'
863 3897 1095 3973 conditionem
1123 3897 1307 3972 deferentis
1336 3907 1441 3994 atque
1472 3898 1576 3973 delati
1602 3909 1636 3974 et

219 4036 347 4090 nornen
364 4027 399 4090 et
415 4019 543 4093 lamam
560 4021 683 4118 ipsius,
706 4023 861 4098 criminis
882 4023 986 4098 etiam
1004 4023 1223 4118 qualitatem,
1241 4023 1380 4096 testium
1399 4045 1582 4098 numerum
1601 4035 1636 4098 et

262 4257 304 4340 (ο)
326 4259 463 4324 Fordnn
475 4265 536 4326 aab
548 4266 695 4347 mapiatcr.
708 4267 756 4331 Slc
768 4267 914 4349 Samyna,
928 4274 958 4331 et
969 4275 1071 4332 nostra
1083 4269 1226 4331 sententla
1235 4269 1353 4332 mellus.

262 4363 303 4446 (i)
324 4368 413 4430 llunc
426 4371 523 4432 locum
537 4377 566 4433 ct
578 4375 723 4436 morata
730 4375 872 4458 waldi,
888 4383 957 4458 cta,
970 4377 1076 4440 rcielllt
1088 4377 1254 4454 timcanus,
1270 4377 1341 4440 dum
1362 4354 1485 4456 quaerat
1497 4375 1570 4456 quld
1584 4393 1634 4437 ve·

221 4469 259 4532 llt
278 4471 336 4535 boc
358 4490 466 4538 nomen
483 4477 639 4560 moade,
655 4488 788 4561 tempore
801 4484 952 4548 Frlderlcl'
966 4485 1145 4551 inaudltnm.
1159 4485 1242 4550 lnlra
1263 4491 1363 4550 tamen
1387 4485 1485 4549 denuc
1508 4487 1634 4548 astatur

223 4593 318 4656 neqrm
334 4581 416 4642 allud
428 4583 576 4661 significat
588 4589 836 4672 ubljartiticriur
846 4591 982 4673 reqicnir.

264 4681 302 4763 (r)
325 4685 570 4752 mmmmm.
