4308 5910
745 610 873 672 REGNI
901 611 1092 674 SICILIAE.
1569 611 1626 672 145

209 747 378 822 naturalis
393 745 557 844 temporis
570 746 627 820 vel
641 745 783 819 minoris
801 747 899 821 etatis
918 745 1128 840 adversarii,
1150 755 1307 844 presente
1323 747 1427 821 oliam
1453 747 1490 819 in
1514 766 1622 840 regno

209 872 412 946 adversario
433 892 512 964 sno,
532 869 745 968 possederit,
766 869 802 942 in
827 879 1031 966 perpetuum
1055 873 1127 944 lore
1151 892 1325 962 securum,
1342 881 1377 944 et
1399 871 1569 944 actionem
1588 871 1621 942 ei

208 1005 329 1069 contra
346 995 535 1090 quemlibet
558 1007 788 1092 possessorem
806 995 836 1068 si
863 1017 885 1068 a
910 995 1126 1090 possessione
1143 995 1305 1070 ceciderit
1322 1005 1357 1068 at
1381 997 1620 1091 exceptionem

209 1131 329 1192 contra
343 1129 515 1216 petentem
533 1119 722 1214 quemlibet
745 1118 979 1214 indulgemus.
998 1119 1101 1206 Quod
1118 1121 1221 1194 etiam
1244 1119 1291 1194 ad
1312 1121 1388 1192 illos
1416 1119 1623 1215 porrigimus

208 1246 268 1340 qui
286 1265 402 1340 nsque
414 1243 463 1318 ¹ad
482 1244 546 1318 bec
568 1254 721 1340 tempora
741 1243 880 1340 triginta
896 1244 998 1316 anuis
1017 1243 1186 1340 preteritis
1206 1245 1399 1336 tenuerint,
1432 1245 1468 1316 in
1493 1245 1624 1339 quibus

209 1370 272 1442 etsi
283 1391 357 1442 non
372 1370 475 1464 plene
483 1368 653 1462 justitiam
662 1378 849 1464 potuerunt
859 1366 908 1462 (a)
921 1369 1086 1464 consequi
1096 1379 1362 1465 conquerentes,
1374 1369 1410 1440 in
1423 1367 1490 1442 boc
1502 1370 1622 1441 saltem

210 1493 418 1568 deevidenti
427 1493 562 1568 desidia
571 1493 732 1566 excusari
746 1513 815 1566 non
826 1492 1061 1588 possintquod
1073 1493 1356 1589 interruptionem
1368 1494 1624 1589 prescriptionis

209 1619 306 1714 apud
319 1640 381 1692 cos
393 1619 456 1713 qui
473 1639 494 1691 a
509 1617 609 1692 nobis
626 1618 957 1694 admiuistraticnem
975 1617 1163 1709 habebant,
1178 1639 1240 1714 per
1257 1618 1519 1691 conventionem
1533 1619 1623 1712 legi-

211 1748 331 1817 timam
347 1755 409 1818 aut
426 1743 707 1816 contestationem
723 1743 807 1833 litis,
827 1752 928 1838 prout
946 1741 1122 1815 veteribus
1136 1742 1272 1837 legibus
1284 1751 1336 1815 est
1356 1741 1530 1814 indultum
1547 1741 1619 1837 (b),

210 1869 379 1944 inducere
394 1877 595 1964 potuerunt.
625 1866 782 1940 Prodicta
804 1877 921 1940 autem
951 1867 1068 1940 omnia
1087 1867 1134 1940 ita
1157 1889 1241 1940 sano
1264 1867 1375 1963 accipi
1400 1867 1562 1940 volumus
1585 1875 1624 1937 ut

211 1994 411 2067 tricennalis
425 1992 627 2089 prescriptio
643 1992 679 2064 in
700 1991 814 2065 leudis
837 1991 979 2085 integris
1000 2003 1035 2064 et
1059 2013 1178 2066 eorum
1192 1991 1307 2086 quotis
1326 1993 1482 2088 partibus
1508 1992 1621 2063 locum

210 2119 350 2211 habeat,
361 2141 406 2191 ex
415 2117 542 2212 quibus
553 2117 749 2213 prescriptis
763 2116 895 2188 nullum
905 2127 1015 2212 potest
1023 2116 1210 2212 reipublice
1220 2116 1450 2214 prejudicium
1462 2116 1619 2210 irrogari,

210 2265 290 2315 oum
315 2242 411 2340 apud
426 2263 670 2338 quemcunque
683 2241 831 2315 resideat
848 2241 1026 2316 servitium
1044 2240 1262 2335 designatum
1280 2252 1315 2314 et
1336 2241 1506 2331 debitum,
1525 2241 1621 2335 quod

211 2389 282 2441 uon
305 2377 376 2440 tam
399 2387 546 2464 persone
565 2389 672 2462 quam
695 2365 747 2438 rei
778 2365 845 2463 ipsi
872 2365 1084 2462 adscriptum
1116 2387 1193 2440 esse
1219 2366 1452 2462 dignoscitur,
1480 2367 1623 2438 minime

211 2492 323 2564 amitti
341 2491 385 2588 (c)
400 2491 525 2588 poterit
539 2491 595 2564 vel
610 2491 646 2562 in
669 2491 786 2586 aliquo
806 2490 981 2564 minorari.
1007 2490 1166 2564 Ceterum
1192 2490 1220 2562 si
1239 2511 1344 2587 super
1363 2491 1480 2586 aliquo
1500 2493 1622 2589 predio

212 2619 268 2691 vel
285 2617 418 2714 prediis
431 2616 479 2691 ad
501 2614 645 2690 lendum
667 2637 728 2689 sen
752 2625 883 2712 partem
904 2614 1000 2689 leudi
1014 2624 1140 2690 certam
1158 2615 1428 2712 pertinentibus,
1445 2637 1514 2712 que
1528 2619 1624 2690 velut

212 2743 322 2815 libera
345 2763 368 2816 a
388 2739 537 2814 servitiis
557 2739 615 2813 vel
641 2737 929 2835 qualitercunque
954 2739 1053 2812 aliter
1079 2739 1159 2835 quis
1180 2739 1390 2836 prescribat,
1423 2739 1469 2813 de
1496 2742 1625 2836 quibus

213 2866 349 2937 nullum
370 2874 423 2938 est
440 2875 572 2937 certum
590 2864 769 2937 servitium
790 2873 1028 2961 pretaxatum,
1055 2864 1336 2960 prescriptionem
1363 2865 1624 2960 quanticunque

215 2992 379 3088 temporis
396 2991 432 3062 in
450 2992 546 3064 nullo
564 2991 729 3086 prodesse
746 2991 813 3064 sibi
833 3011 1035 3080 censemus;
1063 3011 1143 3063 cum
1167 2989 1208 3063 iis
1224 2988 1269 3063 de
1289 2989 1393 3063 leudo
1419 2989 1620 3082 subtractis,
1717 3073 1720 3080 ,

213 3117 259 3190 de
278 3115 480 3190 necessitate
493 3138 556 3212 per
573 3136 788 3211 consequens
803 3115 914 3212 ipsum
930 3113 1109 3187 servitium
1129 3113 1327 3187 minoretur.

618 3411 824 3484 TITULUS
847 3410 1021 3483 XXXIX.
1050 3415 1100 3482 lH
1127 3408 1216 3506 (l8).

629 3565 676 3636 oe
689 3565 924 3658 prorogatione
935 3565 1200 3660 prescriptionis.
1343 3577 1346 3584 '

761 3739 852 3788 lon
877 3739 1076 3789 Incussus.

263 3865 562 3962 Qnadregennlem
580 3867 859 3964 prescriptIonem
878 3880 913 3944 et
931 3870 1193 3965 sexagenariam
1217 3891 1288 3965 que
1312 3879 1431 3943 contra
1448 3867 1569 3942 fiscum
1589 3868 1626 3940 in

215 3991 365 4087 publicis
387 3991 555 4066 hactenus
572 3992 803 4089 competebat,
825 4015 936 4088 usque
959 3993 1006 4068 ed
1028 4005 1166 4068 centum
1183 4017 1351 4068 annorum
1370 3996 1520 4092 spatium
1538 4013 1627 4090 pro-

216 4137 396 4211 rogamus3
425 4117 616 4191 minoribus
647 4116 952 4214 proscriptionibus
984 4115 1154 4192 adversus
1183 4115 1304 4192 liscum
1331 4119 1507 4210 inductis,
1537 4139 1625 4212 qua·

215 4238 362 4314 driennii
386 4241 517 4315 scilicet
539 4241 576 4314 in
600 4241 704 4315 rebus
734 4241 906 4316 donatisa
924 4243 1023 4317 nobis
1048 4253 1083 4316 et
1101 4243 1239 4318 triennii
1262 4266 1283 4317 a
1305 4243 1483 4318 sententiis
1505 4253 1624 4316 contra

216 4385 277 4438 uos
294 4365 390 4458 latis,
411 4365 448 4438 in
465 4387 530 4439 sno
546 4366 670 4441 robore
688 4366 876 4442 duraturis.

256 4545 298 4626 (o)
317 4547 399 4610 Allan
411 4554 510 4609 autem
519 4554 671 4629 pamel.

256 4650 297 4731 (b)
318 4653 365 4714 lta
376 4655 409 4714 ln
420 4669 525 4732 graeco
537 4661 568 4716 et
579 4657 610 4716 ln
624 4653 691 4716 cod.
707 4661 785 4716 4625
799 4669 853 4732 pro
866 4649 1027 4713 indoctam.

257 4758 295 4838 (c)
321 4759 358 4820 ln
372 4775 477 4840 meno
488 4757 647 4838 αὐξηθῆναι,
660 4761 783 4844 σαφανὲς
796 4761 875 4840 qnod
889 4762 1008 4822 omnlno
1021 4768 1198 4839 suspectum.

294 4865 349 4930 IV.
446 4895 454 4910 ι
