4320 5918
253 565 351 634 tuerer.
366 570 410 655 a]
709 565 905 630 HISTORIA
929 563 1221 628 DlPLOMATlCA.
1608 562 1668 624 517

254 708 377 782 denter
399 711 558 800 apparet,
587 711 628 774 ut
646 701 761 776 dictus
786 703 895 778 abbas
919 701 1129 777 advocatum
1153 701 1262 798 possit
1287 702 1414 798 eligere
1426 721 1529 796 quern
1546 697 1613 774 sibi
1629 709 1665 774 et

254 831 400 906 ecclesie
422 849 487 904 sue
511 827 639 902 viderit
658 826 845 924 expedire,
865 827 1060 924 sepedictus
1083 825 1212 918 abbas,
1238 826 1492 900 communicato
1519 826 1663 899 fratrum

254 977 415 1048 suorum,
432 953 725 1046 ministerialium,
744 951 999 1028 inlaudatorum
1016 974 1057 1026 ac
1074 952 1202 1025 familie
1216 971 1281 1026 sue
1294 951 1451 1042 consilio,
1470 950 1664 1025 voluntarie

253 1103 293 1155 aa
310 1079 435 1155 obtulit
450 1079 488 1152 in
506 1075 632 1150 manus
644 1086 779 1151 nostras
791 1085 826 1151 et
841 1097 905 1150 nos
922 1076 958 1148 in
974 1097 1076 1150 snum
1093 1075 1307 1150 defensorem
1322 1075 1528 1149 advocatum
1542 1074 1660 1170 elegit,

254 1205 453 1302 supplicans
470 1201 647 1276 humiliter
662 1211 697 1276 et
710 1200 836 1276 devote
848 1210 889 1274 ut
904 1223 950 1276 ex
961 1222 1032 1296 quo
1045 1200 1191 1275 dilectus
1204 1202 1364 1297 princeps
1377 1207 1492 1272 noster
1504 1198 1580 1273 dux
1594 1199 1665 1274 Me·

254 1327 363 1422 r'anie,
375 1349 480 1425 quem
492 1335 593 1401 antea
611 1326 678 1400 sibi
694 1326 730 1399 in
746 1325 954 1401 advocatum
970 1327 1132 1421 elegerat,
1149 1325 1241 1398 diem
1254 1323 1376 1397 clausit
1389 1333 1583 1397 extremum
1595 1319 1661 1420 (t),

254 1455 369 1551 ipsum
387 1463 423 1527 et
440 1452 622 1526 ecclesiam
635 1473 735 1526 suam
751 1451 818 1526 sub
832 1460 947 1524 nostra
962 1459 998 1524 at
1014 1451 1148 1547 imperii
1162 1449 1370 1546 protectione
1381 1448 1533 1546 recipere
1545 1447 1666 1544 digna·

254 1601 380 1652 remur.
406 1579 476 1651 Nos
497 1578 615 1672 itaque
632 1576 706 1650 suis
723 1576 947 1674 petitionibus
971 1574 1143 1666 inclinati,
1165 1574 1378 1649 attendentes
1392 1572 1611 1647 devotionem
1630 1584 1665 1646 et

254 1715 352 1798 grata
368 1702 508 1776 servitia
526 1723 595 1796 qne
613 1701 714 1774 nobis
735 1701 896 1774 exhibuit
919 1711 954 1774 at
975 1701 1012 1772 in
1034 1710 1135 1774 antea
1160 1701 1196 1771 in
1220 1699 1312 1772 bono
1337 1711 1372 1772 et
1394 1698 1518 1772 melius
1541 1697 1666 1794 poterit

255 1828 432 1918 exhibere,
456 1827 571 1922 ipsum
589 1826 749 1900 abbatem
772 1837 808 1902 et
829 1826 1009 1900 ecclesiam
1035 1847 1134 1898 snam
1157 1847 1236 1898 cum
1260 1823 1433 1896 universis
1455 1821 1658 1914 intendatis,

255 1951 536 2026 ministerialibus
554 1960 694 2046 totaque
708 1950 837 2022 lamilia
856 1971 927 2024 nna
944 1972 1025 2024 oum
1040 1950 1201 2024 omnibus
1215 1948 1314 2021 bouis
1331 1949 1451 2044 quein
1467 1949 1663 2044 presentia·-

253 2099 331 2150 rum
353 2075 602 2150 rationabiliter
619 2075 772 2172 possidet
795 2085 831 2149 et
853 2075 1010 2148 inantea
1033 2076 1129 2168 justo
1153 2073 1390 2169 acquisitionis
1409 2073 1509 2146 titulo
1535 2073 1662 2170 poterit

254 2200 413 2297 adipisci,
424 2201 490 2274 sub
503 2209 618 2274 nostra
629 2211 663 2272 et
671 2200 805 2296 imperii
822 2199 963 2296 speciali
979 2199 1165 2297 recipimus
1178 2199 1403 2294 protectione;
1416 2198 1620 2273 mandantes
1630 2209 1664 2274 et

254 2323 396 2399 firmiter
414 2325 642 2421 precipientes
659 2336 699 2398 ut
715 2325 832 2398 nullos
847 2325 892 2397 sit
907 2325 968 2420 qui
982 2323 1114 2398 dictum
1130 2324 1290 2398 abbatem
1314 2333 1349 2397 et
1365 2325 1543 2398 ecclesiam
1565 2347 1663 2398 suam

255 2459 373 2524 contra
390 2449 591 2543 hujusmodi
609 2449 829 2547 protectionis
846 2459 960 2524 nostre
974 2459 1124 2524 tenorem
1138 2459 1314 2548 presumat
1326 2457 1453 2523 tommo
1470 2449 1662 2524 molestare.

254 2574 356 2661 Quod
373 2576 434 2671 qui
453 2575 698 2672 presumpserit
720 2573 993 2669 indignationem
1019 2576 1125 2648 nostri
1152 2574 1313 2647 culminis
1333 2595 1371 2647 se
1393 2574 1527 2650 nouerit
1549 2574 1664 2648 ineur-

253 2720 388 2772 surum.
404 2697 460 2772 td
477 2699 577 2792 cujus
601 2699 651 2774 rei
676 2699 896 2792 memoriam,
920 2721 1061 2796 presens
1081 2699 1247 2796 scriptum
1269 2696 1345 2772 lieri
1369 2707 1403 2771 et
1419 2697 1531 2794 sigillo
1548 2705 1664 2771 nostro

250 2823 419 2918 jussimus
433 2825 651 2900 communiri.

302 2951 428 3024 Datum
446 2951 570 3047 logie,
591 2950 714 3024 ultimo
731 2947 943 3044 decembris,
963 2959 1084 3024 octava
1097 2947 1308 3022 indictionis.

305 3533 538 3643 Friderious,
554 3533 816 3620 Romanorum
833 3533 1055 3646 imperator,
1065 3543 1152 3644 post
1168 3533 1317 3618 obitum
1333 3533 1442 3618 ducis
1459 3535 1663 3654 Meraniae,
1696 3555 1862 3656 „ggggpp

254 3667 305 3751 ab
322 3668 459 3753 abbate
472 3678 511 3752 et
523 3694 547 3751 a
560 3667 743 3752 trabibus
755 3667 975 3752 monasterii
989 3667 1199 3778 Tegernsec
1211 3667 1251 3748 in
1266 3667 1491 3752 advocatum
1506 3671 1662 3782 electae,

252 3801 351 3887 illud
367 3802 642 3887 monasterium
660 3800 733 3885 suh
751 3800 904 3913 speciali
922 3827 992 3885 sua
1009 3811 1047 3885 et
1064 3801 1212 3912 imperii
1229 3801 1361 3913 recipit
1377 3805 1620 3912 protectione.

333 3989 425 4072 (Edit.
444 4010 494 4071 ap.
510 3994 645 4069 omnm,
660 3991 767 4072 Scapt.
782 4009 843 4054 rer.
862 3992 956 4070 Boia,
966 3997 1040 4054 tom.
1053 3993 1098 4066 11,
1113 4009 1144 4070 p.
1161 4001 1211 4068 85,
1227 3997 1257 4053 et
1269 3993 1301 4054 ln
1314 3992 1442 4055 Moaunt
1458 3993 1585 4073 Boic.,t.
1602 3997 1661 4075 v1,

372 4117 403 4179 p.
415 4109 449 4162 tt
460 4109 485 4162 t.
506 4102 661 4163 Memorat.
673 4117 791 4179 qnoque
805 4097 897 4176 ttici,
915 4106 990 4162 tum.
1005 4099 1107 4173 XXX,
1122 4115 1190 4177 pars
1206 4107 1246 4176 1¹,
1260 4117 1292 4178 p.
1308 4099 1392 4180 232.)

301 4261 508 4358 Friderious,
518 4264 581 4338 Dei
591 4263 935 4360 gratiallomanorum
945 4263 1131 4360 imperator
1139 4283 1274 4358 semper
1282 4273 1464 4357 augustus,
1472 4267 1662 4342 Jerusalem

290 4515 327 4590 (t)
345 4515 410 4575 Otto
423 4517 435 4574 1
447 4517 502 4575 dux
513 4517 648 4576 bleraniae
662 4517 756 4576 eodem
772 4533 843 4576 anno
856 4519 938 4588 taut,
953 4519 969 4572 6
983 4515 1056 4588 maii,
1070 4515 1211 4575 defunctus
1223 4522 1291 4588 erat,
1305 4516 1351 4590 qui
1365 4515 1448 4573 filium
1459 4517 1568 4575 unicum
1582 4519 1662 4578 Otto·

253 4613 510 4688 nemllreliquerat,
521 4613 1294 4690 sedminoremanniseteubtutelaconstitutum.Sepultus
1301 4615 1661 4692 estantemjuxtaconjugom

254 4725 331 4770 suam
344 4712 493 4772 Beatricem
507 4714 579 4790 apud
592 4714 729 4774 abbatiam
740 4713 775 4772 de
787 4712 934 4786 Lengheim
947 4711 976 4769 in
987 4710 1144 4770 Franconia.
1154 4711 1195 4770 Gi.
1204 4712 1456 4786 denuntiaris,
1466 4717 1487 4770 t.
1499 4713 1545 4785 111,
1556 4729 1585 4788 p.
1597 4717 1659 4773 336.
