4288 5912
221 583 321 646 lauret.
337 580 385 660 6.]
670 573 866 638 HISTORIA
890 573 1183 641 utrnottllrrclt.
1569 575 1631 638 tre

220 718 497 796 accusationibus
511 723 630 790 contra
644 711 997 812 predictumlcomune
1008 715 1175 790 Florentia
1187 715 1369 814 propositis
1384 737 1445 812 per
1457 712 1630 788 siudieum

220 853 256 918 et
267 852 418 918 actorem
432 839 627 937 predictum
638 861 703 935 pro
712 839 978 938 partemmuuis
992 841 1209 931 senensium,
1218 841 1334 938 ipsum
1347 860 1493 914 comune
1506 839 1630 914 invan-

220 981 295 1042 tnm
304 977 357 1043 eet
364 970 508 1042 formam
516 965 604 1060 juris
616 965 772 1038 comunis
785 973 954 1058 ειιιιιιιιιι,
966 966 1251 1062 prouuuptiamus
1265 966 1380 1062 ipsum
1388 985 1534 1040 comune
1542 965 1630 1038 Sene

220 1091 434 1167 mictondum
461 1091 498 1163 in
517 1089 769 1186 possessionem
789 1089 959 1162 bonorum
978 1091 1135 1164 comunis
1157 1099 1193 1166 et
1216 1089 1449 1164 universitatis
1464 1089 1632 1163 Florentio

223 1237 287 1313 pro
306 1238 468 1312 mensura
486 1215 595 1289 debiti
613 1213 777 1288 declarati
798 1223 1040 1324 sexcentarum
1063 1215 1208 1288 millium
1229 1216 1394 1290 librarum
1412 1214 1632 1318 denariorum

222 1333 428 1416 sedendum
446 1362 510 1440 pro
525 1329 654 1414 demum
672 1339 765 1414 illato
777 1329 1024 1446 univcrsitati'
1015 1339 1144 1442 ιριιιι
1143 1340 1179 1413 in
1195 1338 1426 1436 destructione
1445 1347 1633 1414 castrorum

223 1465 361 1542 Siluule
373 1476 412 1542 et
433 1441 684 1563 Quereegroese
703 1473 740 1540 et
753 1487 820 1562 pro
834 1437 962 1540 damno
982 1465 1101 1540 illato
1092 1466 1158 1562 rpsi
1176 1465 1391 1583 universitati
1413 1465 1450 1538 in
1470 1441 1634 1538 comitatu

224 1591 333 1687 ipsius
354 1610 415 1689 per
432 1591 706 1685 devastationes,
732 1589 894 1666 incendia
914 1599 950 1665 at
968 1590 1249 1688 depopulationes
1263 1613 1387 1666 -rerum
1409 1565 1632 1666 albanorum

224 1717 430 1790 Smensium
456 1725 491 1792 ct
511 1718 709 1791 comitatus
724 1717 908 1813 ipsorump
925 1716 1193 1791 declaratione
1169 1715 1292 1814 rpsius
1313 1716 1421 1792 debiti
1449 1716 1577 1790 lacta
1567 1737 1634 1788 rm·

224 1841 352 1936 periali,
366 1842 463 1928 curie
488 1863 604 1918 corma
618 1842 726 1918 uubis
736 1865 800 1939 par
817 1841 1433 1918 muamentunantedictiduldoui
1445 1840 1579 1915 ‚sindici
1600 1849 1636 1914 et

225 1965 350 2040 actoris
367 1967 586 2062 senensium,
609 1967 671 2064 qui
690 1967 883 2064 specialiter
903 1965 1074 2058 habebat,
1089 1975 1190 2062 prout
1202 1987 1263 2064 per
1277 1965 1635 2044 instrumentumsin·

225 2089 359 2166 dicatus
387 2101 423 2170 et
445 2093 656 2168 auctoritatis
681 2092 849 2186 constitit,
874 2090 919 2167 de
942 2090 1093 2193 jurando
1109 2090 1322 2184 mandalum.
1348 2091 1635 2198 Pronunptiqmus

225 2217 329 2292 etiam
359 2217 452 2294 bona
482 2219 639 2294 comunis
672 2228 707 2293 et
735 2201 973 2293 universitatis
997 2217 1107 2314 ipsius
1127 2217 1299 2293 Florentio
1321 2217 1520 2292 adnotanda
1533 2219 1636 2322 justa

227 2343 384 2418 ordinem
403 2344 507 2438 juris,
525 2345 609 2440 quia
625 2344 850 2442 peremptorie
867 2344 964 2418 citati
978 2353 1013 2418 et
1028 2344 1193 2440 requisiti·
1203 2365 1265 2440 pro
1283 2343 1518 2417 criminalibus
1535 2365 1637 2416 aecu-

227 2464 418 2543 sationibus
440 2469 622 2544 antedictis
644 2469 682 2543 iu
705 2479 833 2544 statuto
857 2471 1002 2545 termino
1019 2493 1075 2562 se,
1096 2479 1135 2543 ut
1157 2469 1287 2546 dictum
1304 2479 1375 2564 est,
1397 2469 1538 2543 minime
1559 2491 1637 2566 pre·

228 2602 416 2669 sentarunt.
434 2593 490 2669 Ad
508 2594 609 2688 cujus
635 2595 686 2670 ιιι
709 2595 908 2669 memoriam
926 2605 960 2671 et
982 2605 1182 2693 perpetuam
1203 2594 1417 2698 firmitatem,
1443 2595 1509 2668 hec
1525 2595 1641 2670 omnia

227 2716 376 2816 qualiter
393 2728 490 2816 gesta
507 2719 648 2793 luerunt
674 2741 737 2793 nos
758 2719 922 2794 antedicti
940 2719 1142 2818 Gaybardus
1158 2729 1193 2793 et
1211 2719 1325 2813 judex
1342 2720 1471 2793 Petrus·
1484 2717 1547 2792 tibi
1564 2718 1636 2792 An-

226 2844 306 2937 gelo
322 2829 509 2941 imperialis
526 2844 622 2918 curie
644 2845 783 2941 publico
800 2845 933 2920 notario
951 2845 988 2918 in
1014 2844 1149 2941 scriptis
1169 2845 1404 2918 commisimus
1429 2843 1637 2939 redigenda,

227 2970 354 3044 nostris
371 2968 682 3067 subscriptionibus
699 2970 870 3045 roborata.

276 3095 362 3170 Acta
379 3104 460 3170 sunt
477 3093 542 3170 hec
557 3096 653 3194 apud
675 3098 870 3191 Precinam,
892 3096 1023 3172 ibidem
1045 3096 1184 3172 domino
1202 3106 1317 3172 nostro
1335 3095 1540 3192 imperatore
1557 3117 1642 3192 prs-

228 3228 339 3312 sente,
359 3240 471 3309 auno,
492 3241 611 3294 mense
627 3231 662 3294 at
680 3221 869 3298 indictione
883 3221 1093 3318 prescriptis.

278 3345 351 3440 ligo
364 3346 426 3441 qui
440 3367 546 3443 supra
566 3347 688 3420 Petrus
705 3369 831 3443 magne
848 3346 1035 3444 imperialis
1054 3347 1150 3420 curie
1162 3345 1289 3440 judex.

279 3469 354 3566 Ego
370 3471 480 3545 Diuus
497 3471 652 3546 ιιοιιιιιιε
674 3473 756 3546 olim
775 3474 837 3546 Ser
855 3473 972 3546 Annini
987 3473 1110 3546 notarii
1129 3472 1214 3546 civis
1231 3470 1391 3545 Senensis
1409 3469 1645 3565 infrascriplus

231 3595 420 3693 prescripta
444 3596 604 3694 proxime
628 3596 699 3672 duo
725 3599 888 3696 exempla
910 3619 957 3674 ex
975 3598 1178 3708 auctenticis
1200 3597 1434 3710 instrumentis
1461 3595 1645 3692 duplicatis

233 3720 365 3818 sumpsi
382 3730 417 3797 ct
435 3721 582 3797 fideliter
598 3721 836 3882 suprascripsi.
