4288 5912
542 586 604 650 388
982 621 985 629 ,
1041 585 1259 648 aulonam!
1286 585 1466 650 SECUNDl
1765 591 1847 672 [Ans.
1866 591 1949 654 1232

542 719 685 794 laudem
698 717 794 816 apud
807 719 918 794 Deum
934 729 969 794 et
986 719 1143 795 homines
1166 731 1338 798 mereatur
1359 724 1407 799 ad
1422 723 1645 798 ecclesiarum
1660 728 1954 802 conwauouam

542 843 722 919 intendere
737 852 772 918 et
788 865 907 920 eurum
922 845 1001 938 jura
1020 845 1152 920 illibata
1168 867 1328 942 servarm
1347 869 1395 922 ex
1414 869 1457 922 eo
1475 849 1656 944 conjicitur
1671 849 1851 925 manifesta
1871 853 1956 947 quia

541 967 680 1044 celestia
693 969 832 1064 majoris
849 977 930 1042 sunt
947 969 1059 1042 meriti
1078 992 1184 1065 quum
1206 981 1342 1046 terrena
1364 981 1399 1046 et
1414 971 1576 1046 humanis
1595 973 1717 1049 divina
1734 975 1955 1072 prerogativa

541 1115 757 1190 sempernon
771 1092 996 1166 irrationabili
1004 1096 1244 1190 preferuntur:
1259 1095 1356 1191 quod
1368 1093 1481 1170 inillis
1492 1097 1672 1194 presertim
1684 1095 1955 1194 fulgetecclesiis

541 1218 732 1316 inquibus
758 1219 854 1314 viget
883 1217 1102 1294 observantia
1127 1221 1296 1316 regularis
1324 1230 1359 1296 at
1381 1231 1538 1296 servatur
1557 1223 1644 1297 ordo
1668 1223 1856 1298 monastice
1878 1223 1955 1297 dis-

541 1343 680 1440 cipline.
704 1343 791 1418 Inda
810 1351 863 1416 eet
882 1343 989 1436 igitur
1008 1344 1104 1440 quod
1123 1367 1186 1418 noe
1208 1347 1424 1422 attendentes
1441 1347 1652 1422 laudabilem
1667 1348 1794 1422 lamam
1811 1357 1848 1422 et
1863 1369 1955 1422 eon-

539 1469 743 1544 versationis
767 1468 909 1543 scientie
932 1469 1146 1566 propositum
1170 1471 1299 1566 quibus
1321 1471 1426 1548 claret
1450 1471 1695 1546 monasterium
1715 1471 1951 1564 durbonense,

540 1603 698 1693 optantes
714 1595 820 1669 etiam
839 1595 1044 1670 servitorum
1061 1595 1170 1692 ipsius
1187 1588 1386 1672 monasterii
1401 1597 1613 1672 orationibus
1626 1597 1757 1692 jugiter
1771 1595 1951 1691 adjuvari,

539 1718 813 1794 Bartholomeum
832 1719 1064 1794 venerabilem
1083 1719 1402 1816 archimandritam,
1422 1719 1610 1796 monachos
1625 1731 1661 1794 at
1676 1722 1791 1818 ipsum
1808 1743 1954 1796 monas-

539 1842 665 1916 terinm
682 1851 718 1916 et
737 1843 854 1918 omnia
871 1845 963 1918 bone
983 1867 1048 1920 sua
1070 1854 1141 1920 tam
1161 1846 1390 1920 ecclesiastica
1408 1867 1514 1942 quam
1531 1845 1709 1920 mundana
1725 1847 1793 1920 sub
1810 1847 1953 1944 speciali

540 1967 727 2063 majestatis
740 1975 856 2042 nostre
867 1971 1078 2066 protectione
1087 1971 1293 2067 recipimus,
1307 1991 1427 2045 omnes
1441 1971 1674 2068 possessiones
1685 1979 1719 2044 et
1731 1971 1850 2046 omnia
1862 1973 1954 2046 bona

540 2113 611 2189 que
632 2094 669 2166 in
687 2093 835 2190 presenti
862 2093 1043 2190 largitione
1069 2095 1283 2192 principum,
1308 2095 1540 2170 oblationibus
1552 2085 1714 2168 'fidelium
1739 2104 1774 2168 et
1796 2096 1954 2192 quibus-

541 2239 691 2314 cumque
707 2218 784 2292 aliis
792 2218 896 2313 justis
910 2219 1016 2293 titulis
1029 2219 1123 2295 idem
1139 2221 1386 2294 monasterium
1399 2228 1494 2294 tenet
1510 2229 1545 2293 et
1558 2218 1711 2316 possidet
1727 2228 1789 2292 ant
1800 2219 1840 2292 in
1850 2229 1954 2296 antea

539 2344 680 2444 poterit,
698 2341 803 2416 dante
816 2343 984 2438 Domino,
1002 2345 1248 2419 rationabiliter
1261 2345 1425 2442 adipisci,
1441 2367 1489 2419 ex
1501 2343 1703 2418 liberalitate
1714 2345 1824 2440 gratie
1838 2353 1954 2420 nostre

540 2469 655 2546 eidem
666 2468 872 2544 monasterio
881 2479 1051 2566 perpetuo
1063 2469 1319 2563 confirmamus,
1334 2471 1401 2544 nisi
1415 2471 1543 2544 luerint
1554 2469 1600 2544 de
1611 2470 1790 2544 iendisvel
1803 2471 1953 2544 servitiis

538 2595 702 2691 obligata.
722 2595 773 2666 De
789 2593 908 2669 innata
927 2615 1010 2688 ergo
1032 2595 1213 2669 clementia
1230 2605 1264 2669 et
1282 2593 1514 2670 munificentia
1531 2605 1647 2668 nostra
1666 2602 1701 2668 et
1716 2615 1780 2690 pro
1797 2593 1953 2668 remedio

540 2723 733 2798 animarum
753 2720 1010 2816 progenitorum
1031 2729 1226 2795 nostrornm
1250 2743 1293 2794 ac
1314 2742 1379 2818 pro
1404 2721 1515 2794 salute
1529 2707 1652 2794 'nostra
1676 2718 1900 2794 concedimus
1919 2729 1953 2793 et

543 2845 712 2922 donamus
729 2843 822 2919 dicto
836 2843 1103 2920 archimandrite
1120 2853 1155 2919 et
1172 2845 1428 2920 successoribus
1445 2845 1522 2938 ejus
1535 2865 1670 2918 necnon
1684 2842 1799 2918 eidem
1815 2865 1952 2918 monas·

542 2970 627 3046 tario
640 2970 676 3043 in
692 2977 897 3067 perpetuum
915 2969 1141 3045 tenimentum
1162 2979 1330 3045 terrarum
1348 2969 1393 3046 da
1410 2969 1571 3044 demanio
1586 2977 1703 3042 nostru
1721 2966 1819 3063 quod
1839 2977 1893 3042 est
1915 2968 1952 3041 in

542 3096 718 3170 Pollicorio
732 3095 822 3168 inter
834 3093 964 3168 flumen
978 3092 1059 3167 Acri
1071 3101 1106 3168 et
1118 3095 1342 3168 tenimentum
1357 3095 1542 3186 Scanzane,
1558 3093 1649 3166 sicut
1661 3101 1713 3166 est
1725 3113 1787 3188 per
1803 3102 1954 3188 quatuor

543 3222 648 3295 latera
665 3217 911 3312 designatum:
931 3215 977 3290 ab
995 3217 1126 3292 oriente
1143 3227 1195 3292 cst
1214 3239 1327 3310 mare,
1354 3217 1537 3292 ameridie
1554 3217 1687 3290 dictum
1705 3215 1836 3290 flumen
1852 3215 1950 3302 Acri,

436 3429 439 3436 ¹
542 3345 589 3420 ab
614 3341 792 3419 occidente
814 3343 1021 3416 territorium
1038 3343 1153 3416 Sancti
1178 3342 1309 3416 Nicolai
1332 3341 1378 3416 de
1405 3343 1512 3440 Sylva
1540 3343 1762 3436 conjunctum
1782 3341 1953 3414 territorio

541 3470 665 3547 blontis
691 3468 833 3557 Albani,
864 3467 910 3541 ab
942 3467 1103 3563 aquilone
1127 3467 1354 3540 tenimentum
1377 3469 1567 3558 scanzano,
1592 3467 1690 3540 saluo
1710 3467 1791 3559 jure
1807 3466 1839 3538 si
1855 3465 1954 3562 qnod

540 3595 673 3672 ibidem
689 3593 794 3667 babet
805 3591 930 3668 domus
942 3591 1120 3689 hospitalis
1133 3592 1249 3666 Sancti
1262 3591 1427 3666 lobannis
1444 3590 1743 3688 Hierosolymitani
1759 3601 1795 3664 et
1809 3591 1953 3664 ecclesia

541 3720 657 3798 Sancti
684 3718 828 3810 Iuliani,
859 3717 1049 3792 tenendum
1069 3718 1184 3816 ipsum
1200 3718 1307 3794 libere
1328 3717 1403 3792 siue
1420 3717 1537 3814 aliqua
1551 3715 1602 3792 rei
1621 3717 1678 3790 vel
1690 3715 1779 3808 juris
1795 3711 1953 3789 diminuss

542 3849 649 3940 tione,
661 3845 793 3940 absque
807 3840 1076 3917 contradictione
1092 3853 1127 3917 et
1143 3843 1300 3918 molestia
1312 3843 1473 3936 alicujus,
1490 3841 1581 3914 sicut
1597 3841 1821 3914 tenimentum
1837 3841 1953 3934 ipsum

543 3981 696 4068 ternpore
717 3967 807 4064 regis
826 3967 996 4041 Guilielmi
1017 3967 1162 4042 secundi
1187 3965 1436 4041 recordationis
1462 3965 1591 4062 inclyte
1614 3965 1712 4038 curia
1732 3963 1950 4059 possidebat,

542 4118 613 4170 non
630 4095 786 4168 obstante
799 4093 916 4188 aliquo
934 4091 1116 4188 priuilegio
1135 4089 1180 4166 dc
1195 4101 1283 4165 terra
1298 4090 1503 4166 Polliceriia
1521 4099 1637 4163 nostra
1654 4087 1831 4180 majestate
1846 4086 1952 4160 alicui

543 4239 689 4322 pareone
709 4239 884 4292 concesso.
904 4217 1062 4290 Preterea
1078 4215 1321 4292 confirmamus
1336 4215 1449 4290 eidem
1465 4211 1747 4302 archimandrita,
1773 4231 1953 4285 successu·

543 4346 642 4420 ribus
657 4345 734 4437 ejus
758 4351 793 4416 et
816 4341 931 4416 eidam
953 4341 1160 4416 monasterio
1177 4341 1214 4414 in
1232 4350 1439 4437 perpetuum
1463 4338 1646 4436 privilegia
1663 4337 1825 4410 universa
1841 4355 1953 4430 quea

544 4468 844 4570 predecessoribus
872 4466 997 4540 nostris
1026 4466 1183 4540 felicibus
1208 4467 1350 4560 regibus
1375 4465 1442 4561 ipsi
1467 4461 1676 4538 monasterio
1705 4458 1953 4533 rationabiliter

543 4603 626 4672 sunt
639 4613 824 4686 concmsa,
847 4613 980 4666 necnon
998 4592 1171 4666 libertates
1188 4601 1329 4666 cunctas
1342 4591 1471 4686 quibus
1487 4588 1580 4664 idem
1598 4585 1842 4660 monasterium
1860 4593 1953 4656 tem-

541 4721 687 4822 poribus
708 4718 857 4794 lclicium
880 4739 1001 4813 regum
1018 4715 1232 4813 dignoscitur
1248 4737 1326 4791 esee
1340 4714 1513 4810 gavisum.
1534 4715 1585 4787 De
1604 4707 1845 4787 abundantiori
1868 4727 1951 4802 ergo
