4288 5912
216 579 316 641 lucrm.
333 578 379 656 6.]
668 575 868 640 HISTORIA
892 575 1186 640 otrnomsrtch
1572 577 1634 643 389

216 712 329 808 gratia
346 721 464 787 nostra
482 711 607 788 damus
620 712 773 810 predicto
792 713 998 787 monasterio
1015 714 1158 788 liberem
1182 719 1382 808 potestatem
1399 710 1527 788 habere
1545 737 1633 810 pro-

216 838 330 934 priam
341 839 481 912 barcam
493 838 531 910 iu
545 837 690 912 llumine
701 837 781 910 Acri
792 859 953 934 capacem
965 859 1134 933 equorum
1145 835 1279 928 decem,
1295 857 1375 908 cum
1385 857 1455 932 qua
1466 847 1502 910 et
1513 838 1550 910 in
1562 861 1633 934 qua

216 961 394 1036 transvehi
420 962 554 1058 possint
580 963 668 1036 ultro
693 961 848 1056 citroque
873 963 979 1058 gratis
1003 972 1038 1036 ct
1058 963 1167 1036 libere
1187 983 1229 1036 ac
1252 961 1378 1034 intuitu
1404 960 1466 1034 Dei
1488 962 1633 1070 quilibet

216 1094 446 1180 caussantes,
458 1087 534 1160 sine
545 1087 662 1182 aliqua
673 1087 948 1178 camerariorum,
960 1087 1155 1181 bajulorum
1167 1085 1633 1181 etquorumlibethominum

217 1211 468 1284 contrarietate.
490 1211 602 1297 Quem
620 1211 760 1284 barcam
778 1211 892 1306 ipsum
913 1211 1160 1286 monasterium
1174 1212 1211 1282 in
1227 1210 1350 1285 eodem
1372 1210 1516 1284 flumine
1537 1211 1632 1284 omni

216 1336 336 1408 futuro
351 1343 503 1430 tempore
518 1343 675 1408 tencatur
689 1335 818 1409 habers
831 1344 969 1432 propter
986 1335 1241 1410 concessionem
1258 1335 1409 1430 quemi
1425 1335 1571 1410 lecimus
1587 1335 1633 1410 de

217 1456 408 1534 tenimento
421 1459 593 1557 predicto,
614 1461 710 1534 salvo
723 1459 887 1534 mandato
900 1470 934 1534 et
949 1460 1168 1535 ordinatione
1182 1471 1308 1534 nostre.
1325 1459 1382 1534 Ad
1395 1460 1500 1554 hujus
1515 1469 1633 1534 autem

218 1581 469 1676 concessionis,
495 1583 691 1657 donationis
704 1592 740 1658 et
756 1582 1022 1658 confirmationis
1039 1593 1154 1658 nostre
1167 1583 1368 1658 memoriam
1386 1591 1421 1656 et
1435 1584 1540 1658 robur
1554 1605 1631 1680 per·

218 1715 324 1803 petuo
337 1708 538 1798 valituram,
554 1729 695 1804 presens
708 1707 927 1802 privilegium
938 1731 1001 1804 per
1009 1730 1133 1782 manus
1145 1708 1301 1804 Procopii
1313 1706 1358 1782 de
1368 1709 1497 1784 Meiere
1507 1709 1631 1782 notarii

218 1839 255 1904 et
265 1829 379 1906 fidelis
393 1833 499 1905 nostri
513 1831 587 1904 lieri
603 1841 637 1905 et
654 1831 768 1926 sigillo
781 1833 967 1928 mejestatis
983 1842 1096 1907 nostre
1108 1831 1274 1926 jussimus
1286 1831 1508 1924 communiri,
1524 1853 1628 1926 enno,

219 1975 339 2029 mense
353 1963 387 2030 et
400 1955 589 2031 indictione
606 1957 821 2053 subscriptis.

218 2145 222 2154 ,
268 2083 394 2156 Datum
423 2079 555 2174 llellie,
583 2103 674 2156 anno
706 2081 879 2156 dominice
911 2081 1154 2158 incarnationis
1183 2081 1366 2156 millesimo
1396 2081 1631 2156 ducentesimo

219 2202 395 2301 trigesimo
412 2205 583 2298 secundo,
613 2228 732 2282 mense
750 2207 970 2303 septembris,
991 2217 1091 2282 sexte
1108 2207 1324 2298 indictionis,
1355 2207 1543 2304 imperante
1569 2206 1631 2282 do·

219 2330 316 2403 mino
340 2337 458 2404 nostro
475 2330 647 2404 Friderico
670 2331 734 2406 Dei
759 2331 870 2427 grstia
896 2331 1125 2406 invictissimo
1153 2333 1383 2406 llomanorum
1408 2331 1628 2427 imperatore,

219 2475 357 2550 semper
372 2465 534 2550 augusto,
551 2457 765 2530 Hiemselem
780 2467 815 2530 et
829 2457 943 2531 Sicilie
954 2479 1049 2552 rege,
1064 2478 1156 2530 euno
1173 2455 1308 2552 imperii
1318 2456 1395 2548 ejus
1406 2454 1629 2548 duodecimo,

218 2579 319 2673 regni
337 2579 551 2654 Hierusalem
568 2582 730 2679 septimo,
755 2582 854 2678 regni
876 2601 961 2656 vero
979 2582 1095 2656 Sicilie
1110 2581 1284 2678 trigesimo
1303 2581 1444 2677 quinto,
1473 2581 1627 2654 leliciter.

218 2699 345 2776 Arnen.

221 3143 226 3150 .
274 3039 511 3149 Fridericus,
534 3039 795 3124 Romanorum
815 3041 1039 3152 imperator,
1062 3039 1104 3122 in
1125 3039 1283 3124 ecclesie
1304 3038 1527 3126 Altamurae
1549 3068 1572 3124 a
1591 3068 1631 3126 se
1685 3133 1709 3165 ..

219 3175 368 3261 nouiter
389 3176 549 3259 lundata
565 3177 791 3260 Riccardum
816 3177 865 3260 de
889 3175 1107 3259 Brundusio
1126 3175 1494 3287 archipresbyterum
1516 3177 1632 3262 insti-

219 3309 314 3416 tuit,
338 3317 376 3393 et
396 3309 571 3393 eamdem
597 3309 795 3394 ecclesiam
813 3309 862 3393 ab
880 3308 986 3394 omni
1001 3309 1264 3420 jurisdictione
1290 3309 1631 3422 archiepiscopatus

221 3451 260 3528 et
280 3443 517 3556 episcopatus
539 3445 688 3555 eximit,
708 3443 908 3529 collatione
927 3442 1314 3555 archipresbyteratus
1332 3444 1404 3528 sibi
1422 3456 1460 3529 et
1477 3473 1632 3532 succes-

223 3577 373 3664 soribus
391 3578 471 3662 suis
487 3587 689 3664 reservata.

305 3765 427 3846 (lnedlt.
446 3784 485 3830 cx
505 3773 691 3845 transumpto
712 3765 794 3852 quod
812 3766 895 3830 adest
913 3769 945 3828 ln
961 3772 1068 3846 regest.
1088 3766 1185 3829 caroli
1204 3767 1234 3828 11
1253 3767 1292 3828 de
1312 3781 1392 3828 euno
1407 3775 1499 3843 trel,
1513 3769 1572 3831 litt.
1587 3769 1632 3844 G,

342 3875 396 3937 iol.
418 3883 490 3954 ²27,
508 3891 558 3954 ap.
581 3873 692 3936 archiv.
716 3889 780 3953 reg.
798 3873 958 3951 Neapolit,
972 3877 1057 3953 cadus
1076 3875 1161 3935 nobis
1181 3873 1338 3935 liberaliter
1358 3877 1472 3952 coptam
1494 3875 1564 3936 lecit
1585 3881 1633 3938 vlr

341 3983 475 4062 egreglm
497 3983 592 4058 princ.
608 3981 647 4042 dc
658 3981 822 4044 belmonte.
832 3981 1035 4044 -llemorat
1050 3997 1097 4057 ap.
1116 3979 1329 4054 Grusrnrmur,
1343 3979 1456 4042 Dictum
1472 3999 1579 4064 propr„
1593 3983 1633 4046 ad

341 4088 425 4154 verb.
439 4083 606 4165 Altsmera,
620 4104 659 4150 ex
671 4087 773 4150 eodem
785 4086 877 4162 lonte,
893 4094 923 4150 et
935 4104 983 4166 ep.
998 4086 1113 4148 erru
1128 4085 1466 4161 transcripsisset
1482 4086 1559 4152 della
1570 4107 1630 4174 req.

342 4191 462 4281 piurisd.
479 4195 599 4258 rirtrrtt
615 4195 649 4256 io
666 4191 760 4256 iudice
771 4192 931 4276 compend,
950 4200 975 4258 t.
994 4195 1070 4268 v11,
1085 4210 1118 4271 p.
1137 4201 1205 4254 1²6.
1225 4195 1284 4270 Qul
1296 4193 1416 4272 quidem
1428 4202 1530 4257 monet
1542 4198 1633 4259 luno-

342 4305 472 4364 ccntlnm
485 4309 624 4382 quartum
640 4312 671 4364 ι·
687 4305 806 4383 engastl
821 4310 897 4364 tals
911 4301 989 4364 hane
1001 4301 1141 4364 Frlderlci
1154 4301 1367 4362 concessionem
1380 4299 1475 4362 eldem
1487 4303 1632 4366 Blccordo

342 4409 380 4471 dc
392 4410 560 4472 Brundusio
573 4407 816 4490 confirmavisse.)

271 4569 483 4664 Fridericus,
510 4571 631 4646 divina
654 4573 791 4646 levente
816 4571 996 4646 clementia
1016 4571 1247 4644 Romanorum
1273 4567 1473 4666 imperator,
1497 4590 1632 4665 semper

224 4705 414 4791 augustus,
437 4697 627 4772 Jerusalem
645 4706 680 4771 et
694 4697 809 4772 Sicilie
825 4718 902 4772 rex.
925 4695 1074 4770 Dominii
1102 4695 1209 4770 nostri
1224 4695 1360 4770 culmen
1379 4694 1574 4770 extollimus
1598 4703 1633 4768 et
