4288 5912
514 541 575 606 436
1011 549 1225 613 FlllDElllGl
1249 549 1423 612 suculam
1732 555 1814 635 [tn.
1833 557 1919 620 lata.

513 680 686 774 instructi,
705 703 750 754 ne
766 703 931 778 processu
952 685 1114 781 temporis
1140 685 1212 758 illic
1236 686 1464 760 hereticorum
1489 687 1644 782 germina
1668 691 1839 785 pullulent
1859 694 1919 766 nbi

513 805 661 880 fundare
673 805 855 880 studemus
868 807 949 882 fidei
962 807 1229 902 firmamentum,
1244 817 1362 884 contra
1374 811 1542 886 hereticos
1553 821 1588 885 et
1599 813 1748 887 fautores
1757 837 1876 889 eorum
1891 819 1920 891 si

511 932 572 1027 qui
592 932 719 1005 luerint
732 933 1030 1008 animadversione
1050 933 1168 1007 debita
1183 933 1416 1028 insurgamus.
1433 935 1522 1021 Quia
1537 957 1621 1009 uero
1635 938 1834 1034 supradicta
1848 943 1919 1014 vel·

420 1059 424 1066 ’
510 1058 621 1130 lemus
638 1079 698 1152 per
710 1057 841 1130 Italiam
858 1066 892 1132 et
904 1058 1087 1152 imperium
1105 1057 1247 1153 exequi,
1266 1067 1306 1129 ut
1322 1058 1390 1131 snb
1406 1058 1565 1132 salicibus
1574 1061 1784 1156 temporibus
1796 1065 1920 1138 nostris

510 1183 681 1254 exaltetur
692 1189 800 1253 status
814 1179 896 1254 fidei
912 1181 1095 1254 christiane
1108 1191 1143 1254 et
1161 1191 1201 1252 ιιι
1212 1181 1386 1276 principes
1403 1181 1462 1254 alii
1475 1203 1580 1278 super
1597 1183 1653 1256 his
1666 1184 1823 1258 Cesaram
1840 1188 1918 1259 imi-

509 1315 642 1398 tentur,
661 1327 822 1401 rogamus
835 1305 1087 1380 beatitudinem
1102 1315 1252 1380 vestram
1265 1317 1436 1402 qnatenus
1457 1329 1521 1380 vos
1535 1307 1582 1381 ad
1599 1331 1701 1404 quern
1720 1321 1852 1406 spectat
1866 1335 1918 1386 re·

508 1434 624 1506 levare
640 1430 823 1504 christiane
832 1430 1008 1524 religionis
1022 1429 1293 1520 incommodum,
1308 1430 1355 1505 ad
1366 1439 1437 1504 tam
1448 1431 1546 1527 pium
1558 1454 1645 1528 opus
1656 1433 1804 1507 etofficii
1814 1436 1919 1508 veshi

509 1555 664 1630 debitum
682 1552 929 1650 exequendum
947 1553 1149 1648 diligentem
1166 1575 1306 1649 operam
1317 1555 1501 1630 assumatis
1519 1553 1582 1654 [et]
1600 1567 1753 1631 nostrum
1765 1559 1796 1632 si
1807 1561 1920 1656 placet

509 1681 691 1754 efficaciter
720 1676 1004 1772 coadjuvandnm
1030 1677 1260 1773 propositum,
1289 1688 1329 1752 ut
1349 1679 1395 1754 de
1415 1681 1597 1776 utriusque
1620 1683 1788 1756 sententia
1811 1684 1919 1778 gladii

508 1827 656 1902 quorum
668 1802 712 1876 de
723 1803 839 1877 celesti
851 1802 1049 1898 provisione
1060 1803 1161 1876 vobis
1173 1824 1215 1877 ac
1229 1803 1329 1876 nobis
1343 1813 1396 1878 est
1408 1805 1531 1878 collata
1543 1805 1708 1901 potentia,
1723 1807 1918 1882 subsidium

509 1952 579 2004 non
596 1926 801 2024 dedignetur
813 1930 1001 2020 alternum,
1022 1928 1249 2002 hereticorum
1267 1929 1401 2002 insania
1421 1931 1563 2003 feriatur
1583 1931 1693 2026 quiin
1709 1939 1918 2004 contemtum

510 2053 629 2130 divine
637 2055 785 2149 potentie
798 2065 915 2128 contra
931 2061 1073 2128 mahom
1083 2053 1271 2126 Ecclesiam
1284 2054 1329 2128 de
1340 2077 1505 2152 perverso
1515 2055 1676 2152 dogmate
1690 2055 1756 2130 sibi
1774 2058 1918 2148 gloriam

508 2188 704 2274 arroganter
721 2189 912 2254 assumunt.

556 2307 681 2378 Datum
696 2305 868 2397 Messana,
890 2305 952 2378 XV
964 2303 1071 2398 junii,
1092 2301 1280 2378 indictione
1298 2303 1356 2375 vl.

723 2633 1172 2650 mm*-
1178 2633 1704 2650 mmm

401 2979 453 3067 :h
557 2947 787 3050 Friderious,
822 2943 1084 3028 Romanorum
1114 2943 1339 3053 imperator,
1368 2943 1536 3027 herardo
1570 2943 1851 3054 archiepiscopo
1881 2953 1919 3027 et

505 3079 683 3164 ecclesiae
699 3079 1009 3184 Panormitanae,
1029 3077 1069 3158 in
1089 3075 1329 3159 excambium
1355 3075 1493 3160 domus
1516 3079 1616 3186 apud
1635 3077 1850 3162 Messanam
1868 3076 1918 3160 ab

505 3217 559 3298 eis
576 3225 764 3324 receptae,
785 3212 956 3296 concedit
982 3220 1020 3294 et
1045 3211 1163 3294 donat
1188 3211 1340 3294 vineam
1366 3211 1414 3293 de
1441 3209 1647 3295 Comitaria
1672 3211 1713 3293 in
1740 3211 1918 3294 llumuria

505 3349 553 3432 de
572 3347 762 3456 Cameris,
781 3371 900 3458 quam
917 3343 1011 3429 olim
1029 3344 1275 3428 Temonerius
1292 3343 1464 3454 proditor
1482 3369 1575 3426 suus
1592 3341 1726 3427 tenuit.

586 3591 689 3672 (lldld.
704 3591 905 3666 Monorrona,
918 3583 1033 3661 Ballou,
1043 3587 1180 3670 privileg.
1201 3593 1230 3650 et
1250 3587 1385 3649 instrunt.
1401 3585 1566 3648 Pcoomuit.
1579 3583 1721 3662 wdecim,
1736 3603 1768 3664 p.
1792 3594 1860 3659 tot,
1876 3601 1916 3646 ex

625 3697 808 3778 autographo
821 3697 901 3758 unde
913 3695 1061 3774 pendebat
1072 3693 1204 3774 sigillum
1216 3709 1333 3756 oemnm
1344 3692 1405 3754 lllln
1417 3695 1517 3756 aerlcta
1529 3693 1626 3754 rnbrts
1643 3690 1829 3770 appensum.)

553 3913 748 3988 Fridericus
764 3913 828 3988 Dei
849 3911 956 4006 gratia
977 3912 1210 3986 Romanorum
1229 3911 1430 4006 imperator,
1451 3929 1588 4006 sempor
1601 3917 1787 4002 angustus,
1814 3909 1915 3980 lern-

504 4039 610 4112 salem
625 4049 665 4113 et·
679 4039 795 4112 Sicilie
811 4059 887 4112 rex.
908 4037 972 4110 Per
996 4056 1138 4132 presens
1154 4035 1318 4132 scripturn
1335 4043 1454 4108 notum
1474 4034 1619 4108 iacimus
1639 4031 1811 4106 universis
1827 4030 1914 4105 fide·

505 4163 596 4236 libus
614 4164 739 4236 nostris
760 4173 830 4236 tam
848 4163 1066 4258 presentibus
1088 4183 1191 4256 qnam
1222 4160 1347 4234 futuris
1371 4158 1468 4254 quod
1489 4180 1554 4232 nos
1573 4158 1787 4232 attendentes
1807 4155 1912 4230 fidem

505 4309 645 4386 puram,
670 4287 890 4362 devotionem
911 4285 1121 4360 laudabilem
1134 4293 1169 4360 et
1184 4293 1326 4380 accepta
1339 4283 1478 4358 servitia
1490 4290 1608 4378 quatu
1620 4279 1783 4372 berarde,
1800 4301 1913 4354 vena·

505 4593 585 4653 minis
602 4607 663 4652 reos
674 4591 727 4650 sub
739 4605 789 4650 suo
808 4595 837 4648 et
850 4589 993 4666 justiciarii
1014 4591 1114 4648 Terras
1131 4587 1244 4654 Laboris
1260 4585 1410 4646 testimonio
1429 4585 1481 4646 u'bi
1498 4585 1595 4646 debead
1612 4583 1747 4642 intimare.
1759 4599 1773 4636 a
1783 4583 1857 4641 hacc.
1875 4595 1912 4638 ιιι

505 4695 536 4752 S.
549 4689 832 4761 emmechonis.
845 4687 880 4748 ad
892 4703 957 4750 ann.
