4360 5908
251 630 348 692 horor.
364 629 411 709 5.]
702 622 899 685 HISTORIA
923 615 1215 682 DIPLOIIAI'ICA.
1598 611 1659 674 369

249 773 288 838 ut
304 765 407 861 plene
433 759 586 858 gaudere
600 759 740 833 valeant
755 759 816 855 qui
830 758 953 832 nostris
969 754 1187 830 successibus
1209 751 1422 826 colletantur.
1444 749 1515 822 Noe
1540 755 1656 822 autern

250 888 311 984 qui
322 886 368 961 ad
380 886 487 960 nostri
502 883 623 959 fideles
643 883 799 980 imperil,
819 884 883 956 etsi
903 879 1046 978 quando
1059 900 1178 953 eorum
1192 883 1359 973 provocet
1371 871 1418 969 (a)
1434 873 1564 946 offensa
1580 869 1655 967 (t),

250 1031 320 1084 nou
335 1010 572 1082 obliuiscimur
587 1007 758 1096 misereri,
783 1006 949 1078 mittimus
968 1005 1052 1077 illuc
1066 1001 1264 1077 lIanzinum
1288 1020 1415 1093 magne
1431 997 1528 1072 curie
1543 1003 1658 1069 nostre

248 1143 284 1210 et
296 1133 496 1208 Bureusium
505 1129 661 1226 iudicent
674 1139 710 1204 et
720 1129 876 1224 judicem
891 1129 935 1227 (l)
952 1127 1131 1201 Thadeum
1145 1124 1191 1199 de
1208 1127 1343 1213 Suana,
1361 1120 1482 1196 fideles
1501 1128 1654 1211 nostros,

248 1257 463 1333 universitati
475 1265 590 1330 vestre
603 1254 807 1328 mandantes
824 1263 994 1350 quatenus
1007 1273 1049 1325 ee
1061 1272 1131 1346 que
1144 1249 1246 1324 vobis
1260 1269 1307 1323 ex
1324 1256 1420 1344 parte
1437 1255 1552 1320 nostra
1568 1265 1657 1341 pro-

247 1390 378 1480 ponent
391 1381 625 1456 indubitanter
640 1389 675 1453 et
692 1376 835 1452 firmiter
847 1376 987 1452 credere
1000 1375 1168 1450 debeatis.

296 1507 384 1582 Data
400 1504 529 1598 Ilelfie,
548 1504 657 1580 XVIII
668 1502 764 1598 julii,
784 1501 906 1598 quinta
921 1499 966 1598 (c)
982 1499 1181 1575 indictione.

302 2121 494 2206 Soldanus
523 2120 743 2205 Babiloniae
769 2118 832 2232 (2)
858 2119 1076 2230 imperatori
1111 2118 1225 2202 mittit
1259 2119 1463 2202 tentorium
1500 2119 1659 2202 mirifica

250 2265 331 2338 arte
350 2264 634 2359 constructum,
653 2253 694 2336 in
712 2279 791 2364 quo
808 2253 995 2364 imagines
1014 2253 1105 2338 solis
1123 2261 1160 2335 et
1176 2251 1292 2335 lunae
1309 2251 1552 2335 artificialiter
1569 2277 1659 2336 mo-

250 2397 310 2472 tae
321 2379 340 2497 ,’
353 2413 510 2472 cursum
528 2413 642 2472 suum
659 2387 770 2472 certis
787 2396 825 2470 et
841 2387 978 2471 debitis
1003 2387 1134 2498 spatiis
1154 2398 1375 2499 peragrant,
1397 2397 1435 2470 et
1451 2387 1566 2470 horas
1584 2387 1657 2471 dlei

292 2589 337 2671 (α)
358 2593 395 2652 ln
407 2591 474 2654 eud.
484 2597 665 2671 provocetur,
681 2589 780 2652 lorsan
789 2607 984 2670 proruamur.

292 2695 335 2777 (l)
354 2697 455 2776 Apud.
474 2697 576 2759 Barth.
591 2697 685 2759 Sorlb.
691 2693 822 2779 jadicem
834 2698 926 2759 deest.

292 2807 329 2880 (ι)
353 2804 469 2866 naon.
483 2805 564 2867 uus.
578 2804 711 2868 naum.
722 2804 833 2884 prema,
847 2804 900 2866 ssu
913 2805 1000 2868 mne.

252 3113 267 3148 a
282 3095 307 3152 si
319 3101 415 3170 captus
426 3099 467 3153 est
478 3094 549 3152 idem
560 3095 697 3167 lIatheus,
711 3091 747 3152 ad
764 3093 949 3152 liberationem
968 3093 1087 3169 ejusdem
1099 3093 1260 3168 impendatis
1272 3107 1352 3169 opem
1362 3097 1390 3150 et
1403 3107 1512 3168 operum
1524 3092 1661 3152 efficacem

251 3210 267 3247 s
282 3199 313 3250 ut
326 3209 406 3268 opere
419 3193 518 3251 sentiat
528 3193 601 3267 quod
613 3192 685 3267 apud
697 3192 813 3250 amicum
823 3191 965 3250 Intercedit
975 3195 1088 3266 panum
1102 3206 1152 3264 pro
1165 3195 1273 3265 nepote.
1291 3190 1334 3250 ld
1349 3190 1401 3249 hee
1414 3190 1448 3249 de
1465 3189 1557 3248 multis
1569 3191 1662 3249 hono-

251 3291 357 3350 »ribus
372 3306 440 3365 quos
453 3289 613 3350 exhibuIstis
629 3289 717 3348 eidem
736 3289 853 3362 lintheo,
872 3288 943 3348 aaut
960 3304 1010 3364 per
1030 3288 1133 3346 lilteras
1150 3288 1209 3362 ejus
1229 3287 1523 3363 accepimus,grat1am
1539 3293 1661 3357 *veodam

252 3407 266 3438 ι
282 3387 369 3462 plenis
381 3387 570 3462 prosequimur
579 3387 728 3445 actionibus
739 3387 898 3460 gratim,
916 3385 1004 3460 parati
1016 3386 1050 3444 ad
1061 3401 1094 3445 ea
1105 3402 1158 3460 que
1176 3386 1272 3445 domus
1283 3393 1372 3446 vestre
1382 3385 1530 3460 respiciunt
1541 3401 1661 3446 commu-

251 3482 1101 3558 scumatnonomn.scor.unr.rasc‚aae.s0nuuaa,
1116 3466 1529 3556 eoot‚1ro.v11,t01.cerect'o.
1595 3467 1613 3480 ”
1652 3471 1655 3484 “

287 3578 325 3653 (l)
343 3579 375 3635 ln
386 3579 480 3653 majori
494 3579 606 3638 ecclesia
624 3581 768 3638 Ravennae
787 3597 857 3655 urae
876 3581 972 3638 dicituu
989 3581 1086 3640 Sancta
1097 3581 1363 3656 Resurrectionem
1375 3581 1450 3638 curia
1461 3587 1604 3640 convocata
1616 3581 1661 3640 cui

251 3675 365 3733 adeant
376 3676 575 3735 amaseam
592 3679 707 3750 Ianum,
726 3676 780 3736 sub
796 3694 885 3753 poena
898 3677 1031 3738 lideIItatis
1042 3686 1071 3737 et
1079 3679 1272 3754 jurIsdictionis
1284 3683 1458 3753 praeceperat
1470 3679 1615 3753 imperator
1626 3697 1661 3740 ne

251 3772 341 3848 eluas
354 3772 448 3831 civitas
464 3772 579 3848 imperio
590 3772 677 3832 fideIIs
694 3774 818 3850 eligeret,
833 3776 962 3834 retineret
974 3775 1018 3835 vel
1029 3777 1160 3852 reciperet
1171 3776 1287 3852 aliquem
1299 3777 1328 3832 in
1343 3783 1500 3851 potestatem
1514 3777 1558 3836 vel
1569 3785 1659 3838 rectu·

250 3885 324 3942 min,
338 3887 373 3928 ex
385 3871 432 3930 illa
445 3876 523 3945 parte
536 3871 714 3930 lombardiae
726 3887 797 3946 quae
807 3873 859 3931 sibi
870 3873 977 3931 rebellis
988 3879 1047 3932 erat
1057 3874 1208 3932 oriundum.
1222 3875 1370 3932 tanuenses
1384 3879 1472 3931 autem
1483 3876 1586 3933 canati
1597 3883 1661 3936 sunt

251 3967 324 4040 quod
335 3967 407 4024 cirua
423 3967 526 4025 initium
538 3967 699 4044 septembris
711 3969 849 4043 Pagauum
861 3969 895 4028 de
903 3971 982 4029 Petra
994 3971 1092 4029 Sancta
1101 3971 1324 4031 lledIolenensem
1333 3971 1361 4028 ln
1370 3971 1488 4029 futurum
1500 3979 1662 4046 potestatem

250 4061 411 4136 elegissent,
423 4069 453 4122 et
463 4064 536 4138 quod
547 4065 639 4124 electio
654 4065 724 4124 lucta
742 4083 796 4125 uon
807 4073 901 4142 posset
912 4084 975 4126 cum
986 4069 1088 4128 honora
1104 4070 1253 4128 communis
1263 4069 1412 4128 mesauri.
1427 4069 1504 4128 Unde
1520 4077 1582 4144 post
1600 4087 1662 4129 am·

181 4189 197 4202 -
249 4157 418 4217 lassatum
427 4159 544 4218 redituum
555 4161 679 4236 Paganus
692 4164 838 4223 aooersitus
849 4165 929 4223 simul
941 4173 970 4224 et
983 4165 1011 4223 iu
1022 4166 1150 4241 regimiue
1158 4165 1274 4224 diritatis
1288 4171 1413 4241 mepturs
1427 4171 1484 4240 eet,
1493 4167 1557 4226 lIcet
1566 4167 1663 4226 Iohan-

249 4271 299 4313 nes
309 4256 345 4314 de
356 4257 449 4330 Regio,
460 4257 630 4332 imperatoris
640 4261 758 4334 nuntius,
769 4277 852 4337 super
865 4263 916 4320 hoc
927 4263 1117 4338 prohibitorias
1128 4263 1231 4321 litteras
1242 4263 1382 4321 attulisset.
1393 4265 1542 4339 Imperator
1550 4280 1614 4338 ergo
1622 4265 1663 4324 ira

251 4359 416 4428 commotus,
432 4375 446 4408 c
460 4356 533 4413 ruisit
546 4357 648 4416 litteras
659 4374 722 4417 suas
741 4359 769 4416 in
783 4377 895 4436 regnum
908 4361 980 4436 quod
998 4363 1146 4419 tanuenses
1159 4359 1259 4435 ubique
1279 4367 1438 4436 caperentur
1450 4362 1479 4420 iu
1496 4363 1618 4440 personis
1634 4368 1664 4422 et

251 4450 349 4520 rebus,
361 4452 440 4510 etsie
452 4453 553 4511 lactum
566 4459 617 4512 est.
632 4477 647 4507 a
656 4453 696 4512 ct.
710 4457 815 4516 euru.
831 4459 945 4531 Smer,
956 4459 1056 4517 Amul.
1067 4460 1210 4532 Geneatae„
1221 4475 1250 4534 p.
1263 4460 1326 4518 tot.

289 4549 325 4620 (Ξ)
344 4549 402 4606 lloc
418 4551 513 4608 eodem
527 4567 597 4610 anuo
610 4552 683 4611 cirea
700 4569 823 4613 mensem
843 4557 969 4615 martium
985 4557 1117 4616 soldanus
1129 4573 1237 4632 quoque
1249 4557 1373 4617 Damasci
1388 4579 1403 4614 r
1418 4559 1534 4635 pretiosa
1552 4559 1664 4618 miserat

251 4644 331 4702 xenia
343 4645 494 4720 imperatori
507 4665 557 4722 per
569 4649 700 4724 quosdam
713 4653 821 4713 nuutios
837 4669 902 4712 euos
922 4653 951 4711 in
963 4653 1088 4728 Apulum
1099 4653 1252 4729 venIentes,
1267 4674 1281 4710 r
1294 4661 1327 4714 ut
1339 4655 1453 4731 legimus
1465 4657 1537 4732 apud
1549 4657 1664 4716 Iliccar·

254 4740 318 4799 dum
332 4741 368 4801 de
381 4742 478 4803 Sancto
488 4745 631 4808 Germano.

351 4843 405 4906 1v.
1466 4861 1503 4914 47
