4288 5912
195 565 356 655 hune]
648 565 847 630 HISTORIA
871 565 1167 630 ntrtotthttctt.
1549 565 1608 628 421

195 707 312 803 ipsum
330 703 477 801 priorem
499 709 535 776 et
557 702 678 778 iratres
699 712 769 778 tom
792 705 943 780 interris
960 713 1130 800 quetunc
1149 711 1247 776 erant
1264 701 1301 774 in
1320 700 1474 777 dominio
1494 710 1609 776 nostro

195 851 303 926 quum
321 838 357 902 et
371 828 503 924 aisque
519 826 738 924 postmodum
751 841 912 904 revocata
928 838 1010 904 sunt
1022 838 1084 902 uut
1097 849 1168 924 que
1187 826 1363 901 decutere
1385 825 1432 900 ed
1454 837 1610 901 nostrum

196 951 391 1027 dominium
411 950 661 1046 devolventur,
686 952 744 1028 illa
761 952 918 1028 libertate
937 962 972 1028 et
992 953 1208 1026 immunitato
1225 950 1428 1048 permittatis
1442 951 1493 1024 uti
1507 951 1610 1047 puci-

196 1075 263 1151 fioe
280 1085 316 1150 et
335 1075 453 1172 quiete
471 1097 542 1172 que
564 1077 600 1148 in
626 1077 840 1152 celsitudinis
857 1087 971 1153 nostre
986 1075 1169 1176 privilegio
1193 1084 1382 1151 memorato
1401 1075 1607 1151 monasterio

197 1221 361 1276 muccoso
378 1199 577 1298 expressius
595 1201 800 1277 continetur.

243 1328 372 1401 Datum
385 1325 482 1418 Bari,
502 1326 612 1400 XXVI
626 1327 797 1420 januarii,
817 1327 863 1404 lll
877 1325 1077 1402 indictione.

250 1844 459 1952 BerarduS,
492 1843 786 1928 Panormitenus
822 1843 1144 1954 archiepiscopus,
1177 1841 1373 1954 quondam
1408 1839 1604 1950 Berensis,
1637 1864 1809 1968 tpbffip.

195 1977 316 2062 altare
333 1975 460 2088 majus
476 1977 518 2060 in
536 1975 673 2088 majori
690 1976 847 2061 ecclesia
863 1977 1020 2062 Berensi
1038 1987 1234 2062 consecrat
1259 1985 1298 2061 et
1322 1976 1429 2062 dotat
1444 2000 1604 2086 posses-

195 2111 368 2196 sionibus
387 2111 460 2196 enh
476 2111 693 2196 conditione
709 2111 929 2196 missarum.

277 2301 376 2385 (Edld.
392 2302 552 2378 Granum,
567 2303 650 2365 Soio
662 2303 726 2364 crit
744 2299 789 2364 de'
797 2304 913 2384 portora·
924 2303 1037 2380 Boeoti,
1047 2311 1072 2367 t.
1081 2305 1109 2384 1,
1122 2319 1151 2382 p.
1170 2313 1237 2380 199,
1252 2321 1290 2366 ex
1302 2305 1448 2382 luseulpto
1462 2318 1606 2365 marmore

315 2411 385 2474 olim
394 2415 484 2491 Juxta
500 2413 597 2491 mulus
609 2411 701 2473 ultore
713 2409 805 2473 affixo
820 2419 851 2474 et
862 2428 944 2474 nuuc
955 2428 1045 2490 penes
1058 2411 1140 2475 dom.
1152 2411 1190 2474 dc
1203 2411 1332 2474 Addodo
1345 2409 1484 2491 serato.)

243 2572 344 2648 Auno
369 2574 505 2648 Domini
527 2569 800 2672 MCCXXXl[ll],
825 2582 925 2646 sexto
949 2571 1007 2647 die
1032 2572 1211 2664 februarii,
1238 2573 1283 2644 Vl
1310 2571 1512 2662 indictione,
1541 2593 1604 2646 ae-

195 2695 300 2770 dente
313 2696 454 2771 domino
468 2695 633 2793 Gregorio
646 2718 735 2793 papa
750 2695 815 2788 lX,
840 2707 875 2770 et
898 2697 1037 2771 domino
1059 2695 1222 2772 Federico
1242 2696 1272 2767 ll
1287 2695 1478 2792 imperante
1497 2705 1531 2768 at
1545 2717 1604 2769 re-

194 2831 323 2918 gnante
345 2823 406 2896 Dei
431 2823 542 2918 gratia
560 2823 789 2896 Romanorum
806 2820 1012 2918 imperatore
1028 2843 1163 2918 semper
1180 2829 1345 2916 augusto,
1366 2819 1554 2894 Jerusalem
1570 2831 1603 2896 ot

192 2947 309 3022 Sicilie
324 2969 423 3044 rege,
445 2945 607 3022 dominus
622 2946 793 3020 Berardus
809 2945 872 3020 Dei
896 2947 1007 3042 gratia
1026 2945 1285 3020 Panormitanus
1302 2944 1599 3042 archiepiscopus,

193 3081 229 3146 et
245 3071 423 3169 quondam
437 3071 597 3146 Berensis
618 3071 914 3168 archiepiscopus,
933 3071 1066 3145 domiui
1079 3069 1292 3168 imperatoris
1309 3071 1501 3166 familiaris,
1520 3093 1603 3168 pra-

193 3207 290 3271 eeuta
310 3193 451 3271 domino
468 3197 601 3271 Marino
624 3199 772 3271 Baronm
791 3196 1048 3293 archiepiscopo
1072 3204 1106 3269 et
1124 3197 1280 3288 volente,
1308 3205 1343 3270 et
1364 3197 1602 3270 Bonoconsilio

194 3323 353 3418 episeopo
365 3322 573 3408 Bitectense,
596 3322 811 3395 consecravit
825 3343 966 3417 presens
979 3323 1085 3395 altare
1099 3320 1145 3394 ad
1160 3320 1324 3394 honorem
1338 3322 1437 3396 beate
1452 3322 1602 3418 Virginis

189 3447 293 3540 juxta
309 3447 444 3519 iconam
458 3447 586 3543 ipsius,
608 3456 643 3520 ot
660 3445 793 3520 dotauit
803 3446 910 3520 altare
925 3447 1038 3543 ipsum
1057 3447 1331 3542 possessionibus
1344 3455 1379 3520 et
1392 3466 1462 3519 uua
1483 3447 1598 3521 domo.

241 3571 318 3657 Que
335 3570 427 3644 idem
448 3569 611 3644 domiuus
631 3571 894 3645 Panormitauus
917 3593 979 3668 pro
995 3571 1195 3645 remissione
1214 3580 1433 3668 peccatorum
1460 3593 1602 3647 suorum

195 3695 340 3770 contulit
361 3696 501 3770 Barensi
527 3695 693 3792 capitulo,
720 3705 755 3771 et
781 3698 953 3792 prelatum
971 3697 1161 3793 capitulum
1180 3707 1301 3793 sponte
1320 3699 1548 3794 promiserunt
1568 3710 1602 3773 et

193 3820 434 3916 obligaverunt
447 3843 486 3896 se
506 3829 542 3894 et
559 3843 641 3895 suos
660 3843 875 3896 successores
888 3820 935 3896 ad
951 3821 1194 3896 celebrandum
1216 3821 1339 3896 missas
1353 3833 1503 3918 quatuor
1515 3846 1602 3920 qua-

192 3946 277 4020 libet
293 3944 512 4020 hehdomade
534 3945 793 4043 inperpetuum
816 3968 920 4044 super
943 3947 1057 4044 ipsum
1079 3947 1186 4020 altare
1208 3973 1217 4018 ε
1240 3957 1307 4020 tres
1329 3969 1391 4044 pro
1409 3949 1525 4021 anime
1538 3972 1602 4024 sua

192 4077 426 4165 postmortem
444 4072 539 4165 ejus,
559 4069 622 4146 aed
639 4068 725 4144 dum
743 4071 832 4144 vivit
853 4093 916 4169 pro
929 4072 1100 4168 peccetis3
1133 4093 1236 4145 uuam
1257 4092 1341 4146 vero
1364 4073 1518 4168 qualibet
1544 4073 1603 4151 die

194 4193 305 4268 sabati
325 4193 370 4270 de
383 4193 485 4268 beata
498 4193 641 4290 Virgine
653 4203 723 4268 tem
737 4196 773 4268 in
787 4196 858 4270 vite
872 4217 976 4292 quam
991 4206 1070 4294 post
1083 4205 1226 4270 mortem
1239 4196 1365 4293 ipsius,
1385 4199 1603 4272 etcelehrare

192 4319 467 4394 anniversarium
485 4319 579 4393 omni
597 4340 689 4394 anno
707 4319 765 4395 die
786 4321 901 4394 obitus
918 4321 991 4409 sui,
1012 4322 1157 4417 pulsatis
1174 4323 1368 4419 campanis,
1392 4323 1603 4400 sollemniter

192 4444 262 4518 lata
288 4445 456 4518 sententia
477 4445 844 4520 excommunicationis
868 4445 1055 4520 abeodem
1075 4445 1215 4521 domiuo
1237 4448 1496 4542 Panormitano,
1517 4471 1603 4547 pre-

193 4579 287 4642 sente
309 4578 344 4642 et
367 4569 600 4644 seduntatem
620 4580 793 4667 prestante
815 4571 955 4646 domino
977 4572 1132 4669 predicto
1154 4573 1411 4674 archiepiscopo
1435 4577 1598 4666 Bareuse,

195 4703 312 4768 contre
328 4715 388 4769 eos
405 4693 435 4768 si
452 4693 608 4792 predicte
621 4696 835 4794 negligerent
851 4698 1043 4773 observata.
