4372 5918
781 583 909 645 neom
936 583 1127 646 stcttten.
1623 581 1656 645 ll

249 723 446 822 publicum,
472 722 520 795 ita
541 719 639 814 quod
661 719 842 812 omnibus,
869 719 931 815 qui
954 721 991 792 in
1013 721 1208 794 actionibus
1233 729 1268 794 et
1293 721 1330 793 in
1358 719 1564 794 criminibus
1587 741 1659 818 pu-

252 850 348 923 blicis
379 847 609 923 admittuntur
633 845 809 918 usurarios
840 845 1028 920 accusandi
1062 846 1202 920 licentia
1232 845 1402 920 tribuatur
1419 844 1532 944 (ο).Α
1562 867 1657 920 nexu

251 985 363 1048 tamon
380 973 551 1070 presentis
568 969 822 1046 constitutionis
839 979 954 1044 nostre
967 971 1092 1064 judeos
1108 981 1242 1046 tantum
1259 972 1466 1069 excipimus,
1482 972 1660 1068 inquibus

252 1121 319 1174 non
338 1107 451 1196 potmt
469 1097 570 1193 argui
597 1097 699 1171 lenus
722 1094 964 1192 illicitudo),
990 1117 1055 1170 nec
1080 1097 1200 1172 divina
1226 1098 1302 1194 lege
1324 1097 1553 1193 prohibitum,
1573 1117 1661 1192 quos

251 1233 382 1300 constat
404 1243 476 1298 non
495 1243 571 1297 esse
594 1221 661 1295 sub
685 1221 763 1317 lege
786 1221 1033 1296 abeatissimis
1056 1223 1213 1320 patribus
1242 1223 1416 1314 instituta,
1443 1243 1532 1318 quos
1555 1221 1660 1295 etiam

251 1351 452 1426 auctoritate
469 1357 586 1424 nostre
602 1349 740 1423 licentis
758 1349 954 1446 improbum
971 1349 1072 1423 lenus
1084 1351 1247 1424 nolumus
1262 1370 1440 1442 exercere;
1458 1347 1521 1422 sed
1534 1355 1662 1422 metam

251 1475 334 1572 ipsis
348 1476 574 1572 imponimus,
593 1497 700 1572 mam
717 1475 768 1549 eis
785 1496 855 1549 non
870 1474 986 1548 licebit
1004 1475 1209 1572 transgredi,
1222 1475 1386 1550 videlicet
1402 1486 1441 1548 ut
1461 1496 1522 1571 pro
1541 1473 1661 1549 decem

252 1600 363 1673 unciis
389 1622 451 1697 per
475 1601 644 1674 circulum
667 1601 751 1674 anni
769 1600 894 1696 integri
920 1621 1027 1673 unam
1046 1601 1132 1697 ipsis
1157 1599 1396 1674 tantummodo
1419 1599 1545 1674 lucrari
1562 1599 1663 1672 liceat

254 1747 312 1822 pro
328 1726 466 1818 usuris;
478 1725 648 1822 quicquid
664 1736 779 1802 autem
798 1727 889 1800 ultra
904 1725 1110 1822 acceperint,
1127 1727 1163 1797 in
1182 1748 1310 1799 nonum
1326 1725 1423 1800 curie
1438 1733 1553 1802 nostre
1566 1747 1661 1798 com-

253 1860 398 1945 ponant,
425 1873 492 1924 nec
514 1851 696 1926 anabusn
724 1852 862 1926 licentio
891 1874 997 1948 quam
1025 1851 1156 1926 eisdem
1181 1861 1319 1948 propter
1339 1852 1576 1926 necessitatem
1598 1851 1662 1926 ho·

253 1972 383 2045 minum
399 1973 508 2048 coacti
526 1973 768 2069 relinquimus,
786 1974 1009 2050 commodum
1026 1975 1116 2048 ultra
1133 1975 1264 2048 licitum
1278 1984 1542 2070 consequantur.

737 2233 938 2308 crunnus
962 2234 1043 2308 vn.
1076 2240 1090 2306 1
1116 2234 1204 2331 (rc).

854 2409 904 2481 Dc
921 2410 1065 2484 decimis.

786 2610 886 2660 lDEbl
915 2612 1131 2664 soccatos·

302 2766 439 2852 Quanto
462 2765 585 2841 ceteris
608 2775 697 2840 terre
717 2768 933 2865 principibus
957 2770 1121 2844 munifica
1149 2770 1292 2846 dextera
1313 2773 1498 2846 Salvatoris
1521 2775 1557 2846 in
1582 2784 1667 2848 tem·

259 2889 432 2985 puralibus
454 2911 519 2964 nos
544 2891 704 2987 prefecit,
732 2903 826 2966 tanto
850 2895 971 2970 saltem
1000 2895 1044 2994 (c)
1059 2896 1148 2990 juris
1174 2897 1340 2971 naturalis
1357 2895 1406 2994 (d)
1433 2899 1597 2973 instinctu
1619 2901 1665 2976 ad

258 3015 411 3088 antidora
429 3015 579 3089 strictius
595 3015 806 3111 obligamur3
825 3041 905 3091 cnm
924 3021 1027 3094 etiam
1045 3023 1188 3094 veritato
1202 3021 1351 3109 dicente,
1370 3023 1416 3095 ab
1438 3045 1480 3097 eo
1501 3025 1559 3097 cui
1581 3047 1665 3099 am-

259 3138 346 3233 plius
364 3138 528 3232 creditur,
548 3142 700 3238 amplius
717 3143 890 3238 exigatur.
914 3144 1015 3230 Quod
1038 3146 1073 3218 in
1092 3154 1207 3218 nostre
1224 3145 1350 3218 mentis
1372 3145 1576 3221 intrinsecus
1592 3171 1665 3222 me·

260 3262 422 3338 ditatione
445 3265 590 3340 solbcita
613 3269 853 3361 revolventes,
878 3280 914 3344 et
938 3269 1026 3345 illud
1052 3271 1155 3346 etiam
1179 3269 1393 3344 attendentes
1416 3271 1514 3367 quod
1538 3274 1665 3348 solutio

260 3388 487 3485 decimarum,
510 3413 659 3487 quarum
688 3393 843 3468 debitum
868 3417 914 3468 ex
940 3396 1122 3492 utriusque
1150 3396 1278 3470 tabulis
1297 3397 1506 3471 Testamenti
1533 3397 1666 3472 contir-

260 3523 382 3608 matur,
397 3525 491 3590 tanto
504 3517 541 3589 in
555 3519 664 3592 oculis
674 3520 812 3593 Domini
826 3521 1006 3616 pretiosior
1019 3520 1188 3612 redditur,
1200 3531 1330 3617 quanto
1344 3522 1523 3597 decimalis
1539 3525 1666 3600 oblatio

261 3639 303 3714 de
319 3641 420 3714 bonis
436 3641 629 3732 bominum,
651 3645 746 3718 velut
764 3646 910 3719 electum
931 3645 1109 3742 quoddam
1126 3654 1160 3720 et
1175 3647 1353 3744 spirituale
1370 3649 1544 3745 peculium
1560 3675 1581 3725 a
1598 3653 1666 3726 Do·

261 3765 352 3838 mino
374 3775 565 3862 reputatur,
589 3769 792 3844 officialibus
815 3773 939 3846 nostris
962 3772 1133 3846 universis
1158 3781 1194 3846 et
1218 3773 1367 3868 singulis
1389 3769 1556 3870 presentis
1582 3777 1669 3873 legis

262 3891 459 3965 anctoritate
476 3891 696 3988 mandamus,
709 3906 749 3968 ut
762 3896 916 3971 decimas
931 3897 1074 3994 integre,
1091 3908 1194 3995 prout
1214 3899 1305 3993 regis
1323 3899 1495 3973 Guillelmi
1516 3910 1668 3998 tempore

262 4016 454 4090 consobrini
483 4027 518 4091 et
540 4017 790 4114 predecessoris
813 4023 940 4112 nostri,
957 4023 1002 4096 ab
1030 4025 1305 4098 antecessoribus
1326 4023 1531 4099 officialibus
1550 4036 1585 4099 et
1601 4027 1666 4102 ba·

302 4207 401 4288 (o)1n
427 4219 645 4288 groeooaulem
661 4216 822 4294 simplicius
840 4235 849 4278 τ
864 4216 910 4277 καὶ
935 4215 1037 4290 dodico
1056 4216 1131 4278 ἄδεια
1157 4225 1224 4278 πᾶσι
1249 4226 1304 4286 τοῖς
1333 4216 1486 4298 δυναμένοις
1512 4226 1667 4303 κατηγορεῖν

135 4289 140 4298 Ι
262 4315 463 4396 lilium&
476 4316 521 4378 ml
536 4317 636 4382 τούτων
650 4332 813 4406 κατηγοριῖν.

203 4459 207 4466 ·
302 4421 343 4503 (b)
363 4425 474 4488 Graece
486 4443 557 4490 voro
570 4429 657 4492 ubter
669 4437 699 4494 et
712 4431 818 4494 mellus
826 4451 835 4492 t
844 4431 1012 4516 ἐξῃρημένων
1027 4433 1080 4494 ἀπὸ
1093 4437 1141 4508 τῆς
1153 4436 1246 4518 ἓνορῆς
1257 4438 1304 4509 τῆς
1317 4433 1453 4519 παρούσης
1463 4433 1603 4506 διατάξεως
1615 4437 1668 4496 τῶν

262 4529 399 4607 Ιοῦδαίων,
413 4533 441 4592 ἐν
455 4523 494 4602 οἷς
505 4536 656 4610 κωλυθῆναι
669 4537 699 4598 οὗ
716 4536 825 4600 δύναται
838 4543 857 4614 ἡ
871 4539 992 4624 deponi:
1005 4544 1058 4602 τῶν
1072 4545 1201 4606 τοκιατῶν
1215 4539 1369 4616 ἀπαίτησις.

302 4635 339 4716 (θ)
365 4639 524 4717 Pefllefflm
537 4647 661 4724 scriptor
673 4663 796 4726 gratem
808 4649 880 4730 legit
891 4647 1002 4728 salute,
1018 4653 1090 4715 dum
1102 4653 1243 4732 νοηοῑτῇ
1261 4647 1390 4732 σωτηρία.

301 4741 344 4824 (d)
363 4745 518 4811 Naturalis
534 4751 617 4815 deest
634 4755 665 4815 ln
684 4770 800 4834 graeco
