4288 5912
198 562 297 622 lenter.
313 559 358 636 5.]
652 550 851 614 HISTORIA
875 546 1168 612 ntttottttttctt.
1552 545 1612 608 38³

246 694 348 766 liber
365 689 431 765 istc
451 691 608 786 inceptus
628 701 682 762 est
702 699 738 764 et
757 687 918 786 expletus
940 707 1020 758 cum
1042 682 1212 776 adjutorio
1230 683 1311 756 Iesu
1330 681 1452 754 Christi
1469 684 1531 778 qui
1556 684 1614 756 vi-

197 819 264 912 vit,
285 825 353 890 etc.
374 815 459 913 (sic).

247 940 346 1042 [Post
360 943 467 1015 altera
481 961 607 1014 manns
626 939 733 1013 seculi
751 936 865 1034 quarti
882 933 1008 1009 decimi
1023 934 1072 1006 ita
1086 933 1226 1029 scripsit
1242 929 1272 1030 ε]

247 1067 393 1142 Frenata
408 1087 535 1162 penna,
553 1063 652 1138 linito
665 1086 759 1138 nnnc
771 1061 964 1152 Avicenna,
982 1060 1070 1132 libro
1087 1058 1242 1152 Cesarea,
1260 1057 1512 1152 glortawsumma
1526 1056 1612 1130 Deo.

427 1369 441 1379 ι
450 1361 1379 1378 --υ--η---σ--ι-ιη--ια-ι-ι--υοι-ιι--ι--σ--ι-ωισ--ι

252 1620 454 1734 Encyclica
479 1620 661 1705 Friderici
687 1622 949 1707 Romanorum
979 1618 1217 1730 imperatoris
1247 1645 1325 1730 qua
1351 1617 1546 1728 magistris
1572 1615 1613 1700 in
1656 1667 1819 1687 ········

198 1754 440 1868 philosophia
458 1755 682 1840 docentibus
702 1755 822 1840 libros
843 1754 1034 1866 quosdam
1053 1752 1297 1838 sermoniales
1314 1761 1352 1836 et
1368 1751 1615 1836 mathemati-

199 1915 290 1998 cos,
310 1889 361 1974 ab
378 1889 579 1976 Aristotele
605 1889 765 2002 aliisque
791 1888 1027 2000 philosophis
1049 1888 1123 1972 sub
1141 1885 1286 2000 gracms
1304 1895 1342 1970 et
1358 1885 1519 1972 arabicis
1536 1913 1613 1972 vo-

200 2022 349 2110 cabulis
380 2024 637 2136 conscriptos,
661 2051 766 2109 nuno
799 2023 841 2106 in
876 2022 1041 2108 latinum
1075 2003 1159 2134 ipso
1194 2030 1351 2106 curante
1386 2020 1612 2131 translatoS‚

201 2156 332 2240 mittit.

283 2373 376 2451 (Edit
392 2391 441 2452 up.
455 2375 537 2437 Patr.
553 2372 588 2435 dc
607 2374 702 2435 Vincis
715 2373 825 2454 Epiri„
836 2373 891 2436 llb.
906 2373 963 2450 ΙΙΙ,
978 2389 1044 2452 cap.
1061 2373 1185 2448 van,
1196 2390 1265 2435 cum
1277 2373 1334 2436 hac
1353 2373 1469 2436 rubrica
1480 2394 1489 2436 ε
1502 2373 1616 2436 ultittit

322 2481 470 2563 mupbtrir
491 2487 520 2543 ct
542 2479 718 2542 nebulonibus
735 2477 963 2542 bononiensibus
982 2475 1070 2542 libror
1083 2477 1244 2542 Aristotelis
1257 2478 1291 2541 dc
1304 2499 1404 2564 praem
1416 2489 1445 2543 rt
1458 2479 1572 2542 arabico
1584 2483 1618 2544 in

322 2587 449 2652 hunum
466 2607 524 2670 per
544 2607 609 2650 eunt
624 2589 737 2651 moilen
753 2587 917 2652 trnmluton
936 2609 953 2648 n
972 2589 1102 2651 Robrica
1122 2596 1221 2651 tumen
1243 2591 1276 2649 ln
1298 2591 1446 2651 nonnullis
1468 2589 1617 2652 codicibus

323 2697 415 2760 deest.
431 2697 524 2760 aaut
536 2699 663 2760 alterum
682 2697 774 2777 halus
793 2698 932 2776 epistolas
950 2699 1110 2774 exemplar,
1125 2713 1195 2758 cum
1217 2699 1339 2758 nomina
1360 2698 1505 2759 Mantrerll
1525 2700 1616 2777 regis,

323 2819 372 2882 ap.
387 2805 553 2880 Munna,
573 2805 635 2868 Vct.
649 2805 748 2886 script
767 2811 797 2867 rt
817 2823 893 2868 mut.
918 2802 1047 2885 amplias.
1068 2801 1202 2873 eclectio,
1225 2811 1250 2866 t.
1264 2805 1310 2880 11,
1325 2804 1382 2866 ccl.
1400 2813 1488 2877 tato,
1503 2805 1554 2866 ubl
1568 2807 1617 2868 ln·

323 2911 481 2974 scribltur:
495 2909 690 2974 cScdcntibrtt
701 2913 735 2974 in
748 2911 898 2996 quadr-ipis
906 2911 1043 2994 physicae
1056 2910 1223 2994 disciplinas
1237 2911 1411 2974 Parisicnrir
1422 2911 1514 2974 studii
1521 2911 1619 2974 dmic-

323 3015 405 3080 ribut
416 3017 636 3082 universalibus.
648 3040 664 3080 n
677 3021 823 3082 brevioris
835 3027 936 3082 autem
949 3020 1006 3082 snb
1019 3021 1173 3082 intervallo
1185 3022 1267 3098 pacis
1279 3019 1325 3080 vel
1339 3021 1436 3098 potius
1449 3025 1569 3098 treugae
1580 3020 1620 3081 atl

324 3125 464 3188 Studium
476 3129 661 3190 Bonomcnse
682 3128 738 3190 hos
760 3127 851 3189 llbros
873 3127 1019 3189 destinare
1036 3129 1132 3206 potuit
1144 3126 1326 3206 tudertum,
1339 3144 1414 3205 quos
1427 3133 1528 3206 postea
1541 3127 1620 3190 tillus

325 3236 390 3312 ejus
411 3235 598 3312 Muntrerlus,
613 3253 675 3298 non
696 3237 802 3314 impari
818 3236 1008 3297 selentlarum
1026 3235 1100 3308 zelo,
1125 3235 1235 3295 lterum
1254 3233 1412 3295 Parlslcnsl
1434 3233 1539 3296 Studio
1558 3235 1618 3296 do-

326 3341 436 3422 navit.)

255 3526 481 3628 trudonem,
502 3527 586 3630 etc]
604 3531 642 3606 ln
660 3529 870 3608 extollendis
894 3531 989 3626 regie
1012 3531 1205 3628 prefecture
1224 3511 1370 3625 fastigiis
1386 3530 1514 3625 quibus
1532 3553 1619 3604 con-

205 3663 367 3750 gruenter
382 3655 511 3747 officia,
534 3659 633 3752 leges
651 3667 687 3731 et
711 3679 808 3732 mma
831 3657 1104 3748 communicant,
1133 3655 1325 3728 necessaria
1352 3656 1426 3729 lore
1445 3656 1620 3729 credimus

204 3777 347 3852 scientie
370 3779 589 3856 condimenta
609 3807 618 3854 z
638 3803 682 3854 ne
707 3803 771 3879 per
788 3782 894 3874 hujus
916 3779 1038 3854 mundi
1056 3802 1184 3854 suaves
1206 3790 1241 3852 et
1259 3779 1444 3854 muliebres
1461 3782 1616 3874 semitas,

205 3903 301 3976 nube
314 3903 507 3998 ignorantie
521 3907 781 3994 commiscente,
803 3907 896 3980 vires
915 3907 1004 3980 ultra
1022 3906 1134 3979 licitos
1153 3906 1316 3980 terminos
1334 3907 1497 3980 effrenate
1513 3907 1621 3980 lasci-

205 4027 320 4121 viant,
339 4039 373 4102 et
386 4029 526 4122 justicia
542 4030 633 4104 circa
651 4027 760 4104 debiti
779 4031 916 4124 regulas
934 4030 1105 4105 diminuta
1124 4033 1335 4126 languescat.
1358 4033 1446 4104 Hinc
1459 4053 1523 4104 nos
1540 4053 1620 4128 pro·

207 4323 331 4382 eumdem
345 4325 533 4398 Lambccium,
548 4326 665 4398 liment,
676 4345 705 4404 p.
716 4330 785 4401 til,
798 4341 830 4386 ιιο
842 4329 878 4386 ΙΙΙ
893 4347 900 4385 :
916 4328 989 4386 «ibn
1002 4328 1128 4386 lluschad
1139 4328 1196 4386 sive
1209 4327 1335 4386 Averrois
1346 4328 1624 4404 epitometlnupecti

206 4437 264 4479 stre
284 4437 399 4496 magnae
418 4425 625 4484 constructionis
638 4426 783 4486 Ptolemaei
803 4425 989 4498 alexandrini,
1008 4425 1143 4485 hebreice.
1154 4425 1240 4484 Vertit
1260 4425 1334 4482 illam
1355 4443 1388 4484 ex
1409 4427 1515 4484 arabica
1534 4428 1624 4501 lingua

207 4521 240 4578 R.
253 4521 419 4580 tantan.
431 4524 661 4597 thanatan.
673 4525 790 4599 Simscn,
802 4525 833 4583 tt.
847 4526 879 4583 ll.
890 4525 989 4598 Anuli,
1003 4542 1073 4584 anno
1085 4542 1161 4584 aerae
1174 4525 1295 4600 judaicae
1308 4527 1372 4583 teet
1391 4545 1404 4580 n
1416 4525 1522 4600 (Christi
1534 4525 1623 4600 tuat).

208 4617 249 4675 ct.
266 4633 304 4676 nn
315 4620 413 4692 Rossr,
428 4623 602 4692 Dizionnric,
615 4641 644 4698 p.
659 4627 694 4682 5³
706 4627 735 4681 et
746 4623 822 4682 codd.
834 4639 912 4696 nnn,
926 4629 947 4681 t.
961 4623 999 4698 ΙΙ,
1010 4641 1038 4699 p.
1052 4625 1100 4696 te,
1113 4628 1157 4684 50.
1167 4655 1205 4669 -
1215 4625 1326 4697 Pnsrnr,
1339 4624 1414 4684 codd.
1429 4627 1552 4696 taurin,
1564 4631 1584 4683 t.
1595 4627 1623 4698 Ι,

206 4731 237 4790 p.
252 4721 280 4775 tt
290 4761 298 4793 ,
310 4721 355 4778 tt.
365 4721 582 4795 -Dnurrzscrn
595 4721 670 4782 codd.
686 4721 771 4782 lleir.
785 4725 872 4798 lips,
885 4741 914 4798 p.
926 4726 990 4782 306.
