4298 5906
661 675 925 785 murmuri
948 711 1080 788 viam
1102 712 1162 788 an
1186 713 1268 790 nus
1290 713 1488 789 nmium
1513 715 1794 792 ruarmaurra

774 885 1000 937 nuntiabitis
1018 889 1185 940 inibantur
1204 889 1337 941 stuusm
1357 890 1461 941 nonis
1480 889 1683 944 narrabitis.

1132 1108 1320 1147 ⁶¹00*-

556 1333 712 1418 diaps'siror
722 1333 921 1416 suadlearior.
945 1339 999 1402 Fst
1015 1357 1095 1402 nova
1121 1340 1194 1402 baec
1213 1341 1404 1416 constitutio,
1427 1341 1501 1419 quia
1527 1339 1681 1401 medicum
1702 1338 1752 1400 bic
1772 1337 1931 1400 charicus

516 1440 675 1516 imperator
687 1441 828 1518 imposuit
840 1443 948 1518 primo.
963 1442 1002 1504 Et
1014 1443 1082 1504 ideo
1094 1449 1236 1522 unquam
1250 1443 1288 1504 de
1300 1443 1379 1504 maie
1391 1443 1526 1522 quaesito
1536 1443 1659 1521 praelati
1670 1459 1732 1504 uon
1741 1439 1931 1504 babentinde

515 1541 669 1602 decimam.
685 1540 735 1601 Ar.
752 1540 786 1602 ii.
797 1559 856 1622 pro
866 1543 950 1604 socia
966 1541 1044 1626 quod
1061 1551 1170 1606 uatem
1192 1541 1271 1626 quod
1289 1561 1399 1604 macor.
1424 1544 1574 1608 Fundicus
1594 1544 1720 1606 wiritur
1736 1543 1774 1604 de
1791 1542 1930 1604 omnibus

515 1643 662 1704 mercibus
674 1659 767 1722 grana
780 1643 836 1705 XV
850 1661 902 1722 per
916 1647 1046 1708 unciam.
1067 1645 1125 1707 Sed
1142 1645 1180 1706 de
1197 1645 1375 1708 victualibus
1394 1662 1447 1708 seu
1464 1645 1532 1708 aliis
1545 1643 1720 1706 habentibus
1729 1647 1781 1723 lus
1794 1645 1929 1706 exiturae

514 1743 595 1824 quod
608 1751 654 1805 est
667 1745 824 1822 plusquam
838 1743 970 1819 iundici,
985 1763 1045 1807 non
1057 1747 1193 1822 solvitur,
1208 1764 1264 1810 nec
1273 1748 1310 1810 de
1323 1747 1499 1809 animalibus
1511 1763 1567 1809 nec
1581 1747 1617 1808 dc
1630 1746 1860 1826 possessionibra
1872 1761 1929 1806 nec

514 1848 552 1910 de
563 1849 670 1925 pannis
684 1863 738 1908 neo
752 1846 790 1908 de
807 1847 945 1910 carnibus
962 1865 1018 1910 nec
1038 1849 1075 1910 de
1093 1865 1169 1928 pane
1189 1849 1329 1928 vendito,
1348 1851 1425 1911 sicut
1443 1847 1548 1910 dicunt
1563 1849 1623 1910 alia
1642 1854 1753 1910 statuta
1768 1847 1931 1926 imperialia

515 1965 592 2028 quae
604 1955 675 2010 sunt
687 1950 720 2008 in
732 1947 856 2009 dubanis
868 1965 923 2010 nec
935 1957 1006 2010 sunt
1018 1949 1137 2012 redacta
1152 1953 1183 2012 in
1196 1951 1254 2012 hoc
1269 1951 1430 2012 uolumine.
1445 1950 1491 2012 De
1508 1950 1585 2012 ierro
1604 1952 1711 2024 etiam,
1725 1951 1805 2022 saia,
1820 1950 1885 2028 pice
1898 1955 1930 2011 et

514 2051 611 2114 caurio
619 2051 742 2112 solvitur
754 2053 854 2129 majus
862 2053 925 2130 ius.
940 2053 1016 2114 item
1029 2059 1204 2114 mercatores
1215 2055 1368 2116 venientes
1380 2053 1419 2115 ad
1432 2053 1530 2115 iocum
1544 2051 1597 2114 ubi
1610 2057 1656 2114 est
1667 2051 1805 2113 sandicus
1818 2049 1930 2114 debent

514 2170 673 2216 exonerare
686 2169 797 2216 merces
807 2155 839 2214 in
852 2154 917 2216 ioco
929 2155 1052 2228 modici,
1066 2155 1137 2216 abbi
1150 2173 1227 2232 non;
1241 2157 1311 2234 quia
1324 2155 1481 2234 perderent
1494 2172 1617 2230 merces,
1629 2157 1687 2217 nisi
1700 2153 1883 2217 iundicarics
1894 2155 1928 2216 id

514 2257 666 2336 oenoedet,
675 2259 746 2336 quia
754 2255 841 2317 debet
858 2259 1016 2319 concedere
1027 2275 1067 2320 ax
1080 2261 1202 2338 antiquo
1215 2276 1272 2322 usu
1285 2260 1405 2338 quando
1416 2276 1529 2322 marces
1542 2265 1613 2322 suut
1625 2258 1747 2320 subtiles
1758 2275 1865 2320 aureae
1878 2259 1927 2320 vei

513 2359 587 2421 ailae
600 2359 759 2437 preciosae,
769 2375 843 2436 quas
853 2375 918 2420 essa
930 2361 961 2420 in
975 2359 1095 2422 iundico
1106 2377 1168 2422 non
1179 2366 1224 2423 est
1236 2355 1314 2422 bene
1324 2363 1518 2424 tutum.1tem
1531 2367 1676 2423 mercator
1688 2362 1740 2438 qui
1750 2363 1801 2440 jus
1814 2359 1928 2422 medici

512 2461 662 2524 fraudavit
674 2461 722 2522 rei
736 2460 829 2522 iurari
842 2463 978 2534 babuit,
992 2463 1089 2540 perdit
1102 2469 1302 2541 meresapae
1314 2463 1470 2526 recedebat
1479 2467 1547 2542 iure
1560 2463 1675 2526 mediet
1688 2479 1749 2524 non
1761 2461 1868 2542 solum,
1882 2464 1928 2524 ita

512 2565 594 2644 quod
606 2565 720 2626 furtum
730 2569 793 2643 lam
805 2565 930 2626 deduxit
942 2565 982 2627 ad
995 2571 1112 2640 aetum,
1127 2573 1162 2628 ut
1180 2569 1212 2626 in
1226 2569 1377 2628 cummuni
1389 2567 1521 2629 duuaet.
1536 2565 1560 2626 Ι.
1571 2565 1599 2628 ta‘
1610 2565 1675 2648 pata
1688 2581 1748 2627 eoa
1764 2563 1859 2626 dim
1870 2581 1926 2626 ro·

508 2685 589 2750 pere.
604 2668 705 2730 Arna.
720 2684 760 2728 na
773 2667 925 2743 lisanum,
941 2683 990 2746 ap.
1005 2667 1169 2744 Susarri,
1186 2668 1306 2730 douae.
1321 2670 1421 2750 neat,
1434 2685 1464 2748 p
1486 2677 1555 2732 iot.

553 3091 563 3110 .
583 3091 591 3108 .
608 3087 618 3108 .
636 3089 646 3107 .
662 3047 698 3108 in
711 3045 819 3108 herede
831 3045 966 3108 officialis
983 3063 1045 3108 uon
1057 3045 1167 3108 babent
1180 3047 1292 3126 iocum,
1305 3048 1375 3126 qnia
1388 3045 1426 3108 de
1439 3045 1508 3107 dolo
1521 3043 1652 3106 &iuncti
1664 3061 1725 3106 non
1738 3049 1855 3107 lenem
1867 3048 1926 3108 nisi

510 3155 659 3229 quantum
681 3149 720 3210 ad
739 3165 809 3210 eum
830 3151 973 3226 pervemt.
989 3149 1026 3210 ii.
1041 3147 1076 3209 de
1088 3146 1152 3210 dolo
1169 3149 1202 3209 e'o
1213 3145 1326 3210 herede
1341 3149 1378 3210 in
1394 3165 1463 3211 eum
1476 3164 1547 3228 ergo
1559 3148 1608 3210 uei
1620 3147 1812 3226 principai-
1825 3149 1925 3212 locum

509 3251 601 3312 babet
616 3253 768 3330 inquisitio
781 3257 815 3312 ut
833 3253 999 3330 inquiratur
1011 3259 1156 3330 quantum
1170 3247 1329 3334 [officialis]
1346 3255 1515 3330 perceperat
1536 3251 1568 3310 iu
1587 3247 1687 3311 officio
1698 3254 1728 3311 ct
1746 3249 1785 3312 ad
1805 3255 1923 3312 tantum

509 3353 755 3431 dampnatur,nisi
768 3351 872 3414 doceat
884 3370 916 3415 se
928 3353 1086 3415 tradidisse
1098 3361 1129 3414 et
1141 3351 1313 3432 expendisse
1328 3351 1403 3414 iilud
1423 3351 1613 3414 demandato
1631 3352 1679 3413 rel
1697 3353 1728 3414 in
1745 3352 1924 3432 specialibus

508 3457 637 3534 negotiis
652 3457 732 3516 curie
751 3461 783 3515 et
799 3453 986 3516 utibtatibus.
1008 3455 1094 3518 Unde
1113 3456 1278 3516 continetur
1291 3455 1323 3514 in
1340 3455 1469 3534 registris
1490 3455 1674 3532 imperatoris
1692 3453 1825 3516 Federici
1842 3455 1923 3534 quod

507 3557 592 3619 teres
602 3557 798 3635 condempnat
812 3555 1077 3637 (condempnatur)
1099 3557 1262 3619 secundum
1274 3557 1439 3635 incudem.
1453 3589 1495 3602 -
1513 3555 1637 3619 Goasiii.
1651 3557 1809 3619 eum
1822 3562 1851 3619 ci
1866 3574 1923 3638 pu·

507 3655 648 3722 bellumue
665 3657 857 3742 aequidiali,
872 3675 921 3738 ap.
933 3657 1010 3722 Bibl.
1024 3659 1119 3721 Paris.
1133 3669 1167 3720 n·
1181 3667 1274 3739 isat,
1287 3658 1341 3720 iol.
1357 3667 1395 3720 iti
1409 3664 1502 3720 recto.
1595 3657 1603 3666 “

535 3831 578 3892 ile
592 3829 714 3891 testeo
722 3827 893 3912 prefipecdo
905 3825 1081 3910 lopredteais'
1092 3825 1212 3910 officiolo·
1228 3825 1272 3889 od
1278 3825 1448 3908 ponendum
1460 3828 1605 3890 rotheem
1618 3835 1647 3892 ei
1659 3825 1695 3892 dc
1707 3835 1887 3890 ammeio

1106 3929 1183 4013 quod
1189 3937 1312 4012 pratot

546 4096 783 4120 ........
806 4057 877 4119 ideo
889 4058 915 4120 si
929 4057 1105 4135 [oiiicieiis]
1118 4059 1316 4136 interrogatus
1328 4063 1360 4117 et
1371 4057 1434 4118 aina
1454 4062 1639 4118 aeramento
1656 4055 1694 4118 ds
1706 4057 1825 4118 residm
1837 4057 1920 4135 prod

504 4155 594 4218 habet
612 4158 692 4220 dicat
709 4176 741 4222 se
755 4177 817 4222 non
835 4159 943 4222 babere
961 4159 1010 4222 uel
1026 4165 1143 4222 unium
1157 4158 1275 4232 babere,
1291 4164 1322 4219 et
1339 4157 1445 4220 deinde
1461 4158 1527 4236 plus
1540 4159 1709 4220 invmiatur
1722 4174 1775 4236 per
1792 4173 1920 4218 examen

505 4261 629 4322 rationis
643 4277 706 4323 esse
719 4262 800 4340 apud
812 4278 897 4338 eum,
912 4269 1029 4324 tanaim
1040 4261 1077 4323 de
1089 4261 1146 4322 boc
1159 4277 1228 4324 cum
1245 4276 1322 4338 pena
1339 4260 1422 4338 dupli
1442 4265 1473 4320 et
1491 4261 1600 4322 carceri
1619 4261 1805 4338 mancipetur
1824 4259 1919 4320 donec

504 4361 714 4437 solvatldem,
728 4367 753 4426 si
766 4367 861 4427 noluit
876 4365 990 4426 solvere
999 4365 1093 4426 donec
1106 4363 1164 4426 iuli
1176 4365 1245 4425 inde
1257 4363 1427 4442 compulsus
1439 4380 1491 4442 per
1504 4365 1629 4440 curm,
1644 4366 1735 4426 mam
1749 4366 1776 4425 si
1789 4379 1850 4424 non
1862 4380 1917 4425 na·

506 4472 605 4544 posset
617 4469 689 4544 quia
700 4483 761 4528 non
774 4467 832 4527 icit
845 4467 914 4527 inda
926 4471 1123 4546 interrogatus
1136 4471 1189 4528 :ut
1199 4465 1272 4526 dicit
1285 4465 1446 4527 declaratio
1458 4467 1644 4544 imperatoris
1655 4465 1788 4528 Foderici
1800 4481 1861 4542 quc
1873 4469 1921 4525 est

505 4569 537 4630 in
550 4571 681 4648 registris
693 4585 747 4646 pro
758 4568 867 4646 quibus
879 4575 924 4630 est
934 4565 968 4629 de
981 4565 1090 4629 admira
1101 4585 1158 4629 rer.
1169 4565 1211 4629 ad
1224 4569 1353 4630 civitates
1365 4568 1406 4648 (a)
1414 4569 1523 4650 persta
1540 4565 1719 4648 labefiat.
1733 4567 1829 4630 Detur
1840 4581 1916 4646 quo·

542 4713 578 4788 (o)
596 4714 627 4771 in
637 4713 697 4772 cod.
711 4711 748 4772 od
760 4715 876 4786 usuum,
889 4713 968 4772 mdc.
981 4713 1023 4773 ci.
1039 4713 1140 4788 Dipesi.
1157 4713 1191 4786 i,
1207 4713 1332 4784 titvili,
1346 4713 1375 4771 t.
