4360 5908
228 573 385 650 renes]
678 563 875 625 ursronrn
900 562 1191 626 nrruouarrcn

439 845 648 860 --ο-υ-ο-ο--υ
653 845 1116 856 au-u-n—-m--n-—m—
1123 841 1424 856 uana—nonam

285 1117 517 1226 Fridericus,
538 1117 798 1201 Romanorum
816 1116 1036 1225 imperator,
1055 1117 1267 1200 lohannem
1289 1115 1466 1200 abbatem
1488 1125 1526 1200 et
1550 1116 1638 1199 fra·
1725 1129 1753 1162 ⁸¹¹

230 1261 305 1333 tres
336 1251 555 1334 monasterii
587 1250 715 1335 Sancti
744 1249 887 1336 Nicolai
919 1249 967 1333 de
985 1251 1124 1334 Liltore
1157 1251 1318 1336 Rivoalti
1345 1277 1434 1334 cum
1461 1249 1639 1334 omnibus

229 1383 341 1467 bonis
359 1411 492 1469 eorum
510 1385 583 1470 sub
606 1413 677 1470 sua
697 1385 929 1496 protectione
945 1385 1095 1494 recipit,
1116 1387 1322 1498 statuitque
1339 1395 1383 1468 ut
1400 1385 1447 1468 de
1464 1385 1641 1494 praedio-

230 1516 280 1600 tis
297 1518 408 1602 bonis
419 1519 509 1630 jura
533 1519 682 1630 imperii
701 1517 942 1628 recolligant,
963 1519 1036 1602 sibi
1053 1519 1113 1603 vel
1131 1520 1274 1602 nuntiis
1292 1520 1372 1602 suis
1390 1518 1636 1630 assignanda.

314 1721 454 1800 (Edlder.
469 1721 669 1795 Msassmm,
685 1719 797 1783 Butler.
819 1721 943 1795 Caela,
956 1727 981 1782 t.
996 1721 1046 1794 11,
1062 1739 1093 1798 p.
1110 1731 1178 1784 267.
1190 1754 1232 1768 -
1243 1723 1339 1783 smu.
1353 1723 1517 1796 Commo,
1531 1719 1641 1784 Ereta.

356 1829 479 1889 Venetae
490 1829 580 1910 antip
595 1827 915 1903 manumittendum,
932 1835 957 1890 t.
977 1829 1035 1904 IX,
1051 1845 1081 1906 p.
1103 1838 1171 1902 tot,
1187 1846 1225 1890 ex
1238 1829 1357 1891 areblvo
1369 1828 1469 1890 Sanctl
1481 1829 1594 1891 Nlcolal
1606 1830 1643 1891 da

351 1933 476 2016 Lanu.)

283 2095 323 2178 ln
339 2107 480 2180 nomine
497 2117 615 2182 sancte
633 2118 668 2182 et
691 2107 875 2183 individue
893 2108 1078 2181 Trinitatis.
1099 2107 1293 2181 Fridericus
1311 2107 1503 2200 secundus,
1525 2107 1645 2182 divina

235 2232 371 2305 lavante
389 2233 573 2307 clementia
589 2235 822 2309 Romanorum
841 2235 1025 2331 imperator
1046 2257 1182 2331 sempor
1202 2243 1391 2330 angustus,
1408 2233 1594 2307 Jerusalem
1612 2243 1646 2306 et

235 2357 348 2430 Sicilie
368 2369 445 2431 rex.
466 2357 522 2433 Ad
542 2369 658 2433 aterne
678 2361 750 2434 vite
774 2360 943 2456 premium
965 2359 1065 2434 nobis
1085 2359 1259 2433 credimus
1277 2361 1494 2456 prolaturum
1512 2359 1542 2431 si
1562 2359 1647 2432 locis

236 2481 356 2555 divino
387 2483 495 2555 cultui
523 2483 697 2579 deputatis
720 2483 954 2557 misericordie
985 2493 1101 2556 nostre
1126 2483 1259 2556 viscora
1287 2490 1496 2568 reserantes,
1527 2503 1647 2554 eornm

236 2605 476 2703 indempnitati
485 2607 635 2702 benigno
649 2607 878 2704 prospicimus
890 2617 924 2682 et
936 2607 1057 2704 quieti,
1074 2629 1115 2682 ac
1129 2609 1201 2680 suis
1214 2607 1417 2679 utilitatibus
1430 2605 1648 2702 providendo

236 2732 454 2829 pmtectionis
471 2743 505 2807 et
525 2734 634 2829 gratie
651 2743 766 2807 nostre
791 2735 971 2806 munimen
985 2734 1036 2806 eis
1053 2733 1239 2807 liberaliter
1255 2731 1476 2806 exhibemus.
1494 2729 1579 2802 lnde
1596 2739 1648 2802 est

236 2856 342 2951 igitur
360 2857 456 2952 quod
479 2867 599 2931 notum
616 2859 869 2933 essevolumus
891 2859 1062 2932 universis
1079 2857 1215 2954 imperii
1234 2856 1394 2931 fidelibus
1416 2864 1487 2929 tam
1506 2877 1647 2952 presen-

236 2980 331 3053 tibus
355 3003 460 3077 quam
485 2982 608 3056 futuris
632 2981 727 3077 qnod
752 3003 816 3056 nos
844 2981 1023 3056 honestam
1048 2981 1155 3056 vitam
1177 2990 1212 3054 et
1231 2981 1439 3056 laudabilem
1462 3001 1646 3054 conversa·

237 3107 367 3179 tionem
385 3107 551 3183 Iohannis
571 3107 780 3182 venerabilis
802 3107 938 3182 abbatis
958 3107 1156 3180 monasterii
1178 3106 1293 3179 Sancti
1311 3105 1442 3180 Nicolai
1461 3104 1506 3180 da
1523 3106 1649 3178 Littore

236 3231 384 3305 Rivoalti
402 3255 511 3330 propo
526 3233 700 3308 civitatem
714 3233 934 3307 venetiarum
952 3241 986 3306 et
1001 3233 1144 3305 lratrum
1160 3231 1197 3304 in
1213 3231 1336 3306 eodem
1353 3231 1557 3304 monasterio
1577 3232 1649 3304 Doo

238 3357 498 3450 famulantium,
514 3367 707 3432 nostrorum
722 3356 895 3450 fidelium,
916 3357 1065 3452 benigno
1090 3356 1217 3428 intuitu
1240 3354 1468 3446 attendentes,
1486 3354 1649 3428 eumdem

239 3479 423 3574 abbatem,
444 3481 690 3556 monasterinm
714 3491 749 3555 et
773 3482 894 3555 tratres
919 3479 1171 3553 cumomnibus
1194 3479 1468 3576 possessionibus
1490 3487 1524 3552 et
1549 3479 1652 3552 bonis

240 3625 361 3678 eornm
378 3628 448 3701 que
465 3628 526 3702 per
547 3607 728 3703 imperinm
747 3609 842 3701 juste
858 3615 976 3680 tenent
996 3615 1031 3681 et
1048 3606 1224 3702 possident
1243 3615 1280 3680 et
1300 3627 1370 3702 que
1392 3606 1438 3680 de
1458 3613 1572 3680 cetero
1594 3627 1651 3680 ra·

241 3729 451 3804 tionabiliter
468 3740 503 3805 et
520 3731 672 3826 legitime
690 3741 851 3828 poterunt
869 3731 1033 3829 adipisci,
1052 3732 1244 3828 specialiter
1261 3731 1297 3802 in
1315 3731 1416 3804 terris
1435 3739 1470 3804 et
1490 3730 1575 3804 locis
1590 3729 1652 3802 in-

242 3854 429 3950 frascriptis
444 3881 453 3926 :
470 3854 631 3952 videlicet
645 3856 682 3929 in
697 3857 816 3950 Saceo,
829 3857 867 3929 in
878 3855 1074 3954 aquilegia,
1087 3857 1123 3929 in
1133 3856 1242 3944 Istria,
1257 3855 1294 3928 in
1307 3855 1488 3929 Parentina
1500 3855 1651 3949 civitate,

243 3979 279 4051 in
292 3979 449 4075 partibus
465 3979 752 4072 Bononiensibus,
774 3981 811 4054 in
827 3981 1027 4079 episcopatu
1038 3981 1231 4078 Tarvisino,
1252 3980 1288 4053 in
1304 3980 1432 4054 diocesi
1447 3980 1654 4054 Ferrariensi

245 4113 281 4176 et
302 4105 503 4202 episcopatu
527 4105 679 4198 llugnbii
703 4106 770 4179 sub
794 4108 1007 4204 protectione
1033 4129 1075 4180 ac
1100 4106 1299 4180 defensione
1324 4115 1440 4180 nostra
1461 4114 1497 4178 et
1520 4104 1655 4202 imperii

245 4229 439 4325 recepimus
461 4229 616 4328 speciali.
647 4233 836 4308 Statuimns
859 4235 998 4330 insuper
1016 4242 1051 4306 et
1069 4232 1243 4306 sancimus
1258 4241 1298 4306 ut
1320 4231 1476 4325 fodrum,
1498 4231 1656 4326 alberga·

245 4353 327 4446 rias,
345 4354 554 4452 districtum,
575 4357 749 4453 collectas,
768 4359 939 4454 bannum,
960 4359 1138 4456 placitum,
1153 4358 1318 4432 assaltum
1336 4357 1388 4456 (l)
1404 4368 1439 4431 et
1451 4366 1565 4432 cetera
1575 4358 1657 4452 jura

284 4609 321 4684 (tl
335 4611 435 4670 Vocem
445 4612 577 4671 emaum
586 4617 804 4690 praetermissam
815 4633 832 4676 a
843 4617 943 4693 cmgio
955 4617 1145 4692 interpretatur
1166 4614 1334 4690 blargarlnus
1350 4615 1379 4673 in
1399 4630 1449 4675 suo
1462 4613 1525 4674 diet.
1538 4612 1657 4689 longob.

247 4721 315 4764 m
320 4709 461 4782 pomo
472 4711 516 4770 val
529 4711 610 4772 roob.

329 4809 383 4873 lll.
1461 4823 1500 4875 4ο
