4372 5918
794 589 920 650 REGNI
944 590 1132 654 SICILIAE.
1626 591 1668 654 49

257 727 332 827 [seu
356 725 553 821 justitiariis
576 724 648 822 (o)]
676 747 758 798 oum
782 725 1113 801 administrationem
1128 727 1322 823 suscipiunt
1340 727 1570 811 conducatur,
1597 727 1665 801 hoo

255 851 447 948 specialiter
458 861 495 925 et
509 851 708 946 expressius
725 851 888 924 volumus
905 851 1073 925 contineri
1092 862 1131 925 ut
1146 855 1256 926 Deum
1272 861 1305 925 et
1319 853 1488 946 justitiam
1503 852 1664 926 habendo

255 1000 315 1074 pre
329 977 458 1068 oculis,
479 976 669 1070 unicuique
684 975 906 1070 conquerenti
918 977 1087 1069 justitiam
1103 977 1230 1052 laniant
1245 977 1321 1052 siue
1335 976 1477 1070 fraude,
1503 986 1538 1051 et
1558 998 1664 1072 quam

255 1101 353 1175 citius
368 1109 530 1197 poterunt
544 1099 716 1195 litigantes
731 1097 900 1194 expedire
920 1100 1104 1174 curabunt.

516 1377 719 1450 uruuuos
742 1377 825 1466 xe,
852 1375 972 1450 urus
997 1377 1031 1449 11
1058 1376 1118 1474 (o).
1146 1381 1208 1450 uz
1233 1374 1323 1474 (er)
1348 1375 1404 1472 (p.

788 1563 883 1630 rourr
917 1563 1131 1614 suousrus.

301 1715 428 1810 Magne
445 1717 542 1790 curie
559 1726 675 1791 nostre
696 1717 898 1812 magistrum
911 1719 1153 1812 justitiarium,
1172 1719 1269 1792 velut
1280 1718 1412 1812 justitie
1430 1719 1612 1814 speculum
1630 1717 1666 1790 in

155 1845 159 1852 '
258 1839 491 1933 cognitionum
507 1849 701 1913 nostrarum
717 1839 859 1932 judiciis
877 1841 1093 1934 collocatum,
1110 1862 1181 1916 non
1195 1841 1308 1936 magis
1326 1841 1513 1937 magisterii
1528 1842 1666 1914 nomine

254 1964 452 2056 justiciariis
469 1962 518 2062 (d)
534 1965 655 2038 ceteris
677 1964 795 2062 prefici
813 1965 977 2038 volumus
994 1989 1099 2062 quam
1125 1967 1289 2062 exemplo
1308 1993 1316 2037 ι
1338 1977 1378 2038 ut
1400 1968 1436 2038 iu
1460 1967 1536 2062 ipso
1560 1967 1664 2040 ceteri

258 2087 385 2181 gradum
414 2089 592 2163 inferiores
615 2089 784 2186 aspiciant
807 2090 902 2184 quod
927 2092 962 2162 iu
980 2112 1017 2164 se
1040 2091 1126 2187 ipsis
1150 2091 1346 2165 observent.
1367 2089 1525 2176 Qoedam
1549 2101 1663 2164 tamen

258 2214 330 2306 ejus
354 2215 392 2286 in
416 2224 551 2288 tautum
577 2215 769 2310 specialiter
792 2225 873 2287 sunt
891 2237 1029 2289 annexa
1048 2215 1182 2310 judicio
1206 2228 1244 2288 ut
1265 2214 1310 2290 de
1332 2215 1383 2288 eis
1406 2216 1539 2312 absque
1563 2215 1665 2288 dela-

259 2336 404 2436 tione(e)
413 2335 532 2437 [nostri
545 2336 708 2438 nominis]
723 2341 862 2436 speciali
875 2342 966 2414 alius
979 2362 1187 2436 cognoscere
1199 2362 1266 2414 uon
1278 2351 1451 2436 presumat
1464 2341 1531 2438 ([);
1546 2339 1591 2415 de
1607 2361 1664 2414 oo·

259 2463 433 2536 mitatibus
446 2463 624 2556 videlicet,
637 2464 808 2556 baroniis,
831 2465 1049 2558 civitatibus,
1069 2466 1187 2538 castris
1199 2475 1232 2539 et
1249 2465 1385 2561 maguis
1400 2465 1528 2559 leudis,
1545 2487 1614 2562 que
1628 2465 1663 2538 iu

259 2588 539 2681 quaternionibus
555 2587 692 2662 dohaue
709 2599 824 2663 nostre
844 2588 895 2688 (q)
913 2590 1082 2663 baronum
1099 2590 1325 2663 inveniuntur
1345 2591 1522 2688 iuscripta.
1546 2590 1666 2664 Coria·

260 2712 339 2784 lium
356 2713 459 2786 etiam
484 2715 684 2808 questiones
701 2717 761 2810 qui
782 2716 915 2790 acuria
933 2725 1048 2789 nostra
1066 2714 1246 2790 discedere
1263 2701 1338 2788 sine
1362 2715 1525 2790 mandato
1553 2727 1668 2789 nostro

260 2838 311 2910 uel
326 2837 563 2910 ordinatorum
578 2837 630 2936 (ir)
651 2853 845 2913 nostrorum
867 2861 930 2937 pro
949 2841 1039 2914 velle
1063 2861 1132 2913 nou
1151 2850 1308 2936 possunt,
1324 2841 1386 2936 qui
1402 2849 1516 2914 tamen
1533 2839 1584 2938 (i)
1603 2842 1667 2913 im-

296 3014 338 3095 (o)
359 3017 395 3077 In
407 3017 508 3078 codice
521 3025 600 3080 «toto
611 3037 631 3078 a
643 3020 984 3102 mqirtrirjrertitiorie'r,
997 3022 1074 3082 sicut
1086 3022 1117 3081 ln
1130 3036 1244 3098 graeco.

297 3120 337 3202 (t)
358 3123 439 3186 Haec
448 3128 620 3186 constitutio
633 3143 710 3204 quae
722 3145 796 3188 oooo
808 3127 927 3200 dicitur,
941 3145 990 3206 ap.
1002 3128 1122 3189 Gereoni
1132 3127 1220 3188 tttolo
1234 3127 1287 3189 XL
1300 3126 1476 3208 adnectitur,
1490 3125 1560 3188 dcet
1572 3129 1667 3206 primo

261 3244 322 3304 pers
333 3246 395 3290 uon
407 3229 486 3291 adsit
503 3233 535 3291 tn
549 3247 653 3310 greco
665 3249 762 3311 neque
774 3235 806 3294 in
820 3233 886 3295 eod.
906 3243 995 3294 rote.
1007 3233 1092 3296 Unde
1114 3233 1248 3294 ordinem
1268 3239 1368 3294 textus
1381 3235 1478 3312 gaeci
1499 3239 1664 3308 sementes,

261 3335 417 3420 monadem
427 3337 506 3398 hono
517 3345 642 3418 partem,
657 3346 758 3402 nostro
769 3341 881 3419 Judtoto
895 3343 988 3419 primo
1002 3342 1205 3420 uetustiorem,
1219 3341 1258 3402 ad
1272 3357 1358 3402 suum
1371 3341 1470 3401 locum
1484 3343 1663 3419 reponimus.

296 3442 334 3524 (e)
361 3445 439 3505 Huic
449 3445 536 3507 titulo
549 3462 652 3525 graecu
664 3447 781 3509 rubrica
793 3451 964 3527 lmpoultur,
980 3449 1092 3509 scillcet
1100 3464 1108 3506 ε
1117 3447 1159 3508 oe
1170 3445 1476 3528 recuperationem
1488 3445 1530 3509 od
1539 3447 1665 3529 officium

261 3549 388 3631 nepotes
394 3552 567 3633 jmtitiorii.

298 3654 340 3736 (d)
360 3659 417 3734 Ap.
435 3657 767 3740 Caroenljoetitioriom
783 3659 965 3742 Corrtgtmus
977 3669 1040 3723 tom
1052 3677 1092 3723 ex
1110 3661 1210 3723 codiee
1224 3669 1302 3722 4625
1320 3677 1410 3740 quam
1428 3677 1466 3721 ex
1488 3675 1593 3740 graeco
1611 3667 1666 3727 τοῖς

259 3761 344 3831 ἄλλοις
357 3761 517 3832 δικαιῶταις.

295 3869 333 3951 (e)
354 3871 444 3934 Verbi
460 3869 600 3934 delatione
610 3890 712 3936 seusus
725 3882 769 3938 est
783 3878 1002 3958 tromporitiome
1019 3877 1190 3959 omoplatas
1196 3875 1362 3957 justitiario
1376 3875 1408 3935 io
1421 3871 1514 3956 oliam
1520 3872 1665 3956 jadicem

257 3977 374 4046 ἀνάθεσις
388 3981 468 4040 enlm
480 3979 559 4057 apud
572 3981 694 4042 suidam
714 3990 759 4044 est
775 3981 922 4068 ὑπέρθεσις.

296 4083 345 4165 (f)
359 4085 395 4146 ln
410 4101 538 4164 graeco:
560 4086 761 4149 Verumtamen
782 4098 850 4152 mot
868 4089 1009 4173 qrrudom
1028 4089 1099 4152 odeo
1111 4089 1274 4171 specialiter
1286 4088 1387 4150 domm
1394 4086 1596 4170 jurisdictioni
1608 4087 1664 4148 od-

255 4205 339 4262 oroo,
349 4197 385 4252 ot
396 4192 458 4252 rime
469 4193 649 4272 aspersione
663 4191 910 4277 (transpositione)
926 4195 1042 4278 speciali
1058 4195 1134 4258 otior
1147 4214 1310 4280 ropreorcere
1323 4213 1383 4256 ooo
1391 4201 1572 4276 praesumot.
1580 4193 1664 4258 Unde

255 4293 346 4372 liquet
357 4293 508 4376 rpecioliro
519 4301 599 4378 quod
612 4317 661 4378 ap.
677 4301 799 4363 Cercaul
813 4305 931 4385 legitor,
946 4305 1151 4384 corrigendum
1165 4322 1228 4366 esso
1240 4301 1357 4385 speeioii
1372 4301 1459 4364 otior.

294 4401 335 4484 (q)
357 4405 395 4466 In
408 4420 512 4483 graeco
525 4407 603 4468 merie
616 4415 724 4472 metro.

295 4507 338 4590 (le)
358 4511 404 4571 Ex
418 4512 486 4573 eod.
503 4522 579 4575 totto
593 4521 623 4576 et
641 4531 679 4576 ex
693 4532 800 4596 graeco
814 4517 867 4576 τῶν
881 4515 945 4600 παρ’
958 4518 1035 4595 ἡμῶν
1049 4516 1229 4597 τεταγμένων,
1244 4519 1420 4597 corrigimus
1433 4514 1658 4578 ordtooriomm.

296 4613 340 4696 (i)
361 4617 427 4678 Hoc
439 4617 565 4683 uerbum
588 4627 684 4684 turmo
702 4623 781 4685 mala
804 4624 921 4686 videtur
934 4627 1134 4704 interpretatio
1147 4625 1243 4705 graeei
1256 4621 1340 4704 ὅμως,
1354 4625 1434 4703 quod
1448 4623 1603 4704 legendum
1617 4629 1662 4683 est

257 4721 339 4801 ὁμῶς,
348 4725 477 4804 poriter.

334 4831 387 4894 lv.
1487 4847 1502 4898 r
