4298 5906
532 553 595 616 2⁴8
938 550 1148 612 Arserunt
1172 545 1544 612 codsrrrurrortult

537 689 618 783 quis
630 684 798 784 peccandi
811 685 907 759 locus
920 684 1201 782 delinquentibus
1215 682 1522 780 relinquatnr2sed
1536 681 1593 756 ille
1601 691 1757 754 servetur
1769 682 1947 777 innocens,

537 813 599 907 qui
618 832 738 885 revera
757 811 922 884 innoxius
938 821 990 884 est
1007 811 1044 884 in
1058 812 1179 908 culpa,
1202 831 1268 886 nec
1283 815 1461 904 reputetur
1476 806 1674 902 improbus,
1695 806 1821 901 siquis
1842 809 1949 902 proba

538 959 577 1012 se
593 937 700 1034 possit
715 937 919 1032 allegatione
930 936 1036 1030 tueri,
1056 934 1142 1032 qnid
1159 957 1222 1032 pro
1239 934 1388 1031 puritate
1400 930 1621 1028 pretendens.
1638 931 1710 1004 Nec
1723 931 1842 1026 ignoro
1858 931 1949 1004 simi·

440 1047 443 1052 ’
539 1061 617 1135 liter
638 1059 832 1157 quodcum
856 1083 902 1134 ex
924 1061 993 1134 alto
1007 1060 1146 1153 justicie
1166 1059 1252 1134 solio
1273 1056 1532 1132 mediaetatem
1549 1054 1673 1148 judicii
1689 1063 1786 1128 actus
1801 1055 1950 1130 liliorum

539 1185 717 1258 bominum
736 1185 991 1282 compensabit,
1011 1205 1076 1258 noc
1093 1184 1175 1258 boni
1194 1183 1354 1281 premiis,
1378 1201 1444 1254 noc
1459 1179 1625 1252 carebunt
1644 1179 1821 1274 suppliciis
1840 1181 1951 1253 male·

538 1311 696 1382 factores.
711 1309 789 1381 Scio
801 1308 904 1382 etiarn
922 1307 1020 1403 quod
1034 1307 1198 1382 officiales
1212 1307 1274 1402 qni
1287 1307 1417 1380 scelera
1430 1315 1567 1400 reperta
1582 1325 1651 1376 non
1662 1303 1843 1396 judicant,
1870 1325 1952 1378 vere

538 1435 665 1507 conscii
678 1434 777 1507 velot
787 1432 961 1508 criminosi
969 1431 1144 1526 festinent,
1159 1443 1193 1506 et
1207 1433 1242 1505 in
1254 1452 1317 1506 eos
1330 1430 1452 1504 merito
1464 1449 1607 1502 severus
1620 1437 1800 1500 exercetur
1813 1429 1953 1521 gladius

539 1559 696 1646 ultionis,
725 1566 764 1631 ut
786 1558 823 1630 iu
841 1579 906 1632 sua
926 1566 1102 1652 nequeant
1125 1557 1281 1652 nequitia
1301 1555 1454 1650 gloriari.
1476 1553 1562 1626 Cum
1586 1551 1691 1646 igitur
1711 1553 1952 1648 unusquisque

536 1683 626 1756 bene
638 1682 773 1776 judicet
790 1703 860 1777 qne
874 1681 1068 1776 cognoscit,
1087 1690 1123 1754 et
1140 1682 1263 1754 borum
1277 1680 1391 1774 judex
1407 1678 1560 1776 optimus
1575 1686 1770 1768 censeatur,
1799 1677 1859 1770 qui
1877 1675 1952 1752 dis·

536 1805 695 1878 cussione
712 1805 828 1878 debita
849 1826 917 1877 non
934 1805 1080 1895 omissa,
1112 1805 1179 1880 snb
1196 1805 1372 1898 diligentis
1388 1803 1560 1878 examinis
1579 1803 1661 1876 lima
1682 1801 1836 1896 legitimo
1848 1801 1953 1874 testi-

537 1929 653 2002 monio
662 1929 920 2024 comprobatur,
937 1929 1042 2002 miror
1055 1939 1125 2004 tam
1137 1930 1341 2002 instructum
1352 1927 1507 2022 judicem
1519 1937 1589 1999 tam
1603 1926 1725 2000 leviter
1740 1925 1952 2001 commoveri

538 2053 585 2127 ad
598 2063 668 2126 tom
687 2054 798 2126 levem
818 2053 1046 2148 delationem,
1065 2076 1137 2149 qua
1155 2053 1201 2127 de
1214 2054 1383 2127 malorum
1398 2037 1647 2128 deliberatione
1662 2050 1838 2124 describor
1853 2063 1888 2124 et
1906 2050 1953 2124 de

537 2178 672 2250 funesta
694 2178 840 2272 pecunie
866 2179 1084 2274 preceptione
1109 2178 1306 2276 compulsor
1328 2205 1338 2249 ε
1360 2187 1400 2250 nt
1425 2177 1479 2250 sic
1501 2175 1656 2250 vendere
1677 2175 1793 2271 precio
1810 2175 1954 2268 justicie

537 2302 738 2398 mysterium
756 2323 952 2394 asseveror,
974 2313 1013 2376 ut
1033 2304 1106 2376 veri
1121 2302 1294 2396 jndicium
1310 2303 1400 2378 circa
1416 2301 1538 2376 mundi
1555 2301 1680 2374 limites
1695 2301 1877 2394 relegetur.
1899 2301 1954 2372 Si·

536 2426 679 2522 quidem
700 2427 766 2498 boc
788 2426 824 2498 in
846 2449 902 2502 me
920 2439 1145 2502 concurrente
1165 2429 1202 2502 in
1228 2449 1271 2502 ea
1294 2428 1461 2502 sententia
1487 2426 1751 2517 condemnarer,
1775 2425 1859 2520 qula
1876 2426 1955 2521 ipse

538 2561 656 2626 contra
675 2573 731 2625 me
753 2552 848 2624 testis
864 2561 899 2624 et
917 2552 1033 2645 judex
1054 2551 1256 2640 existerem,
1287 2563 1321 2626 et
1339 2553 1436 2626 locus
1453 2551 1598 2624 testibus
1618 2551 1747 2624 exteris
1761 2551 1952 2624 laxaretur.

536 2677 597 2749 list
624 2677 740 2771 itaque
766 2697 987 2772 nequaqnam
1013 2677 1113 2750 facile
1138 2678 1280 2752 credere
1306 2677 1401 2772 qnod
1423 2677 1505 2773 quis
1527 2675 1593 2748 sibi
1623 2675 1731 2748 fodiat
1758 2675 1895 2749 foveam
1917 2676 1956 2750 in

535 2823 640 2896 quam
658 2801 780 2894 cadat,
797 2801 911 2894 judex
927 2809 1046 2876 contra
1070 2823 1108 2875 se
1125 2803 1213 2876 ferat
1228 2803 1448 2896 sententiam,
1467 2812 1502 2874 et
1523 2801 1559 2872 in
1580 2803 1633 2874 sni
1658 2799 1882 2896 dispendium
1903 2799 1956 2872 sic

537 2925 689 3000 terribile
706 2926 936 3000 testimouium
962 2926 1171 3002 introducat.
1197 2927 1299 3014 Quod
1321 2926 1415 3027 idem
1441 2926 1516 3022 ipse
1535 2923 1715 3012 fecissem,
1744 2927 1774 2998 si
1799 2925 1956 2998 cuminis

538 3052 672 3144 objecta
689 3053 841 3148 potentia
853 3052 1010 3126 veritatis
1026 3053 1145 3126 fomite
1159 3053 1344 3126 inroretur.
1361 3052 1529 3124 Discutiat
1540 3073 1636 3147 ergo,
1651 3051 1681 3124 si
1699 3053 1820 3148 placet,
1838 3061 1958 3126 vestra

539 3177 704 3250 serenitas
725 3179 826 3270 juxta
850 3176 946 3272 quod
967 3178 1059 3270 jacet
1083 3177 1193 3273 ipsius
1224 3178 1274 3252 rei
1311 3177 1467 3250 veritatis
1490 3177 1645 3250 edoctus.
1670 3175 1821 3249 Cironivi
1849 3177 1956 3250 etiam

540 3301 703 3374 continua
720 3301 934 3374 discussione
948 3301 1122 3375 decretam
1134 3301 1219 3374 mibi
1231 3301 1457 3398 provinciam,
1472 3311 1507 3374 et
1518 3301 1629 3398 ipsam
1642 3301 1742 3374 malis
1753 3300 1959 3375 bominibus

538 3427 750 3522 expurgari,
779 3436 902 3500 stratus
924 3425 1042 3499 inveni
1070 3435 1179 3518 tutas,
1207 3436 1241 3499 ct
1263 3426 1383 3522 predia
1403 3427 1547 3518 tutiora,
1569 3435 1605 3499 et
1622 3426 1793 3499 tutissima
1809 3447 1957 3521 corpora

539 3551 717 3624 civitatum
735 3578 745 3622 ι
764 3560 799 3624 et
814 3572 993 3645 nunquam
1008 3549 1097 3623 adeo
1110 3551 1199 3622 iuter
1212 3559 1344 3624 vestros
1357 3551 1515 3625 subditos
1527 3551 1664 3626 decrete
1675 3551 1760 3624 mibi
1776 3550 1959 3646 provincie

539 3674 666 3770 quietis
680 3683 716 3748 et
732 3675 826 3770 pacis
843 3673 917 3746 vidi
934 3682 1025 3746 storo
1038 3673 1256 3748 concordiam
1272 3701 1281 3746 ι
1297 3695 1472 3748 armorum
1483 3685 1626 3750 cruenta
1637 3677 1832 3774 spectacula
1847 3697 1957 3750 cerno

538 3799 733 3894 quiescere,
754 3819 824 3893 que
839 3798 877 3869 in
901 3795 1012 3894 ipsius
1032 3799 1136 3872 officii
1154 3801 1223 3872 mei
1246 3800 1416 3896 principio
1428 3799 1652 3874 effervebant.
1673 3802 1827 3896 Supplex
1846 3801 1959 3896 igitur

536 3945 645 4020 queso
666 3922 763 4018 quod
778 3922 892 3997 delata
915 3944 985 3996 non
1006 3925 1182 4020 placeant,
1203 3923 1364 3998 videlicet
1380 3924 1476 4019 qnod
1493 3925 1708 4020 frequentavi
1723 3927 1797 4000 locu
1813 3925 1954 4018 fertilia,

539 4049 667 4122 sterilia
682 4070 767 4122 vero
784 4049 877 4121 sicco
896 4047 987 4144 pede
1004 4048 1167 4137 transivi,
1193 4057 1306 4122 cutem
1331 4051 1445 4122 colere
1468 4071 1538 4122 non
1563 4050 1760 4146 postposui,
1787 4071 1852 4122 nec
1877 4071 1959 4124 esse

539 4173 627 4248 desii
644 4175 689 4248 de
703 4195 829 4268 genere
842 4174 1003 4270 Epicuri,
1024 4173 1107 4269 qnia
1125 4173 1362 4268 nunquumlui
1378 4173 1423 4248 de
1442 4173 1502 4274 tali
1516 4175 1634 4248 scbola
1652 4173 1863 4269 discipulus,
1889 4195 1959 4247 nec

539 4297 585 4372 de
602 4299 663 4370 tali
677 4297 860 4394 disciplina
876 4298 1052 4394 magister.
1075 4298 1256 4392 Numquis
1274 4299 1323 4370 rei
1344 4309 1458 4394 posset
1472 4321 1549 4372 esse
1562 4297 1676 4372 finalis
1692 4299 1824 4390 exitus,
1845 4319 1956 4392 quem

540 4423 673 4510 nullum
687 4422 894 4518 principium
911 4420 1107 4496 antecedit?
1118 4421 1205 4508 Quis
1224 4431 1339 4518 sperat
1356 4444 1457 4518 posse
1470 4422 1628 4497 desinere
1639 4422 1736 4517 quod
1749 4443 1817 4496 non
1837 4423 1957 4518 cepit?

540 4548 658 4622 Seviat
675 4547 710 4619 in
726 4545 896 4621 delatores
911 4558 980 4620 tom
994 4548 1170 4643 improbos
1187 4548 1238 4620 ira
1250 4548 1326 4640 Dei,
1343 4557 1378 4620 et
1389 4547 1608 4622 detrahentes
1620 4547 1705 4618 mibi
1716 4565 1787 4620 non
1801 4556 1958 4642 pertran-

537 4681 611 4746 seat
623 4673 717 4746 luror
731 4681 856 4746 vester.
871 4673 914 4744 lit
931 4672 1015 4768 quia
1032 4673 1238 4746 conscientie
1253 4693 1330 4747 mee
1348 4673 1537 4770 syncerius
1551 4673 1733 4768 puritatem
1752 4669 1839 4744 lucis
1859 4669 1958 4744 desi·
