4360 5908
523 627 583 690 352
1022 619 1236 683 Flilltlilllcl
1261 617 1434 680 saeuum
1748 615 1828 694 [Arm
1845 615 1935 678 taes.

572 765 647 857 ligo
672 760 861 834 lacobinus
888 757 1064 854 qnondam
1090 755 1230 830 Gratioli
1253 755 1345 827 lilius
1362 753 1451 828 civis
1468 751 1709 841 Bononiensis,
1735 751 1939 824 auctoritate

524 886 691 982 imperiali
705 895 739 958 et
755 905 849 956 nunc
867 882 1036 956 dictorum
1054 891 1223 956 rectorum
1242 878 1413 967 notarius,
1431 876 1595 950 omnibus
1604 875 1768 972 predictis
1782 875 1936 966 interfui,

524 1011 757 1106 mandatoque
785 1011 937 1106 ipsorum
963 1007 1191 1081 cardinalium
1218 1014 1254 1078 et
1284 1011 1406 1098 rogatu
1430 1001 1581 1098 partium
1605 1000 1795 1098 subscripsi
1814 1007 1850 1072 et
1871 1022 1940 1096 pn·

525 1134 666 1208 blicavi.

1207 1321 1254 1394 11.

576 1507 612 1578 ln
631 1504 770 1577 nomine
784 1501 933 1576 Domini.
947 1467 1073 1574 ¹Amen.
1092 1498 1193 1573 Anno
1204 1495 1361 1590 ejusdem
1373 1495 1601 1582 mccxxxtt,
1615 1492 1803 1567 indictione
1815 1495 1858 1587 V,
1877 1493 1938 1568 die

526 1631 621 1708 Jovts
634 1632 710 1703 Xlll
731 1629 877 1703 intrante
895 1648 1014 1700 manse
1031 1626 1159 1717 madii,
1179 1626 1215 1696 in
1233 1624 1372 1696 civitate
1388 1621 1506 1695 Padus
1528 1619 1624 1716 apud
1639 1619 1874 1715 episcopatum
1898 1619 1937 1690 in

526 1757 597 1829 sala
615 1755 740 1829 domus
757 1752 888 1826 domiui
907 1751 1016 1824 Laudi
1034 1749 1192 1822 canonici
1209 1747 1382 1836 Padueni,
1397 1745 1615 1842 presentibus
1630 1745 1774 1818 testibus
1793 1745 1934 1838 rogatis,

526 1879 656 1952 scilicet
679 1876 820 1950 domino
838 1876 984 1966 Iacobo,
1012 1874 1073 1947 Dei
1099 1873 1209 1967 gratia
1233 1872 1396 1968 episcopo
1424 1869 1606 1957 Paduann,
1627 1867 1767 1941 domino
1789 1869 1939 1942 Iordane

526 2002 638 2098 priore
652 2000 766 2074 Sancti
784 2000 961 2073 Benedicti
982 1999 1027 2073 de
1050 1998 1189 2090 Padus,
1209 1997 1373 2090 magistro
1392 1995 1536 2069 Cbanolo
1556 1993 1601 2068 de
1614 1993 1732 2066 [ando
1745 2003 1780 2067 et
1796 1992 1938 2067 domino

525 2127 716 2200 Alamauno
731 2125 776 2199 de
791 2123 1150 2216 crescenzanojudire
1166 2121 1341 2218 potestatis
1351 2119 1481 2194 Padus.
1498 2120 1599 2203 Cum,
1613 2118 1660 2192 ad
1673 2119 1937 2216 postulationem

526 2251 773 2324 venerabiiium
796 2249 1013 2322 dominorum
1036 2247 1264 2321 cardinalium
1284 2245 1402 2318 iacobi
1417 2243 1607 2318 Penestrini
1628 2243 1728 2316 electi
1747 2252 1782 2316 et
1805 2243 1938 2316 ottonis

529 2376 642 2449 Sancti
661 2375 791 2448 Nicolai
811 2376 845 2445 iu
865 2374 1008 2446 Carcere
1024 2372 1181 2445 Tulliano
1198 2370 1334 2444 diaconi
1348 2368 1549 2458 cardinalis,
1566 2367 1667 2442 Sedis
1678 2368 1872 2463 Apostolioa
1884 2367 1936 2441 le·

527 2508 702 2591 galerum,
733 2499 895 2592 magister
913 2498 1129 2568 Hermaunus
1147 2495 1325 2591 hospitalis
1346 2496 1471 2566 Sancte
1495 2493 1601 2566 lderie
1617 2491 1878 2565 Teutonicorum
1899 2491 1937 2563 in

527 2625 734 2714 Jerusalem,
752 2623 896 2694 nuntius
908 2630 943 2693 et
957 2630 1158 2716 procurator
1174 2620 1304 2694 domini
1324 2617 1489 2692 Friderici
1505 2618 1567 2690 Dei
1583 2618 1692 2712 gratia
1706 2617 1937 2691 Romanorum

528 2749 742 2844 imperatoris
753 2755 787 2820 et
799 2743 1095 2842 semperaugusti,
1106 2745 1339 2840 procuratorio
1353 2743 1492 2816 nomine
1507 2764 1569 2839 pro
1583 2743 1660 2839 ipso
1673 2743 1877 2838 imperatore
1890 2763 1939 2814 ex

529 2895 599 2946 uua
618 2883 714 2968 perta
731 2882 766 2945 et
781 2871 987 2965 infrascripti
1006 2879 1155 2942 rectores
1172 2879 1206 2942 et
1224 2867 1464 2942 ambaxatores
1485 2869 1625 2940 nomino
1643 2867 1938 2962 infrascriptarum

529 2997 707 3070 civitatum
729 3006 765 3070 et
783 2997 922 3069 nomine
944 2995 1113 3068 societatis
1132 2993 1348 3086 Lombardie,
1364 2993 1517 3067 blarcbie
1538 3002 1574 3065 et
1590 2993 1757 3066 Romania
1773 3013 1835 3088 pro
1852 2991 1938 3087 ipsis

530 3123 729 3196 civitatibus
747 3131 782 3194 et
797 3121 957 3194 societate
972 3120 1151 3210 exaltare,
1167 3128 1283 3192 essent
1300 3119 1336 3190 in
1357 3127 1518 3214 pmmptu
1536 3117 1773 3191 committendi
1786 3127 1821 3190 et
1837 3138 1938 3189 com-

528 3246 749 3343 promittendi
763 3247 799 3318 in
806 3246 952 3342 prefatos
964 3243 1123 3318 dominos
1135 3245 1265 3338 legatos
1279 3243 1324 3318 de
1336 3242 1508 3316 discordia
1520 3263 1590 3337 qne
1602 3242 1691 3314 iuter
1699 3241 1937 3337 imperatorem

529 3381 564 3446 et
587 3373 783 3444 societatem
813 3371 982 3465 prefatam
1007 3370 1096 3440 verti
1117 3365 1319 3457 videbatur,
1346 3367 1476 3440 scilicet
1496 3367 1541 3440 de
1560 3367 1791 3440 satisfactione
1813 3367 1938 3440 idonea

528 3496 723 3591 imperatori
743 3493 927 3590 prestanda
947 3515 1009 3588 pro
1032 3512 1074 3566 eo
1091 3491 1188 3586 quod
1205 3492 1350 3566 societas
1370 3490 1547 3566 dicebatur
1564 3492 1697 3566 curiam
1717 3513 1816 3564 suam
1832 3513 1937 3588 qnam

531 3623 691 3694 Ravenna
707 3619 882 3694 indixerat
899 3615 1095 3710 impedisse,
1110 3625 1146 3689 et
1164 3616 1209 3690 de
1223 3617 1404 3690 securitate
1420 3615 1576 3690 facienda
1589 3627 1624 3689 et
1639 3615 1808 3690 firmanda
1824 3617 1937 3690 eidem

529 3744 683 3818 societati
701 3744 729 3816 si
752 3743 935 3839 imperator
954 3742 1038 3814 velit
1054 3739 1124 3814 lilio
1146 3763 1210 3814 suo
1224 3751 1259 3814 et
1275 3741 1489 3837 principibus
1504 3741 1706 3815 Alemannis
1719 3743 1938 3816 venientibus

528 3871 574 3944 ad
593 3870 706 3965 ipsum
723 3891 745 3941 a
763 3867 857 3941 dicta
872 3868 1033 3941 societate
1051 3867 1196 3940 liberum
1217 3866 1397 3938 transitum
1419 3865 1594 3957 exhiberi,
1623 3867 1703 3938 etsi
1719 3867 1808 3940 inter
1828 3869 1937 3964 impe-

528 4003 673 4068 ratorem
688 4003 724 4066 et
737 4001 958 4070 memoratam
977 3990 1171 4064 societatem
1186 3989 1294 4084 aliqui
1308 3989 1368 4062 alii
1383 3989 1519 4062 articuli
1535 3999 1741 4086 apparerent
1750 4013 1797 4064 ex
1811 3993 1938 4088 quibus

529 4127 644 4213 posset
657 4117 831 4191 discordia
847 4116 1003 4211 generari
1021 4115 1077 4188 vel
1094 4116 1202 4188 foveri
1221 4126 1404 4209 concepta,
1426 4115 1560 4210 placeat
1581 4115 1759 4190 utendam
1782 4117 1886 4192 modo
1903 4129 1939 4191 et

529 4241 651 4314 ordine
678 4242 874 4336 sapientum
902 4239 1023 4336 prefati
1052 4239 1155 4332 legati
1184 4238 1314 4334 inipso
1339 4239 1584 4333 compromisso
1600 4240 1729 4336 scripto
1746 4263 1850 4314 manu
1870 4245 1937 4316 mei

531 4365 686 4438 Jacobini
703 4365 824 4438 notarii
849 4365 896 4438 ita
912 4363 1077 4436 dixerunt
1090 4371 1125 4435 ct
1142 4371 1379 4436 convenerunt
1395 4361 1536 4436 domiuo
1558 4363 1734 4438 Guilfrodo
1748 4366 1793 4440 de
1811 4367 1937 4439 Luzino
1969 4410 1974 4418 -

527 4489 646 4562 Padue
667 4489 823 4584 potestati
846 4499 881 4562 et
905 4489 1128 4584 infrascriptis
1149 4486 1339 4560 rectoribus
1366 4495 1401 4560 et
1421 4487 1705 4562 ambaxetoribns
1726 4490 1856 4564 scilieet
1876 4511 1938 4586 pro

528 4614 753 4710 infrascriptis
762 4613 959 4688 civitatibus
969 4611 1115 4706 singulis
1126 4619 1160 4684 et
1172 4609 1491 4704 predictasocietate
1500 4613 1671 4685 uniuersis
1680 4613 1934 4708 recipientibus,

527 4738 657 4811 scilicet
675 4759 735 4834 pro
753 4737 946 4812 Mediolano
958 4735 1110 4810 dominis
1124 4734 1250 4808 Rufino
1268 4733 1314 4808 de
1328 4735 1517 4827 Mandollo,
1538 4737 1936 4833 lampugnanottanat·
