4308 5910
754 606 883 668 neunt
909 604 1098 666 SICILIAE.
1578 605 1631 666 161

225 743 316 833 terit,
339 752 417 838 post
437 741 524 814 iram
549 742 654 813 nostri
673 741 833 814 culminis
858 742 1078 816 amissionem
1098 737 1308 836 persone(c)
1321 749 1356 813 et
1370 740 1645 835 publicationem

224 867 393 941 bonorum
415 866 569 938 omnium
591 865 753 940 sustineri
777 865 931 940 debebit.
952 865 988 938 Si
1007 866 1185 938 sumerarii
1208 865 1266 936 vel
1289 863 1485 937 burdonarii
1511 862 1556 960 (b)
1578 867 1634 936 vel

224 992 282 1063 alii
313 989 474 1064 custodes
501 989 696 1084 aliquorum
731 990 932 1063 animabum
965 989 1011 1085 (ο)
1040 989 1206 1062 ducentes
1233 987 1396 1060 animalia
1426 988 1461 1058 in
1492 989 1633 1060 transitu

223 1114 463 1210 aliquomodo
487 1114 663 1186 interram
680 1115 830 1207 alicujus
849 1125 909 1186 aut
925 1135 1048 1186 nemus
1069 1113 1274 1186 diverterint
1296 1122 1330 1184 et
1345 1111 1512 1184 damnum
1535 1113 1571 1182 iu
1594 1134 1636 1185 eo

223 1261 291 1314 non
310 1239 471 1327 iecerint,
496 1237 559 1312 sed
580 1239 666 1312 forte
682 1237 729 1312 de
749 1259 889 1312 nemore
903 1249 1025 1312 tortum
1049 1238 1200 1332 aliquam
1217 1239 1272 1310 vel
1285 1237 1418 1332 virgam
1435 1237 1632 1323 inciderint,

222 1363 406 1438 adomino
428 1363 538 1460 ipsius
560 1373 647 1436 terre
671 1364 727 1437 vel
755 1364 905 1436 nemoris
933 1385 1003 1434 non
1031 1363 1241 1460 impetantur
1262 1383 1327 1434 nec
1349 1363 1384 1432 iu
1411 1361 1528 1456 aliquo
1553 1361 1636 1434 inde

222 1498 415 1579 teneamur,
436 1486 499 1560 sed
516 1487 592 1562 sins
610 1487 855 1585 impedimento
873 1488 990 1583 aliquo
1008 1488 1152 1560 transire
1168 1487 1394 1561 dimittantur.

622 1753 823 1825 TITULUS
853 1753 946 1826 LVI.
975 1755 1035 1838 Λς
1060 1751 1137 1848 (36)
1164 1749 1230 1848 (l).

399 1919 448 1990 De
464 1920 720 1992 restitutionibus
739 1919 935 1991 domcontm
951 1921 994 1991 cb
1011 1919 1209 1991 animalibus
1228 1919 1460 2012 irropctorum.

678 2105 900 2157 rsrnnsron
929 2105 1177 2155 rnnnsnrcus.

268 2247 441 2322 Animalia
460 2248 496 2318 in
522 2247 634 2320 vineis
656 2257 691 2322 et
709 2245 984 2344 possessionibus
1004 2246 1188 2339 cujuslibet
1209 2245 1375 2319 damnum
1403 2245 1559 2322 facientia
1579 2248 1632 2320 iu·

223 2381 383 2468 tempta,
403 2373 558 2444 Iocorum
582 2369 707 2464 bajulis
724 2393 785 2442 seu
803 2369 953 2444 dominis
970 2381 1010 2443 ut
1026 2393 1088 2467 per
1104 2392 1164 2444 eos
1187 2371 1271 2442 illati
1288 2370 1407 2442 damni
1432 2374 1631 2446 restauratio

222 2497 470 2592 subsequatur,
505 2495 653 2567 sufficiat
676 2495 866 2590 assigneri3
894 2495 1136 2568 constitutione
1163 2495 1257 2590 regia
1285 2517 1355 2591 que
1381 2495 1457 2592 ipsa
1484 2497 1632 2590 pruvin-

226 2621 352 2694 ciarum
379 2620 574 2714 justitiariis
603 2619 771 2714 assignari
802 2618 930 2692 debere
955 2619 1163 2709 mandabat,
1199 2620 1235 2691 in
1264 2620 1331 2692 hac
1357 2630 1454 2715 parte
1482 2633 1629 2714 remota;

224 2767 300 2817 cum
326 2743 378 2842 (d)
401 2743 626 2841 dispendium
649 2754 742 2817 esset
763 2753 900 2839 propter
917 2742 1082 2816 damnum
1106 2745 1192 2816 sorte
1215 2743 1391 2817 modicum
1416 2746 1630 2840 provinciam

222 2869 377 2943 circuire.
397 2869 467 2942 Nec
479 2868 656 2962 justitiarii
673 2868 718 2941 de
740 2867 866 2940 talibus
884 2867 1005 2959 etiam,
1025 2878 1126 2964 prout
1141 2868 1421 2964 predecessorum
1442 2881 1631 2944 nostrorum

222 2989 268 3088 [et
285 2987 424 3090 nostris]
440 2991 741 3065 constitutionibus
759 3001 811 3065 est
828 3013 1052 3089 expressum,
1072 2993 1296 3066 intromittere
1312 3015 1349 3065 se
1366 2993 1505 3068 debent.

616 3237 818 3312 TITULUS
846 3239 958 3312 LVII.
986 3240 1053 3310 ΛΕ
1077 3236 1155 3336 (35)
1180 3237 1238 3336 ().

529 3403 575 3470 Ile
598 3424 684 3496 putu
705 3423 817 3473 eorum
835 3403 894 3496 qui
910 3404 1106 3499 cffidoturas
1123 3406 1318 3498 r'usrirtqunl.

766 3587 858 3636 rnnrt
883 3588 1082 3639 aucusrns.

268 3725 313 3797 Ut
329 3723 444 3798 delicti
468 3724 555 3800 fines
575 3747 664 3824 pene
685 3728 870 3802 crudelitas
886 3751 956 3802 non
975 3729 1139 3816 excedat,
1160 3730 1340 3826 capitalem
1358 3751 1482 3826 penam
1506 3737 1540 3803 et
1563 3753 1633 3826 pu-

261 3886 303 3967 (a)
327 3887 438 3950 Graece
455 3887 590 3949 ἀπώλειαν
606 3893 652 3950 τοῦ
668 3889 734 3952 ἰδίου
748 3889 884 3971 σώματος
898 3895 978 3956 unde
992 3912 1053 3956 non
1066 3894 1265 3957 dubitandum
1279 3897 1352 3974 quin
1365 3893 1402 3956 dc
1417 3894 1534 3974 capitali
1547 3911 1633 3974 poene

222 4008 237 4052 a
274 3999 336 4054 tur.

238 4009 300 4180 gIl)
323 4101 359 4161 In
376 4100 441 4162 cod.
459 4109 538 4164 ttae
552 4103 708 4164 cimmerii
718 4103 764 4167 ccl
776 4104 960 4186 broduuerii5
975 4110 1075 4170 minus
1087 4114 1175 4170 τεοῖο.

259 4203 298 4284 (c)
328 4208 437 4270 Graece
449 4206 577 4270 curwdcr
590 4227 737 4291 equomm

261 4310 303 4391 (d)
327 4313 387 4391 Ap.
399 4313 521 4376 Cascam
533 4323 647 4380 aotam.
658 4319 857 4383 Emendamus
869 4338 905 4382 ex
919 4321 986 4384 cod.
999 4331 1077 4384 462⁵
1092 4330 1122 4384 et
1134 4340 1171 4384 ex
1185 4337 1289 4402 graecu
1302 4319 1401 4394 ἐπειδὴ.

260 4417 300 4498 (ι)
321 4419 401 4482 Ilnec
416 4424 588 4484 constitues
600 4427 725 4504 turpiter
738 4429 768 4487 ln
782 4443 886 4507 macco
898 4429 1034 4490 mutilata
1046 4435 1101 4491 est.

255 4651 290 4723 (t)
309 4653 360 4711 liic
370 4653 465 4715 dudm
476 4658 553 4716 aden
564 4660 634 4719 inter
645 4661 704 4720 illos
711 4679 781 4738 quos
790 4666 924 4740 excerpsit
934 4665 1078 4725 Riccardus
1089 4667 1123 4724 de
1135 4667 1163 4726 S.
1174 4667 1309 4727 Germano
1319 4683 1364 4743 ap.
1374 4669 1516 4742 Gemens,
1525 4669 1627 4727 Acccsr.

222 4747 255 4805 cd
267 4747 330 4807 tut.
349 4751 470 4825 douln,
485 4761 506 4813 t.
521 4756 565 4830 lv,
580 4775 609 4832 p.
625 4761 687 4818 sot.

297 4851 350 4914 IV.
1431 4877 1464 4928 2!
