4298 5906
519 601 580 664 202
970 603 1109 666 nolles
1134 603 1490 668 cousutrurtoltns

801 870 941 945 LIBER
970 873 1005 966 1,
1035 873 1234 947 TITULUS
1263 869 1437 962 nxxlll,
1468 869 1589 946 PARS
1619 871 1665 944 ll.

1062 1019 1168 1121 [Novo
1185 1017 1404 1121 constitutio]

577 1173 629 1244 De
645 1171 885 1266 questionibus
897 1196 985 1269 quas
1001 1175 1089 1247 inter
1107 1173 1264 1247 homiues
1282 1173 1504 1269 prelatorum,
1522 1173 1688 1246 comitum
1705 1181 1740 1246 et
1754 1173 1936 1258 baronum,

530 1293 565 1366 in
583 1298 680 1370 terris
700 1297 804 1370 nostri
827 1296 998 1390 demanii,
1017 1305 1119 1394 prout
1135 1297 1273 1388 assolet,
1294 1295 1501 1386 habitantes,
1525 1295 1658 1371 moveri
1679 1295 1872 1392 contigerit,
1893 1295 1939 1371 de

527 1419 657 1512 quibus
678 1420 783 1496 iidem
804 1423 945 1518 prelati,
970 1423 1112 1498 comites
1133 1433 1168 1496 et
1188 1423 1335 1496 barones
1354 1421 1631 1516 jurisdictionem
1657 1431 1718 1496 eut
1740 1443 1859 1496 curam
1877 1421 1940 1496 ba·

528 1543 610 1618 bere
628 1555 829 1634 noscuntur,
845 1549 1007 1622 volumus
1022 1557 1062 1621 ut
1074 1545 1190 1641 judex
1204 1568 1266 1644 per
1280 1555 1432 1620 nostram
1453 1547 1587 1621 curiam
1607 1569 1670 1644 pro
1687 1557 1841 1644 tempore
1859 1567 1940 1621 con-

528 1669 668 1742 stitutus
701 1671 747 1745 ad
781 1674 912 1745 curiam
942 1674 1150 1769 prelatorum
1182 1672 1258 1746 sive
1287 1672 1454 1746 nobilium
1484 1694 1522 1746 se
1549 1673 1701 1748 conterat
1731 1672 1937 1768 requisitus,

530 1813 652 1868 causes
674 1796 826 1892 ipsorum
843 1798 963 1871 audiat
978 1809 1013 1872 et
1031 1797 1148 1872 debito
1172 1795 1242 1870 line
1263 1795 1420 1882 decidat;
1440 1804 1512 1871 tam
1532 1797 1705 1870 tricesima
1728 1817 1833 1891 quam
1852 1817 1943 1892 pena

529 1918 681 2012 legitima
696 1920 773 1994 sive
789 1922 917 1996 mulcta
936 1943 998 2018 per
1014 1921 1165 1995 officium
1178 1919 1308 2014 judicis
1326 1920 1506 1996 inferenda
1526 1921 1616 1994 inter
1629 1921 1759 1995 curiam
1776 1929 1940 2012 nostram,

532 2041 680 2136 prelatos
694 2053 728 2116 et
744 2044 877 2120 nobiles
892 2044 1278 2142 supradictos‚quorum
1292 2045 1429 2120 vassalli
1443 2045 1621 2142 litigantes
1635 2045 1824 2138 extiterint,
1836 2066 1943 2140 eqrru·

531 2165 609 2238 liter
626 2165 839 2243 dividendis.

582 2291 740 2366 Ceterum
755 2295 785 2368 si
807 2295 986 2391 eontigerit
1003 2318 1050 2370 ex
1074 2295 1288 2391 litigantibus
1314 2295 1461 2370 alterum
1483 2295 1658 2370 hominem
1680 2315 1756 2368 esse
1776 2293 1941 2384 demanii,

534 2425 618 2488 tuno
635 2417 807 2494 tricesima
821 2427 892 2494 tota
907 2442 1040 2495 necnon
1058 2431 1093 2495 et
1108 2442 1198 2518 pena
1210 2441 1318 2517 quam
1335 2421 1507 2494 vasallum
1525 2419 1635 2494 nostri
1651 2419 1802 2493 demanii
1817 2417 1945 2492 debere

533 2539 604 2636 pati
634 2543 833 2638 contigerit,
862 2543 909 2618 ad
930 2546 1087 2638 bajulum
1109 2547 1215 2620 nostri
1238 2543 1390 2618 demanii
1410 2543 1633 2638 redigentur;
1656 2565 1746 2641 pena
1767 2563 1851 2618 vero
1873 2564 1945 2640 qua

533 2665 686 2738 vasallus
703 2667 843 2741 alterius
860 2669 1037 2764 punietur,
1059 2678 1161 2767 prout
1179 2671 1218 2744 in
1232 2667 1466 2765 superioribus
1483 2667 1615 2742 dictum
1632 2677 1698 2760 est,
1717 2667 1807 2740 inter
1822 2663 1945 2739 mcum

533 2798 689 2864 nostrum
703 2801 739 2866 et
755 2791 933 2867 dominum
950 2793 1169 2869 condemnati
1187 2793 1409 2890 personaliter
1424 2791 1614 2868 dividetur.

583 2915 772 2991 statuimus
790 2918 892 2992 etiam
914 2929 954 2992 ut
972 2919 1002 2992 si
1022 2919 1163 3016 quando
1180 2917 1294 3014 judex
1315 2941 1421 3016 super
1442 2915 1685 2992 examinandis
1703 2914 1943 3011 questionibus

536 3037 715 3114 ordinatus
741 3043 866 3118 absens
892 3045 1083 3118 necessario
1106 3043 1210 3117 luerit
1235 3045 1295 3117 vel
1322 3043 1470 3118 adversa
1496 3041 1697 3116 valetudine
1718 3038 1943 3136 prepeditus,

538 3171 620 3236 tunc
638 3165 668 3237 si
683 3165 825 3262 quidem
843 3169 946 3263 longa
967 3170 1082 3243 lutura
1100 3169 1204 3241 luerit
1221 3167 1400 3242 iufirmitas
1414 3169 1472 3242 vel
1485 3167 1640 3242 absentia
1653 3165 1854 3260 judicantis,
1873 3187 1945 3238 ma·

539 3286 644 3382 gister
664 3293 871 3366 camerarius
890 3290 1039 3388 regionis
1055 3302 1183 3366 statuat
1206 3291 1342 3366 iuterim
1364 3314 1474 3366 unum
1496 3313 1544 3365 ex
1565 3290 1643 3365 aliis
1661 3288 1841 3384 judicibus
1859 3289 1946 3362 civi·

540 3413 620 3485 tatis
644 3423 678 3486 et
704 3415 770 3489 loci
797 3438 903 3512 super
925 3415 1147 3492 conficiendis
1166 3417 1396 3491 contractibus
1419 3414 1603 3508 ordinatis,
1622 3413 1679 3488 cui
1696 3435 1758 3511 pro
1775 3423 1848 3489 rata
1863 3423 1948 3488 tem·

540 3537 632 3632 poris
646 3539 682 3611 in
695 3541 830 3614 statutis
845 3543 1008 3639 expensis
1021 3551 1149 3616 statuat
1163 3539 1351 3640 provideri.
1454 3559 1464 3577 ·

927 3793 1068 3866 LIBER
1098 3793 1133 3886 1,
1164 3791 1365 3866 TITULUS
1394 3791 1559 3865 LXXIV.

750 3945 796 4016 De
814 3946 940 4018 sulorrb
958 3947 1162 4041 bojolmum,
1184 3945 1344 4040 jaddum
1363 3955 1395 4017 et
1416 3943 1622 4017 notariorum
1643 3941 1747 4014 curie.

595 4093 679 4167 Cum
697 4096 799 4188 juxta
822 4097 1009 4195 providum
1039 4107 1073 4171 et
1101 4097 1238 4170 salubre
1267 4095 1450 4169 consilium
1474 4093 1696 4188 antiquorum
1719 4091 1815 4164 viam
1841 4089 1951 4187 preci·

548 4218 631 4292 dere
654 4219 902 4316 cupiditatibus
924 4223 1101 4317 cupientes
1117 4219 1186 4319 (a),
1216 4219 1418 4295 de'camera
1444 4227 1559 4293 nostra
1584 4215 1708 4290 salaria
1725 4213 1871 4308 bajolis,
1890 4215 1954 4308 jd-

549 4343 684 4417 dicibus
706 4353 810 4438 utque
836 4347 978 4418 notariis
1000 4345 1199 4420 exbibenda
1220 4365 1290 4419 uon
1313 4345 1442 4439 injusta
1465 4339 1779 4439 recompensatione
1799 4335 1955 4436 providi·

550 4491 649 4560 mns;
678 4479 718 4540 ut
736 4466 783 4565 (t)
801 4469 1026 4543 obventiones
1050 4491 1170 4544 omnes
1196 4491 1266 4566 que
1290 4469 1336 4544 de
1366 4468 1565 4557 tricesimu,
1584 4467 1684 4564 penis
1703 4464 1864 4562 legitimis
1889 4483 1952 4538 seu

591 4645 632 4726 (a)
654 4645 795 4724 Proponit
808 4645 956 4708 Caruuuus
968 4646 1126 4726 mptum,
1137 4653 1168 4710 et
1181 4654 1269 4710 recte.

593 4751 632 4834 (b)
654 4753 878 4832 Intelligendum
891 4757 991 4814 nmen
1004 4753 1047 4814 ita
1059 4759 1104 4816 ut.
