4360 5908
540 565 602 628 356
1042 567 1257 634 intuente!
1281 571 1455 634 sentiunt
1767 571 1849 651 [esu.
1868 571 1956 634 1232

542 743 549 774 ;
591 701 677 774 Aeta
710 709 792 774 sunt
820 701 885 776 beo
914 723 1006 776 anno
1038 701 1212 780 dominice
1241 705 1484 782 incarnationis
1512 703 1955 798 armemanensis),

543 845 664 898 manse
681 823 805 917 madii,
825 825 947 919 quinte
963 825 1175 902 indictionis.

592 951 715 1022 Datum
740 949 836 1046 apud
854 949 992 1024 Portum
1016 953 1143 1028 Naonis
1160 955 1196 1026 in
1215 955 1301 1030 Foro
1322 955 1421 1044 tulii,
1434 899 1552 1046 6666,
1573 975 1693 1030 mense
1715 963 1751 1028 64
1772 952 1961 1028 indictione

542 1073 758 1170 pretitulatis.

336 1647 470 1736 mas„
494 1703 514 1733 ο,
596 1621 828 1728 Fridericus,
856 1611 1116 1706 Romanorum
1152 1623 1372 1734 imperator,
1402 1623 1452 1707 ad
1478 1623 1763 1742 requisitionem
1792 1623 1957 1734 episcopi

545 1755 874 1867 Osnaburgensis,
896 1757 1119 1838 sententiam
1147 1755 1187 1837 iu
1215 1759 1320 1840 ouria
1352 1785 1422 1840 sua
1448 1757 1685 1842 Ravenneusi
1711 1757 1829 1840 latam
1858 1783 1957 1866 pro-

543 1889 716 2000 mulget,
744 1901 828 1973 tum
856 1916 969 1999 super
990 1889 1175 1973 diuisione
1201 1889 1392 1974 bonorum
1412 1917 1480 2000 per
1497 1889 1666 2002 judicem
1687 1891 1956 2000 pronuntiata,

544 2031 628 2106 tum
646 2048 760 2132 super
777 2021 1019 2106 censualibus
1046 2021 1157 2106 bonis
1185 2023 1330 2136 absque
1356 2023 1550 2108 voluntale
1577 2023 1724 2108 domiui
1746 2003 1955 2108 translatis

625 2223 756 2303 (Edtdsr.
773 2225 893 2300 Mosae,
915 2223 1171 2288 osnabruclisclm
1183 2226 1346 2310 pecliniam,
1363 2243 1431 2305 pars
1443 2227 1502 2300 ΠΙ,
1523 2227 1640 2289 docum.
1659 2225 1762 2306 cavi,
1784 2243 1815 2305 p.
1838 2235 1905 2288 666.
1918 2259 1958 2272 -

664 2332 781 2408 Panrz,
797 2331 932 2394 Monam.
950 2331 1044 2396 Get-sn.
1059 2334 1181 2408 Histoe,
1194 2341 1219 2396 t.
1234 2335 1289 2409 IV,
1303 2351 1335 2412 p.
1352 2331 1436 2412 291.)

593 2504 800 2597 Fridericus,
826 2505 888 2578 Dei
907 2507 1017 2600 gratia
1035 2507 1264 2580 Romanorum
1284 2502 1468 2602 imperator
1494 2526 1629 2602 semper
1653 2515 1836 2600 augustus,
1857 2506 1958 2578 Jeru-

544 2629 652 2702 salem
682 2641 716 2702 et
744 2629 860 2704 Sicilie
894 2653 969 2704 rex.
1004 2632 1132 2703 Notum
1162 2631 1308 2704 iacimus
1334 2629 1508 2703 universis
1537 2629 1672 2724 imperii
1704 2627 1865 2703 fidelibus
1890 2639 1958 2701 tam

545 2759 763 2854 presentibus
791 2781 894 2854 quam
921 2759 1046 2832 lutaris
1072 2759 1169 2855 quod
1192 2759 1338 2834 dilectus
1364 2761 1526 2858 princeps
1549 2769 1664 2832 noster
1688 2759 1959 2852 osnaburgensis

546 2881 730 2979 episcopus
754 2883 788 2954 in
812 2885 979 2980 solempni
1003 2885 1166 2958 Ravenue
1188 2885 1304 2978 curia,
1330 2885 1546 2982 principibus
1569 2883 1824 2970 assistentibus,
1845 2903 1957 2955 coram

546 3005 647 3078 nobis
665 3007 841 3102 proposuit
857 3007 1064 3104 requirendo
1077 3009 1107 3081 si
1123 3009 1202 3102 quis
1216 3009 1304 3080 inira
1316 3009 1464 3080 minores
1476 3029 1585 3080 annos
1598 3007 1730 3104 positus
1747 3029 1826 3079 cum
1843 3005 1957 3099 aliquo

545 3109 800 3224 consanguineo
829 3153 893 3204 suo
925 3131 1016 3204 bona
1046 3153 1108 3227 pro
1142 3131 1291 3205 indiviso
1316 3130 1511 3227 possident,
1542 3130 1670 3204 deinde
1696 3129 1744 3202 ad
1770 3130 1955 3224 legitimam

545 3261 670 3325 etatem
699 3253 903 3350 perveniens
922 3265 956 3328 et
974 3253 1010 3328 id
1030 3277 1146 3328 coram
1161 3254 1281 3347 judica
1306 3255 1457 3352 pmbaos
1484 3255 1690 3328 divisionem
1712 3255 1865 3349 ipsorum
1888 3251 1957 3326 bo-

545 3397 668 3450 norum
695 3379 831 3474 petierit
853 3379 1077 3474 optinendam
1102 3389 1136 3452 et
1157 3379 1435 3474 consanguineus
1458 3377 1694 3469 contradicat,
1720 3378 1750 3449 si
1774 3377 1876 3449 luerit
1898 3375 1958 3450 di-

546 3499 633 3572 visio
653 3502 876 3596 pronuntiata
890 3523 952 3598 per
962 3503 1136 3596 judicem,
1156 3503 1388 3596 tantumjuris
1404 3503 1526 3576 exilia
1544 3503 1712 3576 sententia
1725 3499 1854 3594 judicis
1871 3521 1958 3571 cou-

545 3637 710 3718 sequatur
724 3635 854 3720 quanto
872 3627 901 3697 si
916 3626 961 3700 de
972 3627 1145 3700 communi
1160 3627 1309 3724 partium
1323 3625 1420 3700 lieret
1432 3627 1623 3700 voluntate.
1642 3623 1742 3712 Quod
1758 3623 1957 3698 eorumdem

546 3748 740 3846 principum
770 3749 922 3823 dictante
949 3754 1117 3824 sententie
1144 3753 1257 3824 extitit
1283 3751 1522 3848 approbatum.
1554 3751 1639 3824 Item
1670 3749 1768 3846 petiit
1793 3749 1832 3820 si‘
1852 3748 1959 3820 libem

545 3873 697 3947 censuali
718 3873 810 3947 bona
834 3875 1008 3948 censualia
1034 3875 1102 3948 sibi
1128 3876 1249 3948 collata
1272 3875 1308 3947 in
1334 3875 1508 3948 bominem
1526 3873 1735 3948 conditionis
1754 3871 1896 3946 alterius
1914 3871 1959 3942 li-

546 4007 622 4070 ceat
638 3997 769 4094 absque
793 3999 926 4072 comitis
946 4001 1003 4072 vel
1024 4001 1228 4074 conferentis
1244 4001 1423 4074 voluntate
1446 4002 1640 4085 transferre.
1662 4001 1773 4094 Super
1789 4017 1861 4092 quo
1879 4016 1959 4068 sen·

546 4121 725 4192 tentiatum
742 4132 796 4194 est
820 4144 890 4195 non
907 4123 1021 4197 licere.
1042 4123 1141 4196 Unde
1158 4124 1204 4198 ad
1222 4125 1328 4216 hujus
1348 4125 1395 4197 rei
1419 4123 1618 4196 memoriam
1635 4143 1776 4219 presens
1794 4119 1960 4214 scriptum

549 4243 622 4316 lieri
641 4245 785 4318 lecimus
803 4247 914 4342 sigillo
931 4259 1047 4321 nostro
1066 4249 1249 4320 munitum.

548 4500 645 4572 agitur,
662 4500 732 4558 lacta
746 4507 789 4560 est
799 4506 833 4560 tt
848 4503 977 4564 kalendm
990 4503 1078 4562 mutii
1095 4505 1164 4562 4666
1178 4503 1268 4578 44667)
1284 4519 1334 4578 per
1347 4503 1512 4562 llatthasnrn
1529 4501 1728 4578 Syracusanum
1748 4499 1905 4574 episcopum
1926 4497 1960 4555 de

547 4599 674 4658 mandato
687 4599 766 4674 legati
780 4601 927 4676 Radalpbi,
942 4601 1101 4660 libanensis
1111 4602 1244 4678 episcopi,
1256 4623 1269 4658 s
1279 4610 1309 4660 nt
1326 4603 1360 4662 nd
1370 4603 1527 4664 caunensis
1540 4601 1650 4660 ecclesie
1660 4601 1721 4676 jura
1731 4597 1900 4669 vindicanda,
1911 4611 1961 4670 qus

546 4696 580 4754 ab
594 4715 664 4754 nnnc
678 4699 885 4758 HGGXXXIII
893 4715 1005 4774 possum
1018 4703 1120 4773 iacnt,
1133 4716 1164 4760 se
1177 4699 1345 4760 coniuret.»
