4360 5908
255 611 416 698 laniem]
705 609 902 675 HISTORIA
929 609 1223 675 clitellarius.
1608 609 1670 674 299

257 747 445 820 cmsionem
463 763 584 818 eorum
601 745 783 839 parvenire
801 765 871 818 nou
897 745 1045 842 possint,
1071 765 1150 816 cum
1167 744 1270 837 longe
1291 741 1337 814 sit
1359 742 1500 837 gravius
1515 753 1667 818 eternam

255 893 361 966 quam
383 869 605 966 temporalem
628 841 803 943 offendere
819 871 1042 963 majestatem.
1062 867 1129 953 Qui
1156 876 1273 941 autem
1290 867 1422 940 inventi
1446 868 1573 940 luerint
1596 869 1669 944 sola

257 993 453 1090 suspicione
477 992 663 1081 notabiles,
693 992 760 1066 uisi
785 993 832 1068 ad
856 993 1058 1067 mandatum
1072 992 1224 1064 Ecclesia
1243 992 1345 1084 juxta
1363 991 1666 1066 considerationem

256 1117 461 1214 suspicionis
478 1118 748 1212 qualitatemque
764 1132 911 1214 persone
925 1119 1099 1214 propriam
1115 1117 1346 1188 innocentiam
1368 1137 1521 1210 congrua
1540 1137 1667 1211 purga·

257 1241 348 1314 tione
365 1240 649 1331 monstraverint,
671 1251 835 1336 tauquam
855 1243 1001 1313 infames
1020 1248 1055 1313 et
1072 1239 1205 1312 banniti
1222 1239 1267 1311 ab
1284 1239 1445 1312 omnibus
1460 1239 1664 1312 habeantur.

258 1366 303 1438 lta
318 1365 414 1461 quod
431 1367 461 1439 si
479 1365 529 1439 sic
546 1386 608 1462 per
625 1387 756 1439 anuum
771 1365 1038 1463 permanserint,
1058 1388 1105 1439 ex
1123 1375 1206 1437 tuuc
1221 1385 1280 1437 eos
1299 1363 1387 1435 sicut
1401 1363 1569 1438 hereticos
1582 1385 1665 1438 oon·

257 1488 495 1586 dempuamus.
517 1491 708 1564 Statuimus
725 1491 828 1565 etiam
845 1489 912 1564 boo
927 1489 1041 1566 edicto
1055 1490 1091 1562 iu
1106 1497 1308 1585 perpetuum
1326 1489 1473 1562 valituro
1495 1497 1533 1560 ut
1550 1497 1665 1584 potes·

256 1624 342 1687 totm
360 1625 395 1687 et
408 1617 567 1688 eonsules
583 1635 644 1687 seu
663 1625 810 1688 rectores
827 1615 1105 1710 quibuscumque
1123 1615 1312 1708 iungantur
1326 1611 1447 1685 officiis
1462 1633 1523 1708 pro
1544 1611 1665 1685 deleu-

257 1738 353 1811 sione
371 1738 451 1812 fidei
470 1747 623 1835 prestent
647 1739 786 1834 publice
800 1741 1034 1833 juramentum
1050 1737 1146 1834 quod
1171 1737 1216 1810 de
1242 1737 1340 1810 terris
1356 1759 1418 1809 sue
1434 1735 1665 1830 jurisdictioni

255 1864 419 1956 subjectis
436 1863 617 1936 universos
637 1862 804 1937 hereticos
823 1864 870 1936 ab
883 1863 1034 1936 Ecclesia
1050 1862 1228 1936 denotatos
1249 1861 1338 1933 bona
1362 1859 1433 1933 fide
1451 1881 1515 1957 pro
1532 1861 1666 1934 viribus

256 1989 485 2062 exmmiuare
509 1981 717 2077 studebunt3
746 1988 796 2060 ila
814 1986 910 2082 quod
934 1985 1061 2060 amodo
1082 1986 1373 2081 quandocumque
1398 1986 1477 2080 quis
1503 1985 1606 2056 luerit
1630 1985 1666 2056 in

254 2121 454 2206 potestatem
465 2121 668 2208 perpetuam
685 2113 742 2186 vel
758 2111 978 2208 temporalem
993 2120 1208 2209 assumptus,
1227 2111 1294 2184 boc
1311 2119 1468 2184 tenemur
1476 2110 1665 2205 capitulum

250 2238 445 2328 juramento
463 2236 612 2312 firmare.
629 2237 793 2333 Alioquin
811 2260 926 2333 neque
941 2259 1003 2334 pro
1019 2237 1245 2334 potestatibus
1257 2258 1371 2330 neque
1387 2255 1448 2330 pro
1466 2235 1666 2318 consulibus

254 2361 463 2455 habeantur,
485 2385 675 2458 eorumque
688 2365 871 2437 sentemias
888 2385 934 2436 ex
955 2373 1037 2435 tunc
1054 2361 1273 2436 decernimus
1297 2361 1408 2433 irritas
1431 2371 1465 2432 et
1481 2361 1612 2433 inanes.
1630 2361 1665 2432 Si

255 2507 338 2558 vero
354 2481 516 2560 deminus
529 2487 727 2585 temporalis
744 2489 930 2582 requisitus
944 2497 978 2561 et
1002 2488 1151 2560 monitus
1168 2488 1213 2558 ab
1228 2485 1398 2577 Ecclesia,
1420 2495 1544 2558 terram
1565 2506 1664 2557 suam

257 2633 403 2706 purgare
417 2613 609 2708 neglexerit
618 2612 664 2685 ab
676 2613 827 2686 heretica
839 2611 1020 2710 pravitate,
1032 2621 1109 2708 post
1124 2635 1254 2684 annum
1267 2633 1287 2682 a
1303 2619 1457 2706 tempore
1470 2609 1667 2683 monitionis

255 2735 410 2831 elapsum
424 2745 547 2809 terram
563 2737 673 2832 ipsius
690 2737 900 2834 exponimus
915 2736 1092 2810 catholicis
1105 2735 1343 2832 occupandam
1358 2735 1420 2830 qui
1438 2756 1532 2821 eam,
1550 2745 1665 2808 exter·

256 2859 391 2932 minatis
405 2859 582 2952 hereticis,
602 2861 733 2956 absque
750 2862 821 2934 ulla
835 2860 1102 2935 contradictione
1112 2858 1309 2957 possideant
1326 2869 1360 2932 et
1372 2859 1407 2930 iu
1422 2857 1504 2934 fidei
1519 2857 1667 2954 puritate

257 2993 477 3077 conseruent3
505 2985 603 3058 salvo
619 2986 698 3078 jure
720 2985 854 3060 domiui
872 2985 1090 3083 principalis,
1116 2984 1307 3060 dummodo
1326 3007 1431 3082 super
1447 2983 1514 3057 hoc
1531 2984 1666 3056 nullum

258 3117 380 3202 prestet
394 3109 612 3183 obstaculum
630 3131 695 3183 nec
712 3111 854 3207 aliquod
875 3111 1161 3208 impedimentum
1183 3120 1348 3207 opponat,
1375 3109 1496 3184 eadem
1521 3105 1667 3182 nichilo·

256 3231 370 3305 miuus
388 3233 465 3328 lege
482 3245 618 3309 servata
634 3243 751 3309 contra
770 3257 831 3309 eos
846 3235 907 3331 qui
931 3258 1000 3309 non
1024 3233 1153 3308 habent
1176 3233 1333 3308 dominos
1352 3235 1569 3332 principales.
1585 3233 1664 3308 Cre·

256 3355 375 3429 dentes
386 3368 552 3453 preterea,
565 3367 805 3455 receptatores,
818 3359 1015 3432 defensores
1028 3359 1218 3432 etlautcres
1226 3359 1451 3432 hereticorum
1465 3359 1662 3449 bannimus,

255 3478 396 3553 tirmiter
411 3491 599 3557 statuentes
618 3493 673 3576 ut,
700 3483 730 3557 si
754 3493 935 3580 postquam
952 3483 1097 3579 quilibet
1115 3485 1236 3557 talium
1261 3484 1362 3557 luerit
1376 3483 1664 3557 excommunica-

252 3605 346 3679 tione
363 3615 520 3696 nctatus,
537 3609 733 3683 satisfacere
751 3610 992 3706 contempserit
1010 3607 1099 3682 inira
1114 3631 1264 3701 aunum,
1286 3631 1333 3682 ax
1345 3617 1428 3682 tuuc
1441 3609 1517 3705 ipso
1528 3611 1605 3702 jure
1616 3609 1661 3682 sit

253 3721 364 3802 lactus
381 3731 519 3804 iniamis
535 3753 599 3805 nec
616 3733 662 3806 ad
681 3733 820 3830 publica
833 3733 944 3808 officia
959 3755 1020 3807 seu
1041 3734 1183 3808 consilia
1200 3735 1255 3807 vel
1271 3733 1317 3807 ad
1334 3733 1512 3829 eligendos
1529 3733 1663 3830 aliquos

254 3853 299 3926 ad
316 3853 546 3952 hujusmodi(
570 3857 607 3952 ')
627 3879 692 3931 uec
709 3858 755 3932 ad
773 3859 1006 3932 testimonium
1028 3857 1242 3932 admittatur.
1261 3859 1311 3932 Sit
1333 3861 1436 3933 etiam
1459 3859 1662 3932 intestabilis

253 3989 362 4053 utnec
371 3981 563 4053 testamenti
576 3981 720 4055 liberam
727 3983 854 4057 habeat
865 3983 1059 4073 lectionem,
1071 4003 1135 4055 nec
1142 3982 1188 4056 ad
1200 3981 1397 4056 hereditatis
1409 3983 1658 4056 successionem

253 4101 406 4176 accedat.
427 4103 550 4177 Nullus
568 4105 601 4178 ei
619 4113 773 4202 preterea
790 4129 895 4203 super
912 4127 1134 4202 quocumque
1151 4107 1311 4198 negocio,
1330 4106 1393 4180 sed
1409 4107 1483 4203 ipse
1497 4107 1573 4180 aliis
1584 4129 1661 4180 res-

252 4227 405 4322 pondere
432 4237 587 4323 cogatur.
613 4229 769 4316 Quodsi
797 4232 883 4304 forte
906 4231 1019 4326 judex
1044 4231 1213 4320 extiterit,
1240 4232 1315 4324 ejus
1337 4233 1506 4306 sententia
1529 4233 1658 4306 nullam

251 4351 402 4444 optineat
418 4351 610 4426 firmitatem
633 4377 697 4428 nec
719 4375 823 4428 cause
841 4356 957 4452 alique
979 4355 1026 4430 ad
1044 4359 1119 4449 ejus
1144 4356 1354 4430 audientiam
1375 4359 1603 4453 perferantur.
1624 4357 1659 4430 Si

253 4475 353 4547 luerit
368 4477 578 4569 advocatus,
596 4481 671 4572 ejus
685 4482 912 4576 patrocinium
928 4483 1123 4555 nullalenus
1139 4483 1349 4556 admittatur.
1366 4483 1402 4556 Si
1421 4481 1576 4572 tabellio,
1605 4483 1660 4554 iu·

253 4609 438 4675 strumenta
463 4606 617 4679 coniecta
641 4629 703 4701 per
728 4603 824 4680 illum
850 4609 977 4680 nullius
1007 4610 1146 4705 penitus
1176 4611 1245 4682 sint
1271 4609 1448 4683 momenti.
1480 4609 1658 4684 Adicimus

255 4723 395 4822 insuper
409 4729 504 4822 qood
520 4730 690 4804 hereticus
702 4734 860 4806 convinci
878 4755 939 4830 per
952 4734 1138 4809 hereticum
1153 4735 1278 4832 possit,
1298 4745 1332 4810 et
1346 4733 1442 4830 quod
1455 4733 1580 4808 dumus
1594 4735 1659 4808 Pa·
