4288 5912
221 589 323 654 limet.
338 587 383 672 ft]
668 587 866 652 tttstttltlt
891 585 1185 652 Dll‘anblA'l'lCA.
1568 585 1630 654 ³95

344 716 1627 804 odmummmynemoperscuumtmestztterttptottrttttentasomtmuo

342 830 417 894 nelle
431 849 481 894 rur
500 849 566 896 cerr
586 828 679 914 recole
691 829 891 912 diplomaticdc
903 851 919 894 c
931 832 1079 916 puruntito
1098 829 1137 894 do
1160 827 1267 910 resumi
1285 825 1330 890 dc'
1345 829 1489 910 pirromri
1507 829 1625 892 limno-

342 939 442 1016 niartr‘,
457 935 528 1022 etc.)

272 1127 310 1200 In
322 1125 463 1199 nomine
475 1124 613 1198 Domini
626 1125 733 1198 nostri
747 1125 828 1200 lesu
843 1123 978 1198 Christi.
993 1121 1117 1196 Amen.
1133 1122 1232 1196 Anno
1246 1121 1460 1196 aNativitate
1471 1123 1627 1216 ejusdem

223 1249 273 1323 Μ’
287 1249 522 1324 ducentesimo
535 1250 707 1324 tricesimo
725 1251 841 1343 terlio,
865 1249 999 1346 imperii
1019 1269 1101 1321 vero
1122 1245 1251 1321 domini
1271 1246 1378 1320 nostri
1399 1247 1555 1320 Federici
1571 1248 1628 1322 in·

223 1373 402 1448 victissimi
425 1375 655 1448 Romanorum
676 1373 891 1472 imperatoris
913 1394 1048 1470 semper
1068 1371 1207 1467 augusti
1230 1391 1321 1444 anno
1346 1371 1452 1444 tercio
1477 1371 1626 1466 decimo,

223 1499 324 1595 regni
350 1507 385 1573 et
409 1501 595 1574 Ierusalem
616 1521 709 1592 anno
729 1509 852 1574 octavo
875 1511 910 1573 et
937 1498 1034 1594 regni
1059 1497 1173 1570 Sicilie
1197 1517 1288 1570 anno
1313 1493 1483 1569 tricesimo
1509 1505 1625 1590 sexto,

225 1643 347 1697 mense
354 1623 513 1716 J'anoario
520 1621 551 1718 (l
558 1623 586 1722 ),
600 1623 720 1698 ultimo
732 1623 902 1717 ejusdem,
918 1622 1116 1696 indictionis
1130 1629 1238 1696 sexte.
1254 1619 1324 1692 Nos
1333 1619 1493 1692 Nicolans
1509 1619 1553 1694 de
1568 1621 1629 1693 Bi-

225 1747 337 1821 santio
358 1743 404 1821 de
422 1747 526 1837 Baro,
548 1747 712 1842 magister
734 1755 933 1844 procurator
949 1743 1187 1820 demoniorum
1206 1743 1484 1834 Montiscaveosi,
1507 1745 1629 1819 Poma·

224 1872 288 1945 rici
308 1881 343 1946 et
361 1869 513 1964 Genusii,
531 1878 697 1944 terrarum
716 1872 894 1968 provincie
907 1871 1102 1962 Basilicate,
1121 1891 1162 1944 ac
1183 1879 1351 1964 exequter
1372 1889 1541 1943 novorum
1562 1870 1629 1942 im·

225 1995 407 2092 periaiium
434 2003 639 2070 statutomm
667 1995 760 2070 dicte
786 1995 962 2093 provincie
987 1995 1181 2080 Basilicam,
1204 1993 1419 2068 declaramus
1441 2005 1476 2068 et
1493 1996 1630 2092 plenam

226 2119 332 2194 iidem
351 2121 507 2214 iacimus,
527 2129 599 2194 tam
619 2141 682 2194 nos
703 2141 807 2217 qnam
826 2120 980 2194 notarius
998 2120 1060 2216 qui
1085 2140 1225 2216 presens
1242 2120 1504 2194 instrumentum
1525 2143 1631 2216 penes

228 2255 305 2320 actu
328 2267 392 2319 sua
415 2245 531 2342 posuit
554 2243 599 2320 de
624 2243 787 2320 mandato
813 2254 931 2320 nostro
957 2243 1003 2319 ad
1029 2245 1179 2318 futuram
1202 2245 1253 2319 rei
1277 2245 1497 2336 memoriam,
1524 2267 1630 2341 quam

227 2370 331 2444 etiam
352 2369 535 2466 subscripti
553 2379 674 2464 testas,
695 2369 789 2466 quod
806 2369 843 2442 in
860 2391 979 2444 mense
999 2369 1190 2444 decembris
1208 2369 1356 2465 proximi
1379 2369 1547 2466 preteriti,
1574 2371 1631 2444 die
1705 2351 1710 2362 ’

227 2504 351 2568 octavo
366 2495 536 2589 ejusdcm,
557 2495 710 2592 predicta
729 2503 828 2568 sexte
845 2494 1055 2587 indictionis,
1073 2495 1226 2569 existens
1241 2495 1277 2568 in
1295 2497 1398 2587 Baro,
1418 2515 1480 2591 per
1496 2497 1629 2569 tratrem

226 2619 446 2692 Laurentium
470 2639 652 2693 monacum
666 2620 863 2695 monasterii
880 2621 995 2695 Sancti
1010 2619 1185 2695 Michaelis
1199 2621 1245 2695 de
1261 2621 1523 2695 Montccaveoso
1539 2641 1632 2693 reec-

227 2744 343 2842 pimos
360 2765 474 2818 sacras
491 2744 685 2842 imperiales
702 2745 828 2818 litteras
844 2745 881 2818 in
899 2745 965 2820 bae
980 2747 1087 2820 lorma
1105 2771 1113 2816 ε

274 2867 478 2962 leodericus,
504 2870 739 2942 Romanorum
761 2871 945 2968 imperator
962 2893 1096 2966 semper
1111 2879 1297 2964 augustus,
1317 2869 1503 2944 Jerusalem
1520 2879 1554 2944 et
1574 2869 1631 2943 Si-

230 2993 307 3067 cilie
323 3015 403 3086 rex,
419 2993 559 3068 Nicolao
579 2993 624 3068 de
639 2995 789 3068 bisantio
806 2995 875 3068 civi
892 2997 1032 3069 Burensi
1053 2995 1265 3092 procuratori
1288 2993 1525 3068 demoniorum
1543 3017 1631 3092 pro-

230 3117 338 3192 vintia
357 3117 552 3206 Basilicate,
579 3115 674 3193 fideli
695 3139 776 3211 sno,
796 3119 940 3214 gratiam
956 3129 990 3192 et
1007 3120 1134 3192 bonam
1150 3120 1373 3192 voluntatem.
1392 3117 1569 3192 Accedens
1584 3117 1631 3193 ad

193 3219 196 3226 λ
228 3244 434 3338 presentiam
456 3251 607 3317 nostram
628 3243 776 3317 loannes
792 3243 998 3316 venerabilis
1015 3243 1123 3316 abbas
1143 3242 1259 3316 Sancti
1276 3241 1451 3315 Michaelis
1467 3241 1512 3315 de
1530 3241 1631 3315 Mon-

228 3377 427 3458 tecaveoso‚
456 3367 570 3442 fidelis
595 3375 720 3461 noster,
747 3368 913 3462 majestati
941 3377 1054 3442 nostre
1081 3369 1242 3465 exposuit
1268 3367 1508 3463 conquerendo
1536 3367 1631 3463 quod

227 3489 364 3567 (ludum
386 3512 448 3589 per
470 3501 709 3589 procuratores
726 3501 860 3566 nostros
876 3493 1078 3567 destitutum
1097 3503 1148 3567 est
1165 3493 1408 3568 monasterium
1427 3515 1530 3565 suum
1548 3494 1629 3587 qui-

229 3615 375 3690 busdam
394 3617 594 3691 bominibus
611 3617 684 3690 suis
701 3638 765 3691 nec
784 3639 854 3691 non
873 3627 908 3692 et
925 3619 1120 3692 molestatur
1136 3617 1288 3692 indebite
1303 3639 1407 3714 super
1421 3615 1629 3713 quibusdam

228 3742 514 3838 possessionibus,
531 3741 727 3816 tenimentis
743 3753 777 3816 et
795 3743 1009 3816 libertatibus
1027 3752 1097 3817 tam
1115 3743 1151 3814 in
1168 3743 1283 3816 blonta
1301 3741 1452 3815 Caveoso
1469 3763 1573 3835 quam
1592 3741 1628 3812 in

226 3865 421 3958 Pomaricc,
439 3887 543 3960 quam
560 3867 663 3939 etiam
677 3868 930 3964 superioribus
948 3867 1170 3964 pasculandi‚
1187 3865 1339 3962 aquandi
1356 3875 1390 3939 et
1407 3863 1629 3962 pernoctandi
1652 3870 1655 3879 '

228 4011 308 4062 cum
329 3990 534 4064 animalibus
559 3991 632 4063 suis
655 3999 690 4065 et
715 3992 808 4086 ligna
834 3992 1008 4067 incidendi
1030 3993 1067 4064 in
1084 4001 1118 4065 et
1135 4013 1239 4088 super
1256 3991 1425 4066 domaniis
1447 3999 1534 4064 terre
1556 3989 1629 4064 Ge-

226 4113 337 4202 nusii,
358 4115 423 4210 ipsi
440 4115 647 4189 monasterio
665 4115 821 4212 predicto
839 4117 1009 4191 concessis
1025 4137 1088 4213 per
1104 4125 1193 4190 retro
1210 4116 1382 4214 principes
1397 4125 1629 4216 antecessores

1287 4327 1294 4335 ι
1311 4327 1516 4337 --,ο-ο-ι·.ι....ι
1548 4329 1591 4337 ...-
1609 4327 1619 4338 n

264 4448 299 4523 (t)
316 4449 466 4508 Notandum
482 4455 524 4509 est
536 4451 682 4524 notarium,
696 4452 758 4511 licet
769 4453 899 4528 Apulum,
915 4454 942 4512 ln
960 4454 1011 4513 boc
1022 4454 1195 4513 instrumento
1207 4469 1287 4514 usum
1298 4453 1381 4514 luisse
1393 4470 1463 4513 anno
1474 4454 1627 4514 Natiuitatis

226 4545 364 4618 bodiemo,
375 4561 437 4606 cnm
450 4546 589 4608 indictione
601 4565 706 4622 graeca
719 4550 764 4608 Nil
783 4565 848 4610 uero
867 4550 895 4608 in
914 4551 961 4610 tali
980 4550 1093 4610 materia
1106 4551 1226 4611 absolute
1243 4551 1295 4610 dici
1313 4557 1411 4627 potest.
1427 4552 1502 4622 Quae
1519 4549 1625 4624 quesn

225 4645 319 4702 charta
331 4643 411 4719 plane
423 4645 573 4704 authentica
586 4647 701 4720 videtu,
720 4649 771 4706 etsi
782 4648 872 4723 pluras
891 4649 945 4708 sint
961 4649 1158 4709 aduersantium
1176 4650 1425 4722 animaduersiones,
1439 4663 1506 4723 quas
1524 4663 1625 4723 anony-

226 4755 287 4800 mus
300 4741 418 4800 sedatm
430 4741 556 4801 relutsrit
568 4744 595 4802 in
607 4761 688 4820 opere
700 4761 781 4820 supra
793 4747 881 4805 citato.
