4320 5918
236 567 339 630 imin.
352 565 398 646 8.]
686 561 884 630 HISTORIA
908 563 1199 630 brutobarlca
1589 563 1649 626 535

284 702 411 777 Actum
424 700 522 799 apud
535 699 694 796 Iogiam,
711 720 804 774 anno
822 698 996 777 dominice
1013 699 1257 778 ineomntionis
1277 697 1460 774 millesimo
1479 697 1649 774 dueente-

236 829 325 902 sImo
338 828 514 924 trigesimo
531 834 672 924 quarto,
691 848 811 902 mense
822 828 954 922 martii,
982 829 1058 904 VIII
1081 827 1295 920 indictionis,
1321 835 1488 923 regnante
1507 825 1648 901 domino

236 963 351 1028 nostro
379 952 554 1028 Iriderioe
580 951 644 1026 llei
674 951 785 1046 geba
819 952 1052 1028 llomenomm
1080 955 1287 1050 imperatore
1312 973 1447 1049 semper
1480 960 1644 1047 augusto,

236 1077 449 1152 Hierusalem
466 1086 502 1152 et
515 1076 632 1152 Sicilie
647 1097 747 1172 rege,
765 1097 857 1151 anno
872 1077 1008 1175 imperii
1026 1079 1102 1172 ejns
1115 1077 1237 1174 quinto
1258 1077 1411 1168 decimo,
1427 1077 1526 1172 regni
1543 1077 1646 1152 laru-

234 1202 342 1276 sulem
357 1197 520 1300 [docimo]
535 1210 570 1276 el
582 1201 681 1298 regni
695 1201 811 1277 sibilla
823 1203 998 1299 trigesimo
1013 1199 1204 1303 [septimo],
1227 1201 1382 1276 sollciter.
1400 1199 1523 1276 limen.

285 1323 338 1426 [In
355 1327 479 1402 eudem
496 1328 700 1400 Didiam
717 1327 873 1424 seqnitur
889 1328 987 1404 aliud
1009 1328 1249 1428 priuilegium,
1277 1328 1377 1420 cujus
1393 1326 1498 1400 etiam
1516 1325 1645 1400 ibidem

234 1452 402 1546 originale
423 1461 597 1545 seruatur,
622 1453 753 1528 scilicet
770 1452 958 1551 imperialis
975 1453 1186 1530 confirmatio
1203 1451 1359 1546 ejusdem
1381 1451 1570 1526 sententiae
1584 1471 1646 1547 pro

234 1575 361 1652 abbate
371 1577 517 1651 Cavensi
533 1577 649 1650 lactas

283 1701 496 1794 Iridericns,
515 1702 577 1776 liei
599 1702 709 1797 gratia
726 1703 956 1778 Romanorum
976 1705 1161 1799 imperator
1174 1723 1310 1800 semper
1325 1709 1507 1796 angustus,
1523 1699 1647 1774 Hieru-

234 1825 342 1900 salem
359 1835 395 1900 el
405 1826 521 1900 Sicilie
533 1847 608 1900 rex.
627 1827 693 1901 Per
705 1847 846 1923 presens
856 1827 1022 1924 scriptum
1039 1837 1161 1902 netum
1176 1827 1322 1900 iadmus
1334 1825 1507 1900 nulrersis
1520 1825 1646 1901 nostris

236 1948 399 2024 fidelibus
414 1958 485 2023 lam
501 1951 718 2046 presentibus
733 1973 838 2048 quam
851 1953 977 2028 futuris
991 1951 1088 2048 quod
1100 1949 1299 2026 leonardus
1319 1949 1524 2024 venerabilis
1537 1950 1646 2024 abbas

235 2074 432 2149 monasterii
445 2074 628 2166 Curensis,
644 2073 758 2150 lidelis
774 2085 902 2172 noster,
919 2076 967 2152 nd
984 2076 1192 2174 presendam
1206 2085 1323 2152 nostra
1339 2074 1526 2168 maiestatis
1542 2095 1647 2150 aoce-

235 2199 323 2274 dens
340 2197 441 2274 nobis
463 2201 627 2297 exposuit
644 2199 744 2297 quod
761 2223 842 2276 cum
864 2201 1087 2300 interipsum
1111 2223 1173 2298 pro
1195 2209 1291 2299 parte
1310 2199 1508 2275 monasterii
1525 2199 1581 2274 sni
1598 2221 1646 2274 ex

235 2345 306 2398 nna
320 2332 417 2420 purte
440 2332 477 2398 et
497 2325 714 2402 Theodoram
741 2325 919 2402 dominam
940 2327 1033 2402 Pelle
1056 2349 1104 2402 ex
1123 2327 1230 2402 altera
1254 2347 1369 2402 eoram
1390 2325 1573 2400 Thomasio
1599 2324 1646 2400 de

235 2448 466 2544 blontenigro,
485 2457 551 2524 etc.
571 2451 736 2549 Sequitur
754 2451 849 2528 utin
871 2451 1118 2549 praecedente,
1138 2453 1210 2527 lere
1227 2449 1273 2526 de
1288 2451 1396 2525 verbe
1413 2450 1460 2526 ad
1477 2449 1641 2541 verbum,

235 2573 377 2648 mutatis
389 2581 523 2647 tantum
537 2574 733 2670 mutandIs,
751 2597 831 2652 curn
849 2576 939 2652 notis
956 2575 1205 2674 chronologicis
1223 2571 1384 2673 eisdem]

287 3147 519 3259 Iriderieus,
539 3149 801 3238 Romanorum
826 3149 1047 3261 Imperator,
1070 3150 1252 3262 Gregorio
1282 3176 1405 3262 papae
1426 3149 1558 3236 scribit
1583 3176 1645 3259 se,
1776 3195 1803 3228 ..

234 3280 321 3368 licet
337 3283 461 3368 multa
477 3284 676 3395 dIspendia
700 3283 742 3367 in
765 3282 867 3369 bello
898 3293 1032 3370 eontra
1061 3284 1254 3370 Romanos
1282 3282 1394 3367 luerit
1419 3309 1645 3394 perpessus,

234 3441 384 3528 semper
415 3419 465 3502 ad
495 3418 755 3504 defensionem
785 3417 975 3504 Ecclesiae
1004 3427 1182 3528 paratum
1209 3443 1310 3526 esse,
1330 3417 1580 3528 hortaturque
1597 3443 1647 3500 ne

233 3575 367 3660 paoem
385 3552 513 3638 minus
530 3553 773 3640 commodam
791 3562 944 3662 propter
962 3577 1072 3637 suam
1090 3551 1302 3636 absentiam
1320 3550 1535 3636 concludat.

316 3765 415 3848 (Edld.
430 3769 538 3846 partim
549 3769 728 3844 Romnum,
741 3762 852 3830 dcccl
866 3762 974 3844 coclea,
990 3765 1029 3829 nd
1042 3783 1115 3830 nnn.
1133 3775 1222 3842 1²85,
1237 3763 1644 3848 §V11,eregesl.(lregor.,

353 3873 407 3936 llb.
417 3872 474 3955 lx,
486 3882 521 3936 n·
537 3873 600 3954 rt.)

280 4056 503 4136 sanctissime
519 4059 556 4134 in
574 4059 706 4136 Christe
730 4059 819 4158 patri
839 4056 1021 4155 Gregorio,
1047 4067 1131 4150 etc,
1150 4057 1360 4151 Irideriens,
1380 4067 1447 4134 etc.
1470 4059 1645 4136 intellexi-

232 4434 327 4508 lieet
346 4435 455 4509 mulla
472 4455 587 4508 rernm
607 4432 789 4533 dispendIa
806 4442 842 4509 et
859 4433 980 4530 gravia
996 4433 1125 4508 bunna
1140 4433 1233 4530 passi
1255 4432 1426 4507 fuerimus
1442 4455 1645 4528 magnarum

233 4568 268 4633 et
282 4559 451 4634 nobilium
465 4581 690 4658 personarum
708 4560 754 4636 de
767 4559 897 4658 quibus
910 4580 979 4634 non
997 4559 1173 4657 potuImus
1195 4579 1265 4632 non
1282 4557 1415 4654 dolere,
1436 4559 1573 4653 singule
1589 4569 1645 4633 ta-

233 4705 313 4760 men
331 4685 506 4762 credirnus
525 4687 705 4764 commode
725 4685 930 4765 successisse
952 4685 982 4760 si
1003 4685 1055 4762 rei
1080 4685 1194 4760 exitus
1219 4684 1267 4760 ad
1288 4694 1412 4760 nutum
1431 4692 1585 4758 vestrum
1611 4695 1647 4760 et
