4308 5910
508 587 565 646 1Ἰο
1032 575 1386 640 consrtruuton'us

505 718 648 794 amovit.
669 717 873 792 Violentium
893 725 1008 790 temen
1024 715 1058 788 oi
1075 715 1187 809 ingeri
1208 708 1463 811 [prohibemus]
1479 721 1514 786 et
1530 712 1619 788 inter
1631 711 1713 788 boni
1728 713 1912 788 testimonii

505 843 650 918 lominus
665 845 743 938 eius
760 842 1006 917 habitationem
1020 848 1191 914 vetemus.

890 1121 1093 1196 TITULUS
1121 1119 1326 1193 LXXVlll.
1353 1123 1412 1204 Νς
1437 1118 1528 1214 (56).

941 1288 988 1358 Dc
1002 1282 1154 1380 repudiis
1178 1283 1393 1356 concedendo
1408 1279 1471 1379 (a).

1102 1473 1197 1520 rnuu
1227 1471 1312 1521 unx.

552 1615 749 1715 Repudium
771 1617 807 1688 in
830 1615 896 1688 hac
918 1615 1137 1688 accusatione
1163 1635 1299 1708 semper
1316 1623 1370 1686 est
1386 1610 1672 1710 permittendum,
1697 1631 1810 1706 nequo
1832 1609 1918 1682 vio-

504 1744 608 1817 lentie
627 1765 688 1818 seo
703 1741 856 1816 detentio
872 1739 1084 1816 odhibendo.

973 2019 1177 2094 nunnus
1208 2019 1361 2094 cxxix
1386 2017 1447 2114 (t).

1127 2185 1288 2258 nono.

1106 2371 1198 2421 ΙῦΕΙ
1227 2369 1315 2422 REX.

554 2513 663 2584 lenus
676 2510 898 2585 sollicitantes
912 2511 1061 2592 alienum
1069 2510 1199 2583 scilicet
1208 2511 1412 2602 msututem,
1422 2533 1534 2605 genus
1546 2511 1700 2585 crimiuis
1713 2511 1917 2609 pessimum,

507 2647 671 2732 tunquam
687 2635 780 2734 ipsus
793 2635 968 2712 adulteres
981 2633 1178 2732 puniendus
1189 2656 1266 2710 esso
1279 2638 1429 2734 presenti
1447 2638 1524 2735 lege
1536 2637 1722 2712 sancimus.

925 2917 1127 2993 IITULUS
1151 2919 1299 2992 LXXX.
1329 2924 1388 2992 ΝΖ
1411 2917 1502 3017 (57).

867 3083 913 3151 lle
930 3083 1094 3154 matribus
1110 3103 1190 3154 crtus
1204 3081 1294 3174 filius
1306 3083 1556 3178 reponentibus.

1103 3269 1197 3320 lun!
1228 3271 1314 3320 REX.

557 3409 682 3482 Matres
710 3408 862 3504 virgines
893 3407 980 3483 lilios
1002 3411 1245 3506 prostituentes
1271 3410 1319 3510 [et
1344 3413 1509 3486 maritalia
1533 3411 1650 3488 ledere
1672 3405 1856 3506 fugientes]
1882 3419 1925 3480 ut

508 3533 604 3606 lenus
625 3532 718 3629 ipsus
742 3534 997 3630 prosequimur,
1024 3544 1064 3608 ut
1081 3557 1187 3636 nesus
1212 3533 1263 3610 eis
1287 3535 1443 3610 similiter
1462 3536 1698 3612 abscindatur.
1727 3533 1923 3608 castitatem

509 3657 601 3730 enim
619 3679 761 3732 suorum
778 3659 950 3734 viscerum
969 3660 1121 3736 vendere
1139 3661 1366 3736 inhumanum
1384 3672 1437 3760 ost
1456 3673 1492 3736 et
1509 3663 1662 3738 crudele.
1681 3659 1783 3747 Quod
1803 3657 1833 3732 si
1851 3655 1926 3730 lilio

510 3803 548 3854 se
573 3782 683 3877 ipsum
706 3784 933 3879 prostituerit,
953 3794 1061 3860 muter
1078 3807 1161 3860 vero
1179 3788 1395 3862 solummodo
1418 3788 1605 3880 consentit,
1626 3785 1756 3880 judicis
1781 3781 1925 3856 arbitrio

510 3905 735 4001 relinquetur.

554 4066 596 4146 (a)
617 4070 729 4132 Graece
745 4088 753 4130 r
768 4067 953 4150 Besoclcndc
968 4070 1073 4154 otique
1085 4071 1251 4138 &enuntia
1268 4075 1307 4136 ab
1325 4077 1515 4138 cromatium.
1531 4075 1618 4151 Quod
1630 4076 1741 4153 optime
1753 4089 1790 4134 ex
1804 4071 1926 4134 ΑΜΒ

514 4183 548 4233 n⁰
562 4174 663 4235 XVIII
681 4181 712 4236 et
729 4179 885 4256 murptnoll
906 4184 978 4240 notu
991 4180 1164 4242 elucidetur.
1179 4183 1241 4244 Lex
1256 4186 1335 4244 enlm
1348 4183 1496 4245 delectum
1511 4183 1583 4246 lectt
1596 4185 1664 4261 quls
1675 4183 1805 4260 primum
1818 4175 1928 4240 debut

514 4281 674 4341 conventit.
688 4281 815 4346 Adulter
828 4287 1049 4350 conveniendus
1059 4294 1105 4350 est
1116 4291 1262 4366 primum,
1283 4297 1314 4351 et
1326 4293 1352 4352 st
1364 4291 1482 4352 delendi
1495 4292 1619 4369 poterlt,
1633 4289 1740 4350 muller
1751 4293 1797 4348 est
1808 4299 1923 4347 seeum.

517 4389 548 4450 Si
562 4405 632 4448 vero
645 4385 736 4450 luerit
746 4392 969 4467 condemnetur,
983 4401 1056 4456 tunc
1068 4396 1175 4458 muller
1186 4403 1353 4460 recusetur.
1368 4397 1427 4459 seu
1445 4413 1559 4475 semper
1571 4399 1602 4458 tn
1614 4396 1672 4458 lucc
1683 4411 1756 4457 cusu
1768 4391 1926 4470 repudlm

516 4495 746 4572 pcrmlttendum
760 4503 813 4558 est.
828 4497 875 4559 cl.
892 4515 982 4576 supro
995 4499 1045 4562 llb.
1060 4501 1101 4575 ll,
1117 4504 1164 4564 tlt.
1178 4501 1233 4577 XI,
1247 4521 1277 4581 p.
1295 4512 1344 4566 oo.

558 4599 598 4676 (b)
619 4601 707 4662 Deest
725 4604 756 4662 ln
776 4603 842 4664 cod.
855 4620 959 4684 graeco
973 4612 1004 4666 ot
1020 4608 1052 4666 ln
1070 4609 1343 4672 taurominitan
1357 4627 1429 4672 roro
1442 4610 1638 4673 dnbtmndum
1652 4610 1725 4688 qutn
1738 4607 1787 4669 lex
1800 4603 1926 4682 lioperto

516 4707 793 4772 monendomum.
808 4709 936 4773 Asstslos
947 4722 982 4772 ιιο
997 4714 1068 4776 XXI
1081 4720 1110 4774 et
1123 4715 1200 4778 lnlru
1213 4717 1331 4780 titulum
1345 4717 1504 4782 LXXXIV.
