4288 5912
523 534 585 598 440
1020 532 1239 596 rntnntttct
1262 531 1438 594 sectant
1746 534 1828 614 [Am
1845 535 1929 600 lm.

526 669 626 740 vohis
642 667 708 740 sub
725 667 821 742 bulla
838 679 952 744 nostra
965 669 1129 742 mittimus
1140 670 1381 760 interclusam,
1408 669 1555 764 quamsi
1568 668 1741 743 duxeritis
1753 681 1932 768 acceptan-

527 792 606 866 dam
625 793 725 866 nobis
742 815 806 890 per
828 793 1091 869 instrumentum
1117 797 1296 892 publicum
1323 795 1537 886 intimantes,
1561 794 1749 868 intendatis
1770 795 1840 867 hiis
1865 818 1932 891 qne

526 919 626 992 vobis
637 917 781 990 dilectus
792 917 883 992 filius
896 921 1058 1013 magister
1070 921 1110 992 P.
1128 921 1274 1016 scriptor
1287 931 1415 1008 noster,
1434 922 1521 993 lator
1534 921 1761 1016 presentium,
1775 942 1825 993 ex
1838 931 1933 1016 parte

526 1053 641 1116 nostra
655 1043 794 1116 duxerit
812 1045 1053 1140 proponenda,
1071 1055 1106 1118 et
1121 1045 1293 1118 indultum
1310 1045 1410 1116 vobis
1422 1045 1468 1116 ab
1482 1043 1678 1140 Apostolioa
1690 1042 1780 1118 Sede
1788 1044 1933 1139 privile-

527 1167 624 1262 gium
641 1167 740 1240 nobis
758 1191 820 1264 per
837 1170 1034 1265 scriptorem
1050 1169 1230 1242 remittatis
1246 1168 1409 1241 eumdem
1427 1167 1442 1266 (
1466 1168 1493 1266 ).

576 1293 699 1364 Datum
712 1293 884 1386 laterani,
903 1294 950 1366 Xl
966 1293 1131 1367 kalendas
1138 1293 1234 1386 julii,
1252 1314 1344 1366 anno
1358 1293 1517 1389 septimo.

581 1877 764 1961 Consules
781 1889 819 1962 et
835 1879 999 1989 populns
1025 1878 1185 1962 civitatis
1204 1878 1355 1962 Gaietae
1373 1885 1570 1985 acceptant
1586 1900 1719 1986 paoem
1736 1883 1935 1957 tractum

526 2035 594 2120 per
611 2011 809 2094 dominum
827 2039 967 2122 papam
985 2021 1022 2095 et
1040 2014 1201 2124 gratiam
1230 2013 1279 2096 ab
1305 2013 1531 2120 imperatore
1557 2011 1630 2094 sibi
1652 2033 1872 2093 concessam
1889 2007 1936 2090 de

527 2144 679 2230 datione
696 2145 855 2230 civitatis
872 2145 1043 2256 ejusdem
1061 2147 1236 2232 Conrado
1263 2145 1383 2256 ipsius
1409 2144 1649 2256 imperatoris
1669 2143 1765 2250 filio,
1785 2166 1935 2226 summo

528 2279 696 2390 pontifici
727 2281 867 2391 gratias
894 2290 1048 2390 ugentes
1073 2281 1178 2391 qnod
1203 2291 1362 2390 paterna
1392 2281 1434 2361 in
1462 2279 1537 2363 hoc
1554 2279 1691 2388 pietate
1716 2278 1821 2387 ipsos
1837 2301 1935 2386 pro-

531 2413 730 2496 curaverit.

604 2639 727 2720 (lnedlt.
742 2656 777 2700 ex
791 2637 870 2699 Libr.
882 2655 957 2700 cm.
974 2640 1058 2702 Ceae.
1072 2657 1189 2718 comm,
1203 2639 1319 2702 lnltllrl.
1333 2656 1398 2720 reg.
1410 2637 1692 2714 numeranda
1704 2639 1789 2714 lntln,
1803 2646 1935 2718 nutes,

650 2749 714 2809 utne
726 2746 788 2808 toltt
801 2745 948 2826 numero.)

582 2947 621 3019 ln
642 2946 781 3020 nomine
802 2945 936 3018 Domini
953 2947 1058 3019 nostri
1081 2945 1184 3019 lehsu
1209 2945 1351 3038 Christi,
1382 2968 1475 3020 anno
1496 2945 1669 3019 dominice
1689 2941 1936 3017 incarnacionis

534 3070 583 3144 ll⁰
600 3071 663 3144 CC⁰
687 3071 857 3144 tricesimo
877 3071 1000 3158 tercio,
1029 3072 1219 3165 imperante
1241 3069 1383 3144 domino
1404 3079 1519 3144 nostro
1533 3069 1714 3144 Froderioo
1740 3068 1805 3140 Dei
1830 3067 1937 3160 gratia

532 3195 663 3270 victore
676 3197 905 3269 Romanorum
916 3195 1122 3290 imperatore
1132 3217 1268 3291 sempor
1279 3205 1440 3288 augusto,
1456 3196 1664 3269 lehrnsalem
1676 3192 1832 3267 etSicilie
1842 3213 1933 3288 nege,

534 3341 626 3394 anno
642 3319 774 3416 imperii
789 3319 864 3412 ejus
878 3319 982 3392 tercio
996 3319 1148 3412 decimo,
1166 3331 1316 3416 tempore
1332 3319 1463 3394 domini
1481 3321 1590 3394 nostri
1603 3320 1743 3392 illustris
1755 3319 1849 3414 regis
1861 3318 1937 3392 Cor·

534 3441 609 3514 radi
623 3443 778 3536 ejusdem
793 3443 1001 3516 serenissimi
1020 3443 1235 3540 imperatoris
1250 3442 1329 3534 filii,
1358 3445 1415 3518 die
1431 3445 1524 3538 jovis
1547 3445 1668 3518 ultimo
1685 3443 1814 3516 mensis
1822 3443 1935 3536 junii,

534 3577 631 3640 sexto
646 3567 854 3641 indictionis.
872 3569 942 3640 Nos
958 3568 1132 3658 consules,
1147 3568 1285 3661 jndices
1299 3579 1333 3642 et
1349 3569 1530 3642 universus
1549 3570 1700 3665 populus
1720 3567 1838 3640 Gaiete
1858 3587 1938 3662 pre-

533 3692 619 3764 senti
639 3693 766 3788 scripto
789 3693 951 3765 volumus
974 3714 1049 3765 esso
1070 3703 1189 3765 notum
1211 3692 1307 3788 quod
1326 3702 1504 3766 tractatam
1529 3713 1649 3789 pacem
1674 3713 1737 3788 per
1760 3690 1939 3765 dominnm

533 3835 657 3910 papam
673 3823 707 3888 et
723 3817 867 3910 gratiam
887 3816 988 3888 nobis
1008 3837 1029 3888 a
1051 3817 1191 3890 domino
1208 3817 1412 3912 imperatore
1434 3837 1650 3908 concessam,
1670 3817 1759 3889 siout
1775 3815 1812 3886 in
1830 3814 1939 3911 privi-

533 3939 632 4034 legiis
645 3940 801 4033 ejusdem
819 3941 1032 4038 imperatoris
1050 3939 1197 4014 filiosuo
1213 3939 1482 4014 dominonostro
1499 3940 1623 4014 illustri
1635 3939 1709 4033 regi
1726 3937 1884 4012 Conrado
1895 3937 1940 4011 de

535 4062 679 4138 dacione
698 4074 732 4138 et
751 4065 969 4139 concessione
990 4065 1139 4138 civitatis
1159 4063 1278 4139 Gaiete
1295 4075 1330 4139 et
1343 4065 1446 4139 nobis
1465 4065 1609 4139 indultis
1625 4063 1761 4160 plenius
1782 4061 1941 4135 eontine-

534 4374 633 4434 domini
649 4390 734 4450 papae
749 4374 929 4434 subdiaconus
939 4381 967 4434 et
978 4375 1132 4451 mpellanus
1145 4391 1194 4450 pru
1206 4375 1277 4434 lacto
1289 4373 1401 4433 (inlatae
1414 4389 1432 4434 a
1445 4390 1516 4450 papa
1529 4375 1564 4432 ad
1576 4375 1766 4449 imperatorem
1778 4370 1807 4428 in
1819 4368 1943 4445 Apuliam

535 4491 552 4529 ll
602 4491 609 4528 l
731 4492 763 4528 ,ὓ

554 4473 811 4648 uiltluilgiiiiiniliter
824 4571 911 4644 agitur
920 4572 954 4631 de
966 4572 1104 4647 pririlamo
1116 4571 1179 4630 dato
1191 4569 1310 4642 Perusii,
1323 4571 1354 4629 24
1367 4569 1436 4644 junii
1457 4572 1537 4629 ⁴229.
1551 4569 1594 4630 Cl.
1605 4585 1677 4644 quae
1696 4581 1779 4642 snpra
1792 4565 1941 4634 edidimus,

536 4675 557 4730 t.
574 4671 626 4746 111,
641 4687 670 4745 p.
687 4669 739 4730 tta
752 4675 868 4744 etsaqq,
