4360 5908
545 601 615 666 ·ase
1062 601 1278 666 rnrnnnrcr
1305 603 1480 668 sncuunr
1786 599 1867 688 [nn.
1887 601 1973 664 reas.

553 737 723 836 episcopi,
743 735 786 810 A.
808 737 980 830 Saxonie,
1002 737 1043 810 0.
1065 738 1218 814 bleranie
1241 751 1276 814 et
1296 743 1337 814 B.
1360 739 1540 814 Xarintbie
1560 737 1684 831 duces,
1706 741 1750 812 Η.
1775 740 1821 813 de
1840 739 1976 813 Ortcm-

552 864 676 956 bercb,
697 865 740 935 H.
762 863 813 936 'de
828 864 1013 954 Nassawe,
1040 862 1077 936 C.
1100 863 1146 938 de
1170 865 1391 958 Hohenlocb,
1415 868 1451 940 S.
1473 864 1519 938 de
1541 863 1730 960 Spanbeim
1748 873 1783 936 et
1801 865 1845 936 Η.
1871 865 1977 938 imtcr

551 991 649 1082 ejus,
670 989 709 1061 L.
736 987 780 1062 de
805 987 1011 1078 Hohenstat,
1037 989 1199 1078 comites,
1224 989 1266 1063 G.
1295 991 1341 1066 de
1358 989 1521 1064 brustein
1545 989 1634 1062 sacri
1661 989 1796 1086 imperii
1817 989 1853 1061 in
1877 989 1976 1063 ltalia

553 1113 707 1207 legatus,
726 1109 766 1182 G.
791 1111 837 1186 da
853 1111 1063 1204 Bonlandin,
1079 1111 1287 1207 Gnnzlinus,
1308 1113 1501 1188 lliebardus
1519 1113 1706 1210 immrialis
1722 1113 1800 1186 aule
1817 1133 1974 1187 camem-

551 1237 638 1328 rius,
654 1236 762 1310 etalii
778 1237 1015 1332 quamplures.

598 1361 745 1456 Signum
762 1359 894 1433 domini
910 1360 1075 1434 Friderici
1097 1361 1244 1437 meundi
1260 1363 1493 1436 Romanorum
1517 1359 1733 1458 imperatoris
1753 1382 1890 1458 semper
1906 1384 1973 1436 au·

551 1487 663 1582 gusti,
683 1485 871 1560 Jerusalem
888 1494 923 1560 ct
940 1485 1056 1559 Sicilie
1073 1485 1177 1582 regis.

599 1611 673 1705 Ego
690 1609 837 1682 Silridue
854 1609 1112 1706 Ratisponensis
1132 1611 1316 1707 episcopus
1337 1609 1525 1707 imperialis
1542 1609 1877 1702 subcancellarius,
1894 1611 1976 1686 vice

553 1733 684 1810 domini
698 1733 815 1807 Silridi
833 1733 1027 1830 Mogontini
1052 1733 1302 1834 archiepiscopi
1332 1735 1370 1808 in
1388 1733 1573 1810 Germania
1588 1734 1898 1830 archicancellarii,
1914 1757 1976 1810 re·

553 1879 714 1954 cognovi.

601 1983 689 2056 Acta
710 1991 792 2056 sunt
813 1981 878 2056 bec
899 2003 992 2056 anno
1016 1983 1189 2057 dominice
1210 1983 1455 2058 incarnationis
1476 1983 1523 2058 ll.
1538 1982 1601 2056 CC.
1616 1983 1746 2076 XXXI,
1768 2005 1888 2057 mense
1910 1986 1975 2079 jn-

554 2105 686 2194 nuarii,
711 2107 834 2202 quinte
861 2105 1077 2200 indictionis,
1104 2105 1292 2202 imperante
1316 2107 1456 2181 domino
1483 2116 1600 2180 nostro
1622 2106 1795 2180 Friderico
1816 2109 1974 2184 secundo

555 2231 618 2304 Dei
641 2229 751 2326 gratia
770 2230 995 2304 invictissimo
1012 2231 1245 2305 Romanorum
1261 2231 1467 2329 imperatore
1488 2253 1624 2328 semper
1638 2243 1805 2325 angusto,
1831 2234 1973 2308 ierusa-

554 2357 625 2428 lem
639 2362 673 2428 et
689 2352 803 2426 Sicilie
819 2375 910 2448 rege,
927 2375 1018 2428 anno
1035 2355 1177 2428 Romani
1194 2355 1331 2450 imperii
1345 2356 1422 2449 ejus
1435 2355 1655 2449 duodecimo,
1670 2357 1769 2451 regni
1781 2359 1974 2432 ierusalem

550 2479 712 2576 septimo,
732 2478 830 2570 regni
848 2499 931 2552 vero
949 2479 1064 2552 Sicilie
1079 2479 1234 2570 XXXIV,
1255 2480 1413 2554 feliciter.
1433 2479 1557 2554 Amen.

603 2605 727 2680 Datum
743 2603 840 2702 apud
853 2605 1070 2700 Ravennam,
1090 2625 1197 2700 anno,
1215 2625 1334 2680 mensa
1351 2615 1386 2680 et
1402 2603 1593 2680 indictione
1607 2605 1819 2704 prescriptis.

607 3205 841 3310 Fridericus‚
865 3203 1127 3287 Romanorum
1157 3199 1379 3310 imperator,
1406 3200 1457 3282 ad
1489 3197 1804 3310 supplicationem
1840 3196 1975 3282 Silridi

393 3346 422 3379 ⁸¹¹
464 3292 503 3380 ¹⁹!
554 3337 840 3448 Ratisponensis
857 3335 1048 3445 episcopi,
1067 3333 1310 3444 privilegium
1337 3332 1397 3417 nvi
1425 3331 1485 3416 sui
1506 3332 1686 3418 Friderici
1705 3331 1723 3416 Ι
1740 3329 1975 3416 monasterio

554 3471 741 3558 Rubrensi
758 3469 952 3554 indultum
970 3467 1193 3576 confirmat,
1213 3466 1393 3577 idemque
1410 3492 1499 3550 cum
1516 3465 1819 3578 possessionibus
1837 3475 1875 3549 et
1895 3463 1975 3549 bo-

556 3606 725 3692 minibus
743 3607 783 3688 in
801 3603 1073 3716 protectionem
1092 3627 1203 3684 suam
1222 3599 1392 3712 suscipit.

636 3823 732 3900 (Edit.
749 3839 799 3900 ap.
814 3821 918 3895 llunn,
932 3814 1098 3898 Metropat,
1117 3823 1142 3878 t.
1158 3817 1222 3892 111,
1244 3833 1274 3894 p.
1293 3823 1363 3877 too.
1377 3845 1419 3862 -
1430 3814 1626 3876 bunum
1636 3855 1647 3888 ,
1672 3811 1804 3874 Gnosis
1824 3811 1972 3888 amase,

676 3939 727 3993 tt.
741 3961 784 3976 -
795 3927 924 3989 Monens
936 3925 1025 3988 Betae
1035 3969 1044 3999 ,
1055 3933 1129 3986 tom
1143 3923 1225 3998 XVI,
1238 3940 1267 4001 p.
1285 3931 1354 3996 tle,
1366 3931 1400 3984 n⁰
1413 3919 1491 4002 XV.)

606 4117 802 4190 innomine
824 4124 942 4188 sancte
964 4121 999 4186 et
1020 4110 1204 4186 individue
1226 4109 1414 4182 Trinitatis.
1439 4105 1636 4182 Fridericus
1655 4103 1831 4180 secundm
1851 4103 1973 4181 divium

556 4245 694 4316 invente
710 4241 890 4313 clementia
906 4241 1138 4314 Romanorum
1160 4235 1345 4330 imperator
1368 4254 1503 4329 semper
1521 4242 1707 4328 augustus,
1727 4231 1916 4306 Jerusalem
1938 4242 1975 4306 ct

556 4369 672 4442 Sicilie
689 4389 764 4441 rex.
788 4367 870 4459 Regi
887 4385 1008 4458 regum
1028 4363 1073 4436 de
1091 4365 1191 4458 cujus
1210 4359 1391 4434 clementia
1416 4360 1571 4455 regimen
1592 4355 1813 4432 moderemur
1835 4357 1972 4456 imperii

557 4505 591 4568 et
609 4493 826 4566 diversorum
844 4491 987 4564 feliciter
1010 4488 1206 4562 obtinemus
1233 4494 1368 4582 sceptra
1387 4507 1594 4580 regnorum,
1617 4483 1735 4558 debita
1759 4483 1974 4578 gratitudine

557 4619 826 4715 complacemus,
848 4615 877 4687 si
896 4614 981 4688 locis
1001 4612 1122 4686 divino
1146 4611 1254 4684 cultui
1281 4610 1454 4707 deputatis
1480 4609 1587 4684 nostri
1611 4607 1790 4682 munimen
1811 4609 1975 4682 culminis

556 4753 591 4816 ct
614 4739 847 4815 munificentie
868 4747 982 4812 nostre
1004 4735 1211 4812 beneficium
1236 4735 1423 4811 liberaliter
1445 4733 1643 4831 elargimur.
1664 4733 1736 4808 Nec
1757 4731 1902 4830 indigne
1926 4735 1974 4808 ti-
