4288 5912
204 587 306 650 Ianicu
324 579 367 667 6.]
656 578 865 648 HISTORIA,
878 576 1173 650 olenousrlce.
1560 581 1623 645 387

205 720 304 818 qnod
320 737 426 814 snper
442 713 595 811 querelis
613 737 684 810 qus
697 723 878 790 vertuntur
895 713 1044 788 invicem
1060 714 1225 800 intereos
1241 712 1278 786 in
1294 721 1410 795 nostru
1421 714 1517 804 cuda
1529 723 1620 792 stare

201 843 274 939 juri
290 841 357 939 (o),
383 839 477 920 diem
502 836 667 934 adsignes
693 837 833 921 eisdem,
852 858 923 932 quo
940 859 984 920 ‚se
1006 847 1123 920 nostro
1148 838 1344 934 conspectui
1366 847 1616 934 representem,

204 965 332 1040 tacturi
347 971 383 1038 et
395 961 567 1068 recepturi
582 962 628 1038 do
644 961 730 1058 ipsis
746 963 896 1078 quereIIs
909 961 1007 1056 quod
1021 963 1171 1063 postulat
1183 963 1268 1038 ordo
1278 963 1390 1056 juris3
1416 963 1492 1038 illos
1503 973 1618 1038 autem

204 1089 267 1185 qui
285 1087 333 1164 ad
349 1087 552 1172 mandatum
569 1095 605 1164 et
626 1087 988 1173 exortationem'tuam
1014 1086 1053 1166 id
1075 1088 1188 1172 facere
1205 1087 1416 1161 recusabunt
1440 1096 1476 1162 et
1498 1110 1618 1164 eornm

204 1212 383 1304 adjutores
398 1212 516 1290 banno
532 1210 705 1307 imperiali
726 1210 911 1304 sanicias,
939 1211 1133 1286 secundom
1154 1211 1250 1307 quod
1273 1211 1404 1286 videris
1423 1213 1614 1310 expedire3

204 1335 361 1432 personis
372 1333 605 1432 predictorum
623 1334 790 1410 comitum
805 1333 988 1408 dumtaxat
1002 1335 1157 1432 exceptis
1166 1357 1254 1430 quas
1268 1343 1405 1432 propter
1418 1335 1485 1410 hoc
1500 1337 1617 1412 hanno

204 1461 369 1536 nolumus
398 1459 566 1556 imperiali
596 1458 762 1557 subponi·
788 1458 1016 1537 Nihilominus
1036 1459 1152 1534 comiti
1175 1461 1342 1534 Tolosano
1368 1459 1493 1534 dilecto
1521 1459 1616 1535 fideli

203 1592 322 1666 poetro
338 1583 541 1682 ancoritate
553 1594 670 1658 nostra
690 1585 757 1668 sub
776 1583 892 1660 debite
910 1581 992 1658 fidei
1012 1605 1083 1693 quo
1106 1585 1207 1658 nobis
1229 1594 1263 1659 et
1288 1585 1433 1683 imperio
1456 1593 1612 1677 tenetur,

204 1709 375 1805 precipias
388 1718 424 1782 et
440 1710 606 1803 injungas
621 1729 667 1782 ne
681 1708 784 1783 dictis
800 1709 1072 1785 Massiliensibus
1089 1729 1131 1782 ac
1149 1709 1270 1783 celans
1286 1709 1368 1783 dicti
1385 1711 1518 1784 comitis
1533 1711 1615 1784 Pro·

202 1831 318 1906 vincie
335 1831 543 1906 adversane
568 1842 687 1908 contra
702 1832 817 1942 ipsum
833 1832 992 1906 comitem
1003 1835 1169 1927 juvamen
1191 1833 1389 1930 impendat,
1414 1835 1445 1908 si
1470 1856 1615 1926 eorum-

204 1954 284 2031 dem
301 1954 352 2052 (ὁ)
371 1954 588 2031 adversarios
611 1957 659 2040 in¹
673 1957 877 2032 executione
895 1957 1046 2036 mandati
1064 1957 1161 2056 quod
1176 1959 1243 2050 sibi
1259 1969 1299 2032 ut
1317 1960 1542 2056 prescriptum
1564 1969 1615 2036 est

202 2090 358 2178 exparte
370 2090 486 2160 nostra
497 2082 637 2174 leceris,
655 2082 829 2159 inveneris
843 2091 1076 2158 contumaces.
1090 2085 1160 2158 Noe
1173 2093 1291 2158 autem
1302 2085 1437 2159 dilectis
1453 2083 1614 2159 fidelibus

201 2205 328 2279 nostris
344 2205 600 2280 venerabilibus
613 2206 797 2282 Viennensi
813 2215 849 2282 et
866 2206 1055 2282 Arelatensi
1069 2208 1337 2306 archiepiscopis
1349 2185 1474 2284 damus
1491 2211 1615 2285 nostris

202 2331 324 2406 litteris
351 2332 389 2405 in
416 2331 591 2408 mandatis
615 2341 658 2408 ut
681 2342 796 2408 mum
818 2333 997 2431 adportes
1023 2336 1099 2410 illas
1123 2337 1325 2414 aecedentes
1356 2338 1517 2421 studeant
1543 2361 1613 2414 una

201 2464 317 2530 meum
342 2477 548 2554 componere
572 2457 662 2534 inter
691 2479 774 2552 eos,
808 2469 844 2532 et
870 2461 1032 2535 assistant
1056 2461 1119 2534 tibi
1149 2463 1380 2538 favorabiliter
1408 2464 1444 2536 in
1476 2466 1613 2560 negotio

200 2588 402 2654 memorato.
1195 2557 1198 2574 ¹

248 2707 373 2780 ilatum
390 2703 523 2802 Meliie,
542 2706 623 2782 XIX
636 2705 857 2805 septembrIs,
878 2709 923 2784 vl
935 2707 1136 2784 indIotione·

249 3305 483 3417 Fridericus,
513 3311 774 3400 Romanorum
804 3318 1024 3429 imperator,
1054 3323 1330 3408 monasterium
1367 3324 1608 3413 Carbonense

195 3438 254 3544 {in
273 3440 434 3526 dioecesi
456 3444 709 3556 Anglonensi]
727 3476 816 3536 cum
838 3454 1019 3540 omnibus
1036 3456 1146 3542 bonis
1170 3459 1253 3571 ejus
1271 3459 1344 3546 sub
1367 3487 1436 3544 sua
1453 3470 1607 3571 protec-

194 3571 297 3656 tione
313 3575 462 3686 recipit‚
476 3578 595 3690 ‘eique
625 3583 744 3668 donat
774 3586 1026 3674 tenimentum
1056 3593 1250 3702 quoddam
1273 3593 1322 3678 de
1339 3593 1516 3678 demanio
1534 3621 1605 3681 suo

191 3703 232 3919 {ln
251 3705 525 3928 Policoqionec
542 3740 620 3798 non
640 3726 677 3802 et
694 3727 918 3828 potestatem
934 3723 1102 3810 habendi
1119 3725 1237 3812 libere
1254 3727 1409 3812 barcam
1427 3755 1545 3814 unam
1562 3730 1602 3813 in

220 3865 351 3926 umme
402 3869 470 3928 cn.

271 4068 609 4154 (suceptionem,
629 4075 696 4140 Ital.
710 4089 848 4162 sacrm
864 4084 937 4164 vn,
957 4103 988 4166 p.
1007 4095 1081 4169 leo,
1094 4088 1165 4154 edit.
1174 4089 1212 4152 de
1227 4091 1330 4175 teet.)

239 4270 491 4350 FedericusDei
503 4278 849 4374 gradallomanorum
859 4286 1042 4384 imperator
1050 4311 1184 4388 semper
1192 4304 1372 4390 augeretus,
1384 4295 1597 4374 Hierusalem

191 4402 225 4466 ct
251 4395 366 4472 Sicilie
390 4420 468 4474 rex.
501 4403 612 4489 Quam
639 4406 684 4479 sit
702 4407 883 4507 ‚imperiali
910 4413 1104 4490 celsitudini
1128 4418 1337 4514 gloriosum,
1363 4433 1598 4522 quantamque

228 4598 272 4681 (c)
292 4601 382 4666 Deest
394 4605 516 4670 verbnm
529 4619 678 4690 anacam,
693 4606 741 4676 rei
752 4619 999 4701 compromittant,
1015 4623 1062 4686 vel
1075 4626 1182 4692 omlis.

229 4703 273 4788 (d)
291 4705 401 4774 Sensus
413 4729 484 4782 vero
495 4719 619 4796 requirit
635 4718 744 4786 medem
754 4724 803 4787 vel
815 4723 948 4807 qudem.

1670 3355 1773 3412 Heldua,

1657 3414 1785 3470 neptemlrrl.
