4360 5908
476 594 539 658 822
982 595 1195 658 bolonitici
1221 595 1397 660 secubet
1707 597 1786 677 [Ass.
1806 599 1892 662 1232.

527 735 564 806 ln
588 733 727 806 nomine
748 744 865 808 sancte
889 743 924 808 et
947 733 1131 807 individue
1152 733 1338 806 Trinitatis.
1363 731 1565 807 Fredericus
1584 734 1761 810 secundus
1777 736 1895 812 dimna

478 859 617 932 favente
633 860 812 932 clementia
830 859 1063 934 Romanorum
1081 859 1264 955 imperator
1278 880 1415 956 semper
1427 867 1614 954 angustus,
1631 860 1842 934 Hierusalem
1861 876 1897 936 et

478 981 595 1056 Sicilie
608 1005 686 1056 rex.
704 985 741 1056 Si
759 983 805 1057 ad
821 983 1095 1080 promovendum
1110 981 1334 1057 ecelesiarum
1353 983 1490 1080 imperii
1507 983 1614 1056 nostri
1634 995 1762 1056 statum
1781 996 1894 1061 norbo

479 1105 582 1180 debet
614 1109 814 1182 favorabilis
841 1131 917 1182 esse
943 1111 1153 1202 sublimitas,
1183 1109 1292 1182 multo
1320 1109 1546 1182 favorabilius
1567 1109 1751 1204 tranquillo
1774 1133 1895 1186 earum

478 1231 582 1304 statui
601 1233 788 1328 providere
806 1245 1048 1331 tenemurque
1063 1235 1219 1332 cappello
1236 1244 1351 1308 nostro
1366 1246 1448 1307 sunt
1465 1234 1601 1330 imperii
1617 1237 1795 1331 speciales.
1814 1237 1894 1310 Uni·

477 1356 589 1428 versis
604 1355 708 1451 igitur
726 1357 888 1432 fidelibus
906 1361 1031 1434 nostris
1042 1359 1176 1455 imperii
1186 1369 1255 1432 tarn
1265 1359 1440 1434 modernis
1448 1380 1555 1454 quam
1571 1360 1716 1454 posteris
1734 1361 1896 1433 volumus

478 1501 553 1553 esse
570 1491 690 1553 notum
706 1483 800 1577 quod
820 1485 1015 1581 prepositus
1032 1493 1067 1558 et
1085 1485 1242 1557 canonici
1260 1484 1417 1582 cappelle
1433 1493 1547 1558 nostru
1564 1484 1679 1556 Sancti
1696 1485 1841 1558 Servatii
1858 1487 1894 1558 in

477 1607 643 1699 Treiecto,
656 1607 774 1682 fideles
788 1611 911 1701 nostri,
922 1620 994 1682 tum
1007 1611 1181 1706 proposita
1196 1631 1258 1705 per
1270 1609 1441 1705 quosdam
1458 1631 1592 1702 eorum,
1604 1619 1678 1681 tum
1697 1611 1895 1683 transmissa

477 1753 539 1828 per
552 1733 682 1805 litteras
700 1733 932 1808 insinuatione
948 1744 1181 1809 monstrarunt
1194 1733 1358 1808 attentius
1376 1735 1606 1831 supplicando
1619 1736 1893 1830 quatenns,quia

478 1875 540 1949 pro
557 1855 719 1930 scandalo
742 1869 776 1930 et
801 1858 1013 1932 dissentione
1036 1859 1188 1933 vitandis
1210 1881 1279 1954 que
1303 1879 1367 1955 pro
1384 1859 1491 1932 rebus
1514 1857 1676 1933 indivisis
1697 1861 1895 1934 oriebantur

477 1979 596 2075 sepius
611 1981 703 2054 inter
719 2005 791 2075 eos,
811 1983 858 2056 ad
875 1985 1099 2081 prescriptam
1113 1983 1320 2058 divisionem
1337 1993 1522 2058 etcertum
1540 1982 1765 2057 concordium
1782 1984 1895 2058 deve-

476 2115 622 2198 nerunt,
643 2106 808 2180 videlicet
826 2119 865 2181 ut
883 2109 975 2182 idem
999 2111 1193 2206 prepositus
1215 2119 1250 2182 et
1272 2129 1489 2184 successores
1512 2110 1568 2182 sni
1594 2107 1744 2183 habeant
1769 2111 1895 2186 amodo

476 2231 607 2303 curiam
622 2231 667 2305 de
680 2231 923 2333 llleyohold(o)
938 2244 972 2307 et
981 2235 1112 2308 curiam
1126 2233 1172 2308 de
1184 2235 1329 2308 Duobus
1340 2233 1525 2308 Montibus
1537 2255 1617 2308 eum
1630 2233 1822 2329 integritate
1831 2255 1894 2308 sna

475 2363 510 2425 ot
527 2377 659 2428 marcas
682 2356 802 2430 decem
821 2369 856 2430 et
873 2357 1095 2433 medietatem
1116 2359 1272 2432 omnium
1290 2359 1498 2456 placitorum
1523 2357 1560 2430 in
1583 2359 1747 2432 omnibns
1768 2359 1890 2448 curiis,

475 2479 629 2574 reliquas
647 2503 767 2555 omnes
788 2504 874 2556 vero
893 2483 1006 2556 curias
1027 2485 1187 2558 canonici
1204 2485 1355 2558 habeant
1379 2506 1459 2558 oum
1480 2483 1652 2556 universis
1671 2483 1894 2579 proventibus

477 2613 512 2676 et
530 2617 713 2679 exerceant
731 2607 833 2703 pleno
847 2611 939 2703 jure,
957 2609 1002 2684 do
1021 2610 1072 2684 eis
1087 2612 1177 2683 sicut
1192 2611 1366 2684 voluerint
1383 2608 1430 2682 ad
1449 2629 1568 2681 eorum
1585 2607 1806 2681 commodum
1825 2607 1894 2681 dis·

475 2738 658 2825 ponentes,
688 2731 896 2806 divisionem
912 2745 947 2807 et
965 2735 1191 2809 concordium
1216 2735 1332 2832 ipsum
1354 2755 1498 2808 assensu
1516 2745 1634 2806 nosue
1652 2733 1841 2830 approbare
1859 2741 1894 2806 ct

476 2854 520 2928 de
535 2865 650 2928 nostra
669 2857 872 2931 conlirmare
884 2859 994 2954 gratia
1010 2860 1246 2954 dignaremur.
1260 2861 1330 2934 Nos
1345 2857 1568 2955 igiturqoieti
1578 2879 1697 2932 eornm
1712 2857 1894 2955 providere

474 2981 629 3053 volentes
645 2989 680 3054 et
702 2983 918 3057 attendentes
944 2985 1084 3081 insuper
1107 2985 1204 3081 qnod
1231 2986 1368 3060 sublata
1396 2984 1441 3058 de
1466 2983 1582 3058 medio
1607 3004 1727 3057 eorum
1749 2981 1893 3054 materia

476 3104 697 3180 dissentionis
714 3117 749 3182 et
766 3109 940 3200 scandali,
958 3111 1080 3185 divino
1094 3111 1202 3208 cultui
1221 3111 1385 3185 devotius
1400 3109 1645 3200 instudebunt,
1664 3107 1893 3203 snpplicatio·

475 3229 579 3304 uibus
589 3233 661 3305 suis
672 3231 841 3307 duximus
854 3236 1372 3330 misericorditerannuendnm
1394 3234 1892 3333 dignoapprobantesassensu

473 3355 562 3429 etde
579 3367 696 3432 nostra
711 3360 821 3454 gratia
839 3359 1082 3435 confirmantes
1094 3362 1283 3459 predictam
1295 3361 1504 3436 divisionem
1517 3371 1552 3434 et
1566 3357 1790 3433 concordium
1803 3357 1892 3430 inter

474 3501 533 3553 eos
549 3483 675 3556 lacum
689 3485 837 3577 gratuita
851 3495 885 3558 et
902 3496 1092 3582 spontanea
1109 3489 1284 3560 volontate
1296 3513 1304 3559 ε
1318 3486 1480 3562 videlicet
1495 3496 1534 3559 nt
1547 3483 1741 3582 prepositus
1756 3493 1790 3555 et
1806 3503 1893 3555 snc-

475 3625 627 3680 cessores
652 3607 707 3680 sui
731 3607 881 3684 habeant
903 3611 1028 3685 amodo
1053 3611 1184 3686 curiam
1206 3611 1252 3687 de
1276 3609 1459 3709 Meyeheld
1483 3619 1518 3684 et
1539 3609 1670 3682 curiam
1689 3608 1735 3684 de
1751 3607 1893 3680 Duobus

473 3729 647 3805 Montibus
670 3755 751 3806 cnm
776 3735 972 3829 integritate
990 3759 1055 3810 sna
1075 3747 1110 3812 et
1135 3759 1268 3812 mareas
1291 3737 1412 3812 decem
1439 3745 1476 3809 et
1499 3733 1719 3810 medietatem
1736 3731 1892 3808 omnium

474 3857 676 3951 placitorum
695 3859 731 3931 in
749 3861 912 3933 omnibns
925 3863 1048 3954 curiis,
1069 3863 1212 3962 reliquis
1228 3885 1313 3938 vero
1329 3863 1435 3938 curiis
1447 3861 1621 3935 universis
1632 3881 1713 3932 cum
1730 3857 1893 3932 omnibns

475 3983 700 4076 proventibus
726 3993 761 4057 et
784 3985 968 4061 medietate
989 3989 1147 4061 omnium
1171 3989 1375 4085 placitorum
1403 3987 1536 4062 cunctis
1557 3983 1716 4080 eJnsdem
1740 3981 1892 4080 cappelle

476 4108 652 4182 canonicis
665 4113 1033 4206 perpetuoreservatis.
1053 4113 1223 4188 Presentis
1235 4136 1375 4210 quoque
1388 4109 1565 4210 privilegii
1578 4107 1780 4182 anctoritate
1794 4127 1890 4178 man-

475 4215 600 4304 damus
624 4243 796 4328 qnatenus
821 4235 917 4312 nulla
946 4261 1093 4336 persona
1116 4239 1275 4314 sublimis
1303 4241 1359 4314 vel
1390 4236 1552 4327 humilis,
1578 4232 1807 4308 ecclesiastica
1834 4229 1891 4302 vel

476 4355 672 4453 mundana,
693 4369 811 4434 contra
828 4365 997 4458 presentis
1009 4365 1266 4462 approbationis
1277 4375 1312 4439 et
1323 4359 1593 4438 confirmationis
1604 4367 1718 4432 nostre
1729 4355 1891 4452 paginam

477 4481 594 4573 venire
610 4495 796 4579 presumat.
817 4487 920 4574 Quod
936 4490 998 4587 qui
1016 4492 1262 4589 presumpserit
1275 4499 1416 4566 centum
1435 4507 1567 4562 marcas
1583 4481 1717 4580 argenti
1733 4501 1771 4554 se
1788 4501 1892 4554 eom-

515 4755 556 4838 (a)
579 4758 662 4821 lutra
675 4766 774 4823 autam
788 4759 949 4842 Mayetetd,
965 4763 1087 4827 forsitan
1101 4729 1261 4846 Mcypbold.
