4360 5908
501 601 562 666 aaa
1005 601 1220 666 rnrnnnrcr
1249 601 1423 666 securum
1725 603 1806 683 [nn.
1825 603 1912 666 reas.

502 741 620 814 nullus
634 746 722 812 terre
735 735 962 834 dampnosus,
976 739 1033 812 uel
1049 761 1070 812 a
1078 739 1199 833 judice
1211 740 1431 838 dampnatus,
1439 739 1496 814 vel
1510 739 1719 836 pmscriptus
1731 741 1916 836 recipiatur

502 866 661 940 scienter.
674 862 812 958 Recepti
830 862 981 936 convicti
996 863 1192 957 ejiciantur.
1204 865 1289 940 Item
1304 867 1434 938 nullam
1449 886 1577 939 novam
1587 875 1762 940 monetam
1776 866 1916 940 interra

501 990 648 1083 alicujus
662 985 826 1084 principis
843 985 925 1060 cudi
939 989 1121 1082 iaciemus,
1143 1011 1206 1088 per
1223 1013 1330 1088 quam
1348 1001 1487 1064 moneta
1501 989 1657 1084 ejusdem
1671 991 1838 1089 principis
1853 991 1916 1066 de-

502 1116 696 1189 terioretm.
717 1114 801 1185 ltem
825 1112 982 1186 civitates
998 1123 1113 1188 nostre
1126 1117 1401 1210 jurisdictionem
1426 1137 1527 1188 suam
1548 1117 1639 1190 ultra
1661 1116 1812 1190 civitatis
1834 1137 1916 1190 am-

502 1241 613 1314 bitum
632 1261 700 1313 nnn
719 1236 926 1327 extendant,
952 1239 1020 1312 nisi
1038 1239 1085 1314 ad
1103 1261 1167 1314 uns
1188 1241 1356 1338 pertineat
1376 1239 1572 1335 jurisdictio
1586 1240 1757 1338 specialis.
1779 1241 1861 1314 Item
1878 1242 1914 1312 in

505 1365 700 1439 civitatibus
716 1363 841 1436 nostris
858 1372 953 1436 actor
971 1365 1083 1438 iorum
1095 1365 1145 1438 rei
1161 1375 1343 1461 sequetur,
1368 1366 1437 1439 uisi
1459 1387 1550 1439 reus·
1561 1366 1616 1440 vel
1633 1364 1769 1440 debitor
1784 1365 1916 1462 priuci-

504 1491 590 1587 palis
607 1489 737 1563 ibidem
755 1489 856 1562 luerit
872 1489 1054 1580 iuventus3
1083 1511 1155 1586 quo
1170 1513 1254 1564 casn
1268 1489 1319 1588 (c)
1337 1491 1385 1564 ibi
1400 1489 1573 1564 tenebitur
1587 1487 1809 1586 respondere.
1831 1491 1914 1563 llam

501 1637 602 1689 nemo
621 1614 762 1710 recipiet
780 1614 815 1686 lu
832 1615 976 1709 pignore
997 1613 1089 1688 bona
1104 1615 1233 1710 quibus
1247 1617 1328 1711 quis
1353 1614 1548 1689 iulendatns
1566 1615 1628 1704 sit,
1649 1615 1724 1689 sine
1746 1637 1915 1688 consensu

503 1751 538 1814 et
555 1761 661 1812 manu
676 1737 808 1812 domini
825 1737 1037 1834 principalis.
1059 1739 1143 1812 Item
1164 1739 1211 1813 ad
1228 1759 1334 1835 opera
1357 1739 1536 1814 civitatum
1555 1739 1671 1812 nullus
1692 1749 1834 1834 cogatur
1849 1739 1915 1812 nisi

504 1862 640 1959 dejure
662 1873 830 1936 tenentur.
852 1864 935 1964 item
952 1863 1109 1936 homines
1132 1865 1169 1936 in
1190 1865 1315 1938 nostris
1331 1864 1529 1939 civitatibus
1548 1863 1738 1938 residentes
1754 1873 1918 1938 consueta

504 1999 539 2065 et
556 1989 768 2082 debitajnra
785 1987 945 2062 debonis
963 1997 1063 2062 extra
1083 1989 1254 2063 civilatem
1271 1989 1345 2062 suis
1365 1987 1515 2062 dominis
1538 1997 1574 2062 et
1595 1986 1771 2062 advocatis
1783 1989 1918 2086 persol-

505 2127 608 2209 vant,
636 2134 750 2208 neque
772 2113 936 2186 indebitis
961 2113 1204 2186 exactionibus
1231 2113 1466 2188 molestentur.
1496 2115 1580 2188 ltem
1605 2113 1764 2187 homines
1790 2115 1918 2210 pmprii

505 2238 711 2316 advocaticii
723 2235 875 2311 feodales
885 2237 947 2332 qui
960 2237 1007 2310 ad
1020 2237 1179 2314 dominns
1192 2259 1274 2312 suns
1287 2237 1432 2312 transire
1441 2237 1630 2331 voluerint,
1647 2236 1693 2311 ad
1708 2238 1917 2312 manendum

506 2389 567 2464 per
579 2363 741 2438 officiales
755 2371 891 2435 nostroe
905 2383 974 2435 nou
990 2372 1156 2437 artantur.
1178 2361 1235 2438 Ad
1249 2363 1355 2457 hujus
1368 2363 1487 2458 itaque
1498 2363 1730 2438 ceuoessiouis
1742 2371 1778 2437 et
1792 2361 1916 2436 eoum

505 2489 673 2564 macionis
693 2495 807 2562 nostre
833 2487 1034 2561 memoriam
1058 2498 1093 2562 et
1119 2489 1278 2564 stabilem
1299 2488 1513 2582 firmitatem,
1540 2509 1682 2584 presens
1698 2487 1917 2586 privilegium

504 2616 578 2691 lieri
596 2614 740 2688 lecimus
755 2613 941 2707 majestatis
958 2624 1073 2687 nostre
1090 2615 1204 2708 sigillo
1221 2613 1407 2686 munitum.

553 2741 666 2834 Hujus
683 2748 799 2813 antem
824 2739 875 2811 rei
891 2749 994 2812 testas
1012 2751 1094 2813 sunt
1114 2743 1150 2814 S.
1170 2741 1393 2836 Magnutinus
1404 2739 1703 2836 archiepiscopus,
1720 2740 1757 2810 B.
1775 2738 1918 2834 patriar-

505 2868 570 2940 cha
586 2865 890 2960 Aquilegeusis,...
911 2865 1191 2960 salseburgensis
1209 2875 1245 2938 et
1329 2863 1640 2959 Magdebnrgensis
1655 2861 1915 2960 archiepiscopi,

505 2994 547 3065 E.
574 2990 891 3085 Papimbergeusis,
922 2991 958 3061 S.
993 2989 1251 3085 Ratispnneusis
1280 2990 1466 3086 imperialis
1493 2991 1573 3062 anie
1604 2988 1844 3080 cancellarius,

505 3115 777 3209 Herbipnlensis,
805 3115 848 3186 H.
873 3113 1138 3190 wormaciensis
1154 3115 1374 3211 episcopi,...
1396 3113 1625 3205 Frisingensis
1644 3113 1791 3204 electus,
1812 3111 1920 3185 abbas

503 3239 619 3312 Sancti
644 3238 750 3325 Galli,
778 3238 819 3310 A.
849 3236 925 3334 duri
944 3239 1114 3330 Saxonis,
1144 3239 1185 3311 0.
1216 3239 1369 3312 bleranie
1392 3249 1427 3314 et
1452 3241 1491 3312 B.
1521 3237 1700 3312 Kerintbie
1724 3236 1831 3310 duces
1851 3235 1915 3332 (d),

505 3385 618 3437 comes
637 3365 679 3434 Η.
704 3363 749 3436 de
772 3361 1001 3456 llnrteuberc,
1026 3385 1143 3438 comes
1160 3365 1204 3436 ll.
1231 3363 1277 3438 de
1297 3363 1559 3454 Scnhenburch‚
1587 3383 1704 3436 comes
1729 3363 1831 3436 Scine
1850 3359 1917 3458 (c),

503 3489 665 3562 Gerlacus
683 3489 728 3562 de
745 3490 934 3584 Butingen,
955 3489 996 3561 G.
1023 3489 1068 3563 de
1088 3489 1282 3582 Bdlaudin,
1307 3488 1518 3563 Guuzeliuus
1533 3488 1602 3584 (d),
1617 3489 1659 3562 G.
1675 3497 1709 3561 et
1723 3487 1762 3560 C.
1785 3487 1831 3561 de
1846 3488 1920 3560 ilo-

504 3613 692 3703 henlne,...
711 3613 876 3709 pincerne
893 3613 937 3686 de
955 3613 1217 3706 Winterstet,...
1240 3615 1405 3711 pincerna
1416 3613 1466 3688 de
1484 3613 1707 3708 Clingeburc,
1726 3611 1919 3687 Richardus

504 3738 729 3830 camerarius,
748 3739 855 3810 etalii
871 3761 976 3832 quam
996 3739 1124 3834 plnres.

551 3864 694 3958 Signum
715 3861 846 3936 domini
865 3862 1030 3936 Friderici
1053 3863 1199 3938 secundi
1222 3863 1284 3937 Dei
1313 3863 1422 3960 gratie
1443 3863 1660 3936 invictissimi
1685 3864 1919 3936 Romanorum

503 3988 716 4084 imperatoris
733 4007 868 4082 semper
886 3987 1044 4082 augusti,
1066 3987 1340 4086 (Monopmmmn)
1352 3989 1542 4062 Jerusalem
1559 3995 1596 4061 et
1609 3987 1724 4061 Sicilie
1739 3989 1843 4084 regis.

553 4113 625 4206 ligo
640 4112 798 4185 Siliridus
815 4111 860 4209 (e)
880 4112 1137 4209 Ratispnneusis
1158 4113 1354 4210 episcopus,
1376 4113 1564 4211 imperialis
1577 4113 1659 4187 aule
1673 4112 1912 4202 cancellarius,

547 4315 589 4396 (a)
612 4317 648 4376 ln
663 4317 754 4378 altero
766 4332 867 4394 cuma,
881 4317 981 4378 miuus
993 4323 1082 4378 recte.

546 4421 589 4504 (i)
611 4425 665 4485 Hic
679 4423 797 4485 additur
810 4427 842 4484 lu
855 4426 946 4485 altero
1012 4421 1139 4486 annm
1151 4421 1186 4485 dc
1199 4420 1309 4486 auden

548 4529 585 4609 (c)
612 4531 647 4590 ln
661 4531 751 4592 alteru
764 4533 829 4591 rice
841 4548 931 4592 ccam
949 4531 1035 4592 Scina
1046 4533 1155 4611 legitur
1167 4547 1258 4594 acuta
1324 4529 1359 4594 dc
1374 4527 1572 4596 Wuldeuierc.

547 4635 589 4716 (d)
612 4639 647 4699 ln
660 4637 751 4698 nlterc
767 4635 945 4698 Gaczcliaac
957 4639 1051 4700 demi.

546 4743 584 4824 (c)
611 4744 646 4804 Iu
659 4743 751 4804 altero
770 4743 888 4807 additur
900 4745 954 4806 lici
966 4745 1075 4828 pretim
