4320 5918
1021 527 1236 591 totototct
1262 528 1436 592 stcttttot
1745 531 1826 610 [llum
1844 531 1930 596 mu

1201 763 1248 838 ll.

603 935 728 1016 (Inedlt.
744 953 783 998 ex
796 935 864 998 cod.
874 935 1004 1000 Vlndob.
1014 933 1134 1016 philol,
1147 947 1181 1000 n·
1193 947 1264 1011 tot,
1277 937 1331 1001 tol.
1346 947 1405 1001 too
1419 938 1532 1020 vero.)

576 1163 760 1184 .......
780 1111 900 1184 Noster
916 1133 1058 1207 quoqne
1076 1110 1295 1208 predecessor
1308 1113 1439 1204 David,
1457 1135 1521 1188 rex
1539 1114 1689 1211 inclytus
1703 1113 1827 1208 lsrael,
1853 1137 1932 1188 cum

525 1233 732 1308 infatuatum
759 1255 837 1310 esse
860 1236 1040 1309 consilium
1062 1235 1246 1310 Absalonis
1267 1289 1389 1310 .....
1408 1239 1446 1310 in
1463 1239 1537 1312 suis
1563 1237 1727 1314 fidelibus
1746 1239 1931 1336 requievit,

524 1380 591 1432 noc
616 1361 835 1456 pertransivit
859 1381 978 1434 eorum
1008 1360 1177 1457 impunito
1205 1361 1379 1436 temeritas
1404 1363 1467 1459 qui
1489 1362 1699 1438 adheserunt
1722 1361 1794 1438 lilio
1818 1376 1934 1439 conon

525 1493 673 1580 patrem,
695 1484 802 1580 digna
827 1485 1051 1560 retributione
1073 1485 1292 1561 benemeritis
1314 1499 1548 1584 compensata.
1572 1488 1696 1583 Vigeut
1717 1488 1824 1584 igitur
1850 1486 1936 1563 fides

525 1619 640 1683 vestra
667 1632 732 1684 nec
756 1609 803 1684 ad
828 1619 990 1684 terrorem
1016 1611 1164 1704 alicujus
1184 1613 1379 1708 quatietur,
1407 1613 1560 1710 dampna
1588 1612 1739 1708 denique
1762 1635 1876 1688 rerum
1902 1624 1937 1686 et

526 1759 750 1834 personarum
776 1715 928 1834 periculo
945 1759 1015 1832 que
1031 1737 1144 1830 vobis,
1165 1740 1272 1814 immo
1290 1761 1436 1836 persone
1450 1749 1566 1814 nostre
1588 1741 1707 1836 pocius
1727 1741 1935 1832 inferuntur,

527 1863 722 1935 nullatenus
739 1857 918 1960 [tolerare]
937 1861 1102 1936 dubitetis
1117 1861 1180 1959 (a),
1195 1863 1278 1960 quia
1294 1885 1376 1939 ecce
1398 1866 1432 1936 in
1459 1865 1619 1962 proximo
1634 1865 1857 1962 personaliter
1872 1888 1938 1940 ve-

526 1987 663 2060 niemus
675 1986 796 2061 videre
813 1987 996 2084 imperinm
1014 1997 1170 2060 nostrum
1187 1998 1223 2062 et
1236 1998 1365 2063 statum
1382 1989 1538 2064 fidelium
1555 2000 1748 2066 nostrornm
1767 1991 1803 2064 in
1821 2001 1935 2088 optata

527 2111 771 2206 tranquillitate
786 2133 925 2186 servare
942 2133 984 2186 ac
1001 2133 1139 2186 omnem
1160 2114 1409 2210 persecutionis
1424 2116 1602 2189 materiem
1619 2115 1768 2190 abolere.
1788 2117 1875 2190 Nam
1891 2116 1935 2188 ud

527 2237 651 2310 miram
670 2236 932 2310 admirationem
955 2239 1123 2312 vertimur
1147 2248 1183 2312 et
1207 2249 1403 2336 stuporem,
1423 2239 1509 2336 quin
1545 2241 1661 2337 potius
1691 2262 1761 2314 non
1792 2239 1937 2314 erubes-

528 2383 606 2434 cere
627 2381 697 2434 non
719 2359 875 2434 valemus
895 2361 992 2456 qnod
1018 2360 1110 2436 lilius
1136 2373 1252 2438 noster
1271 2385 1376 2458 quem
1401 2363 1439 2436 in
1462 2373 1596 2438 uotum
1623 2364 1810 2439 dileximus
1835 2375 1876 2438 ut
1901 2367 1936 2438 in

526 2486 689 2582 aquilone
706 2485 825 2560 sedem
845 2507 944 2560 suam
964 2489 1131 2584 equaliter
1147 2509 1366 2585 pararemus,
1386 2490 1671 2586 preeminentiem
1688 2500 1804 2564 nostre
1821 2501 1938 2588 puter-

527 2611 642 2685 uitatis
660 2609 780 2706 incipit
796 2610 981 2684 abhorrere
998 2620 1038 2684 nt
1053 2611 1208 2686 fidelium
1235 2624 1429 2688 nostrorum
1449 2612 1731 2710 indempnitatem
1750 2625 1786 2688 et
1802 2637 1934 2712 pacem,

528 2735 713 2832 impatiens
729 2735 836 2808 nostri
851 2734 1015 2829 dominii,
1039 2759 1103 2834 per
1119 2738 1171 2811 ias
1186 2747 1222 2812 et
1239 2740 1335 2812 netas
1352 2739 1494 2836 incipiat
1506 2739 1719 2836 perturbare.
1738 2742 1850 2836 Super
1869 2761 1938 2837 qno

530 2859 657 2956 pietate
675 2865 817 2953 paterna
836 2877 1017 2931 movemur
1033 2869 1068 2932 ct
1087 2869 1279 2934 nostrorum
1297 2859 1452 2936 lidelinm
1468 2861 1723 2958 persecutiones
1740 2871 1776 2935 et
1790 2861 1939 2957 dampna

531 3005 600 3058 non
625 3005 810 3080 possumus
831 2983 962 3078 absque
984 2986 1221 3082 compassione
1239 2986 1346 3059 nimia
1370 2987 1595 3082 pertransire,
1615 2985 1819 3062 mandantes
1840 2988 1941 3061 vobis

532 3109 696 3206 quatinus
713 3109 748 3180 in
764 3107 927 3182 fidelitate
942 3117 1058 3181 nostra
1073 3109 1190 3183 debita
1202 3110 1294 3184 sicut
1310 3111 1486 3208 incepistis
1501 3121 1696 3186 constanter
1707 3113 1938 3208 persistentes,

533 3232 581 3308 ed
603 3232 787 3306 servicium
808 3241 843 3306 et
860 3232 1025 3306 honorem
1046 3243 1200 3308 nostrum
1219 3257 1283 3310 vos
1300 3235 1379 3309 totis
1397 3237 1579 3311 conatibus
1596 3235 1823 3334 impendatis,
1846 3257 1941 3310 com-

575 3410 617 3492 (a)
638 3405 1120 3476 lneodloeoullutnmdulitrot.

532 3705 564 3756 ut
576 3697 629 3757 sibi
641 3697 858 3772 dennoJ'urareot
869 3699 1236 3774 oteumjuvarentetetiam
1248 3701 1788 3778 sdstnrcntocutruquemlibetbominem
1796 3701 1939 3760 viventem.

534 3798 576 3856 td
589 3795 747 3872 quodcirca
759 3797 1941 3878 nnmimiterrespondemnt,produnteoseipsieiiurussesicutsuoregietdondm

533 3901 563 3954 et
572 3894 646 3968 quod
659 3893 730 3952 nulo
743 3893 822 3952 modo
833 3894 886 3954 sibi
899 3894 972 3954 aliud
983 3898 1166 3968 juramentum
1178 3897 1278 3956 vellent
1289 3913 1378 3972 neque
1392 3897 1524 3958 deberem
1534 3897 1633 3972 lucere,
1647 3897 1700 3958 nisi
1711 3897 1897 3974 prenominato
1915 3896 1941 3954 iu

534 3992 588 4050 b'oc
604 3997 684 4066 petre
697 4007 747 4050 suo
761 3992 868 4051 domino
882 3993 1058 4068 imperatore,
1071 4010 1152 4070 quem
1165 4011 1334 4071 nequaquam
1354 3995 1528 4056 excluderent
1542 3995 1602 4073 ipso
1617 3997 1734 4056 umente.
1745 3995 1785 4054 to
1802 3995 1875 4070 quod
1895 4011 1940 4052 rex

535 4091 673 4164 respondit
683 4091 755 4164 quod
769 4090 930 4148 mentionem
943 4091 1044 4148 domini
1057 4099 1086 4149 et
1096 4092 1234 4167 patrissui
1257 4093 1285 4150 ln
1300 4093 1352 4152 boc
1365 4093 1517 4168 iuramento
1535 4109 1588 4152 non
1604 4093 1765 4152 admitteret.
1784 4091 1864 4152 tbves
1880 4107 1943 4150 vero

534 4193 658 4260 respectu
670 4186 772 4259 justitie
785 4193 813 4245 et
822 4187 904 4245 etiam
915 4187 1063 4247 dlectionis
1082 4203 1164 4262 qnam
1177 4189 1315 4248 habebant
1333 4191 1369 4249 nd
1381 4191 1518 4250 dominum
1530 4191 1735 4267 imperatorem,
1747 4191 1837 4265 ipsum
1851 4189 1941 4247 exclu-

535 4283 601 4342 dere
617 4283 754 4342 nolebaut.
768 4285 864 4344 Postea
881 4285 972 4344 statim
993 4285 1067 4344 vonit
1084 4285 1207 4345 dominus
1227 4303 1276 4346 rex
1295 4287 1367 4364 apud
1385 4289 1569 4348 wormaciam
1587 4296 1616 4350 et
1628 4290 1726 4348 itemm
1745 4289 1943 4362 diligentissnne

535 4382 699 4441 commonuit
717 4382 790 4442 cives
802 4383 893 4443 multis
904 4385 984 4444 bonis
1000 4385 1234 4460 promissionibus,
1250 4393 1279 4446 et
1292 4387 1371 4446 etiam
1391 4387 1529 4447 includens
1542 4389 1582 4447 eis
1593 4388 1682 4446 minos
1701 4393 1730 4446 et
1749 4393 1875 4446 terrores.
1891 4386 1943 4445 Sed

535 4487 625 4540 tamen
642 4479 677 4538 ab
696 4496 789 4539 eorum
806 4483 943 4558 proposito
960 4499 1008 4542 eos
1026 4483 1137 4542 minime
1159 4499 1298 4544 mmovere
1319 4485 1436 4545 valebm
1452 4485 1726 4554 »inanimum
1740 4499 1786 4560 ap.
1799 4485 1942 4554 Bonum,

533 4574 862 4650 Fmte,t.11,p.tts.
884 4577 924 4636 ite
945 4576 1051 4636 damme
1070 4577 1169 4636 civiuti
1188 4579 1750 4656 postenmemeopriliebllcnricorege
1769 4576 1865 4650 fflnds,
1884 4577 1945 4637 vide

535 4669 656 4744 itident,
670 4689 699 4748 p.
716 4673 778 4733 tte.
