<?xml version="1.0" encoding="UTF-8"?>
<!DOCTYPE html PUBLIC "-//W3C//DTD XHTML 1.0 Transitional//EN"
    "http://www.w3.org/TR/xhtml1/DTD/xhtml1-transitional.dtd">
<html xmlns="http://www.w3.org/1999/xhtml" xml:lang="en" lang="en">
 <head>
  <title>
</title>
<meta http-equiv="Content-Type" content="text/html;charset=utf-8" />
  <meta name='ocr-system' content='tesseract 3.04.00' />
  <meta name='ocr-capabilities' content='ocr_page ocr_carea ocr_par ocr_line ocrx_word'/>
</head>
<body>
  <div class='ocr_page' id='page_1' title='image "./historiadiploma07fredgoog_0473.png"; bbox 0 0 4320 5918; ppageno 0'>
   <div class='ocr_carea' id='block_1_1' title="bbox 200 587 1695 3814">
    <p class='ocr_par' dir='ltr' id='par_1_1' title="bbox 200 587 1637 1072">
     <span class='ocr_line' id='line_1_1' title="bbox 200 587 1635 676; baseline -0.003 -19"><span class='ocrx_word' id='word_1_1' title='bbox 200 671 202 676; x_wconf 67' lang='lat'>,</span> <span class='ocrx_word' id='word_1_2' title='bbox 227 595 328 657; x_wconf 73' lang='lat' dir='ltr'>lentur.</span> <span class='ocrx_word' id='word_1_3' title='bbox 345 595 389 672; x_wconf 83' lang='lat' dir='ltr'>&#39;l.]</span> <span class='ocrx_word' id='word_1_4' title='bbox 677 589 878 654; x_wconf 77' lang='lat' dir='ltr'>HISTORIA</span> <span class='ocrx_word' id='word_1_5' title='bbox 896 587 1191 650; x_wconf 77' lang='lat' dir='ltr'>DlPLOMA&#39;l’lGA.</span> <span class='ocrx_word' id='word_1_6' title='bbox 1577 589 1635 652; x_wconf 72' lang='lat'>461</span> 
     </span>
     <span class='ocr_line' id='line_1_2' title="bbox 229 719 1637 820; baseline -0.001 -20"><span class='ocrx_word' id='word_1_7' title='bbox 229 727 334 802; x_wconf 86' lang='lat' dir='ltr'>debet</span> <span class='ocrx_word' id='word_1_8' title='bbox 348 726 445 800; x_wconf 86' lang='lat' dir='ltr'>curia</span> <span class='ocrx_word' id='word_1_9' title='bbox 455 725 659 820; x_wconf 75' lang='lat' dir='ltr'>congregari</span> <span class='ocrx_word' id='word_1_10' title='bbox 673 745 736 820; x_wconf 84' lang='lat' dir='ltr'>per</span> <span class='ocrx_word' id='word_1_11' title='bbox 748 723 904 798; x_wconf 86' lang='lat' dir='ltr'>diversas</span> <span class='ocrx_word' id='word_1_12' title='bbox 919 733 1035 820; x_wconf 87' lang='lat' dir='ltr'>partes</span> <span class='ocrx_word' id='word_1_13' title='bbox 1049 722 1170 816; x_wconf 77' lang='lat' dir='ltr'>regni:</span> <span class='ocrx_word' id='word_1_14' title='bbox 1188 719 1350 796; x_wconf 84' lang='lat' dir='ltr'>videlicet</span> <span class='ocrx_word' id='word_1_15' title='bbox 1363 722 1400 794; x_wconf 93' lang='lat' dir='ltr'>in</span> <span class='ocrx_word' id='word_1_16' title='bbox 1413 721 1527 796; x_wconf 83' lang='lat' dir='ltr'>Sicilia</span> <span class='ocrx_word' id='word_1_17' title='bbox 1540 725 1637 820; x_wconf 89' lang='lat' dir='ltr'>apud</span> 
     </span>
     <span class='ocr_line' id='line_1_3' title="bbox 227 845 1637 943; baseline -0.002 -19"><span class='ocrx_word' id='word_1_18' title='bbox 227 852 394 943; x_wconf 80' lang='lat' dir='ltr'>Placiam3</span> <span class='ocrx_word' id='word_1_19' title='bbox 421 851 457 922; x_wconf 94' lang='lat' dir='ltr'>in</span> <span class='ocrx_word' id='word_1_20' title='bbox 474 849 648 942; x_wconf 83' lang='lat' dir='ltr'>Calabria,</span> <span class='ocrx_word' id='word_1_21' title='bbox 673 859 764 923; x_wconf 84' lang='lat' dir='ltr'>terra</span> <span class='ocrx_word' id='word_1_22' title='bbox 777 847 938 924; x_wconf 89' lang='lat' dir='ltr'>Giordani</span> <span class='ocrx_word' id='word_1_23' title='bbox 954 857 989 922; x_wconf 85' lang='lat' dir='ltr'>et</span> <span class='ocrx_word' id='word_1_24' title='bbox 1001 848 1098 920; x_wconf 87' lang='lat' dir='ltr'>vallis</span> <span class='ocrx_word' id='word_1_25' title='bbox 1115 847 1222 920; x_wconf 87' lang='lat' dir='ltr'>Gratis</span> <span class='ocrx_word' id='word_1_26' title='bbox 1237 845 1334 942; x_wconf 93' lang='lat' dir='ltr'>apud</span> <span class='ocrx_word' id='word_1_27' title='bbox 1346 847 1578 938; x_wconf 82' lang='lat' dir='ltr'>Consentiam3</span> <span class='ocrx_word' id='word_1_28' title='bbox 1600 849 1637 921; x_wconf 95' lang='lat' dir='ltr'>in</span> 
     </span>
     <span class='ocr_line' id='line_1_4' title="bbox 227 970 1637 1072; baseline -0.001 -24"><span class='ocrx_word' id='word_1_29' title='bbox 227 974 372 1072; x_wconf 80' lang='lat' dir='ltr'>Apulia,</span> <span class='ocrx_word' id='word_1_30' title='bbox 399 975 617 1071; x_wconf 86' lang='lat' dir='ltr'>Capitanata,</span> <span class='ocrx_word' id='word_1_31' title='bbox 643 983 678 1047; x_wconf 88' lang='lat' dir='ltr'>ot</span> <span class='ocrx_word' id='word_1_32' title='bbox 695 975 875 1048; x_wconf 86' lang='lat' dir='ltr'>Basilicata</span> <span class='ocrx_word' id='word_1_33' title='bbox 896 971 991 1069; x_wconf 89' lang='lat' dir='ltr'>apud</span> <span class='ocrx_word' id='word_1_34' title='bbox 1010 970 1217 1062; x_wconf 78' lang='lat' dir='ltr'>Gravinam3</span> <span class='ocrx_word' id='word_1_35' title='bbox 1243 972 1279 1043; x_wconf 94' lang='lat' dir='ltr'>in</span> <span class='ocrx_word' id='word_1_36' title='bbox 1297 972 1511 1068; x_wconf 83' lang='lat' dir='ltr'>Principatu,</span> <span class='ocrx_word' id='word_1_37' title='bbox 1535 975 1637 1047; x_wconf 85' lang='lat' dir='ltr'>Terra</span> 
     </span>
    </p>

    <p class='ocr_par' dir='ltr' id='par_1_2' title="bbox 213 1096 1695 3814">
     <span class='ocr_line' id='line_1_5' title="bbox 213 1096 1630 1194; baseline -0.002 -22"><span class='ocrx_word' id='word_1_38' title='bbox 213 1099 368 1172; x_wconf 34' lang='lat' dir='ltr'>*Laboris</span> <span class='ocrx_word' id='word_1_39' title='bbox 383 1111 417 1171; x_wconf 88' lang='lat' dir='ltr'>et</span> <span class='ocrx_word' id='word_1_40' title='bbox 430 1098 594 1171; x_wconf 75' lang='lat' dir='ltr'>munitatu</span> <span class='ocrx_word' id='word_1_41' title='bbox 608 1097 731 1172; x_wconf 84' lang='lat' dir='ltr'>Molisii</span> <span class='ocrx_word' id='word_1_42' title='bbox 743 1097 911 1194; x_wconf 84' lang='lat' dir='ltr'>usquead</span> <span class='ocrx_word' id='word_1_43' title='bbox 926 1099 1045 1170; x_wconf 82' lang='lat' dir='ltr'>Soram</span> <span class='ocrx_word' id='word_1_44' title='bbox 1059 1096 1155 1192; x_wconf 89' lang='lat' dir='ltr'>apud</span> <span class='ocrx_word' id='word_1_45' title='bbox 1167 1097 1359 1190; x_wconf 86' lang='lat' dir='ltr'>Salemum;</span> <span class='ocrx_word' id='word_1_46' title='bbox 1377 1096 1412 1166; x_wconf 93' lang='lat' dir='ltr'>in</span> <span class='ocrx_word' id='word_1_47' title='bbox 1419 1097 1630 1189; x_wconf 86' lang='lat' dir='ltr'>justitiaratu</span> 
     </span>
     <span class='ocr_line' id='line_1_6' title="bbox 226 1219 1633 1318; baseline -0.001 -24"><span class='ocrx_word' id='word_1_48' title='bbox 226 1222 360 1318; x_wconf 83' lang='lat' dir='ltr'>Aprutii</span> <span class='ocrx_word' id='word_1_49' title='bbox 378 1221 474 1318; x_wconf 86' lang='lat' dir='ltr'>apud</span> <span class='ocrx_word' id='word_1_50' title='bbox 485 1223 699 1295; x_wconf 87' lang='lat' dir='ltr'>Sulmonam.</span> <span class='ocrx_word' id='word_1_51' title='bbox 718 1224 869 1318; x_wconf 83' lang='lat' dir='ltr'>Tempus</span> <span class='ocrx_word' id='word_1_52' title='bbox 881 1219 1145 1315; x_wconf 88' lang='lat' dir='ltr'>autemquando</span> <span class='ocrx_word' id='word_1_53' title='bbox 1158 1221 1253 1293; x_wconf 88' lang='lat' dir='ltr'>curie</span> <span class='ocrx_word' id='word_1_54' title='bbox 1268 1229 1351 1292; x_wconf 89' lang='lat' dir='ltr'>sunt</span> <span class='ocrx_word' id='word_1_55' title='bbox 1365 1219 1633 1294; x_wconf 87' lang='lat' dir='ltr'>celebrandeest</span> 
     </span>
     <span class='ocr_line' id='line_1_7' title="bbox 227 1345 1632 1443; baseline 0 -25"><span class='ocrx_word' id='word_1_56' title='bbox 227 1347 264 1420; x_wconf 90' lang='lat' dir='ltr'>in</span> <span class='ocrx_word' id='word_1_57' title='bbox 284 1348 436 1422; x_wconf 87' lang='lat' dir='ltr'>calendis</span> <span class='ocrx_word' id='word_1_58' title='bbox 451 1347 532 1419; x_wconf 90' lang='lat' dir='ltr'>maii</span> <span class='ocrx_word' id='word_1_59' title='bbox 552 1360 586 1420; x_wconf 88' lang='lat' dir='ltr'>et</span> <span class='ocrx_word' id='word_1_60' title='bbox 603 1347 640 1418; x_wconf 96' lang='lat' dir='ltr'>in</span> <span class='ocrx_word' id='word_1_61' title='bbox 654 1347 808 1421; x_wconf 90' lang='lat' dir='ltr'>calendis</span> <span class='ocrx_word' id='word_1_62' title='bbox 827 1345 1023 1422; x_wconf 83' lang='lat' dir='ltr'>novembris</span> <span class='ocrx_word' id='word_1_63' title='bbox 1035 1345 1100 1443; x_wconf 84' lang='lat' dir='ltr'>(a).</span> <span class='ocrx_word' id='word_1_64' title='bbox 1123 1347 1173 1420; x_wconf 82' lang='lat' dir='ltr'>lle</span> <span class='ocrx_word' id='word_1_65' title='bbox 1185 1345 1340 1440; x_wconf 88' lang='lat' dir='ltr'>qualibet</span> <span class='ocrx_word' id='word_1_66' title='bbox 1353 1367 1479 1440; x_wconf 79' lang='lat' dir='ltr'>magna</span> <span class='ocrx_word' id='word_1_67' title='bbox 1493 1347 1632 1420; x_wconf 85' lang='lat' dir='ltr'>civitate</span> 
     </span>
     <span class='ocr_line' id='line_1_8' title="bbox 228 1469 1635 1568; baseline 0 -24"><span class='ocrx_word' id='word_1_68' title='bbox 228 1470 356 1546; x_wconf 84' lang='lat' dir='ltr'>debent</span> <span class='ocrx_word' id='word_1_69' title='bbox 372 1493 449 1545; x_wconf 89' lang='lat' dir='ltr'>esse</span> <span class='ocrx_word' id='word_1_70' title='bbox 465 1472 502 1544; x_wconf 93' lang='lat' dir='ltr'>in</span> <span class='ocrx_word' id='word_1_71' title='bbox 516 1470 647 1545; x_wconf 88' lang='lat' dir='ltr'>eisdem</span> <span class='ocrx_word' id='word_1_72' title='bbox 666 1493 728 1568; x_wconf 88' lang='lat' dir='ltr'>pru</span> <span class='ocrx_word' id='word_1_73' title='bbox 750 1481 846 1568; x_wconf 86' lang='lat' dir='ltr'>parte</span> <span class='ocrx_word' id='word_1_74' title='bbox 870 1471 1103 1544; x_wconf 88' lang='lat' dir='ltr'>universitatis</span> <span class='ocrx_word' id='word_1_75' title='bbox 1119 1479 1268 1565; x_wconf 88' lang='lat' dir='ltr'>quatuor</span> <span class='ocrx_word' id='word_1_76' title='bbox 1283 1469 1350 1542; x_wconf 93' lang='lat' dir='ltr'>viri</span> <span class='ocrx_word' id='word_1_77' title='bbox 1369 1469 1414 1543; x_wconf 89' lang='lat' dir='ltr'>de</span> <span class='ocrx_word' id='word_1_78' title='bbox 1434 1471 1635 1544; x_wconf 89' lang='lat' dir='ltr'>melioribus</span> 
     </span>
     <span class='ocr_line' id='line_1_9' title="bbox 225 1593 1630 1691; baseline -0.001 -22"><span class='ocrx_word' id='word_1_79' title='bbox 225 1603 332 1687; x_wconf 65' lang='lat' dir='ltr'>mure,</span> <span class='ocrx_word' id='word_1_80' title='bbox 356 1596 448 1670; x_wconf 90' lang='lat' dir='ltr'>bone</span> <span class='ocrx_word' id='word_1_81' title='bbox 463 1595 544 1670; x_wconf 89' lang='lat' dir='ltr'>lidei</span> <span class='ocrx_word' id='word_1_82' title='bbox 562 1596 705 1670; x_wconf 86' lang='lat' dir='ltr'>othone</span> <span class='ocrx_word' id='word_1_83' title='bbox 725 1595 897 1691; x_wconf 78' lang='lat' dir='ltr'>opinionis</span> <span class='ocrx_word' id='word_1_84' title='bbox 909 1605 944 1669; x_wconf 87' lang='lat' dir='ltr'>et</span> <span class='ocrx_word' id='word_1_85' title='bbox 957 1597 1019 1691; x_wconf 90' lang='lat' dir='ltr'>qui</span> <span class='ocrx_word' id='word_1_86' title='bbox 1033 1617 1102 1668; x_wconf 92' lang='lat' dir='ltr'>non</span> <span class='ocrx_word' id='word_1_87' title='bbox 1120 1595 1189 1667; x_wconf 87' lang='lat' dir='ltr'>sint</span> <span class='ocrx_word' id='word_1_88' title='bbox 1208 1593 1254 1668; x_wconf 85' lang='lat' dir='ltr'>da</span> <span class='ocrx_word' id='word_1_89' title='bbox 1268 1603 1378 1690; x_wconf 83' lang='lat' dir='ltr'>parto.</span> <span class='ocrx_word' id='word_1_90' title='bbox 1394 1597 1444 1668; x_wconf 84' lang='lat' dir='ltr'>De</span> <span class='ocrx_word' id='word_1_91' title='bbox 1457 1595 1630 1670; x_wconf 82' lang='lat' dir='ltr'>aliis&#39;vem</span> 
     </span>
     <span class='ocr_line' id='line_1_10' title="bbox 226 1719 1629 1816; baseline 0.001 -25"><span class='ocrx_word' id='word_1_92' title='bbox 226 1741 296 1792; x_wconf 92' lang='lat' dir='ltr'>nun</span> <span class='ocrx_word' id='word_1_93' title='bbox 312 1721 447 1816; x_wconf 81' lang='lat' dir='ltr'>magnis</span> <span class='ocrx_word' id='word_1_94' title='bbox 470 1731 505 1794; x_wconf 91' lang='lat' dir='ltr'>et</span> <span class='ocrx_word' id='word_1_95' title='bbox 525 1721 672 1794; x_wconf 84' lang='lat' dir='ltr'>castellis</span> <span class='ocrx_word' id='word_1_96' title='bbox 688 1719 816 1794; x_wconf 86' lang='lat' dir='ltr'>debent</span> <span class='ocrx_word' id='word_1_97' title='bbox 836 1719 907 1794; x_wconf 88' lang='lat' dir='ltr'>duo</span> <span class='ocrx_word' id='word_1_98' title='bbox 922 1720 1025 1793; x_wconf 90' lang='lat' dir='ltr'>etiam</span> <span class='ocrx_word' id='word_1_99' title='bbox 1045 1720 1081 1792; x_wconf 93' lang='lat' dir='ltr'>in</span> <span class='ocrx_word' id='word_1_100' title='bbox 1104 1719 1170 1792; x_wconf 89' lang='lat' dir='ltr'>hac</span> <span class='ocrx_word' id='word_1_101' title='bbox 1189 1719 1286 1794; x_wconf 87' lang='lat' dir='ltr'>curia</span> <span class='ocrx_word' id='word_1_102' title='bbox 1307 1721 1481 1794; x_wconf 85' lang='lat' dir='ltr'>interesse.</span> <span class='ocrx_word' id='word_1_103' title='bbox 1504 1720 1629 1793; x_wconf 76' lang='lat' dir='ltr'>Prolati</span> 
     </span>
     <span class='ocr_line' id='line_1_11' title="bbox 226 1841 1635 1944; baseline -0.001 -26"><span class='ocrx_word' id='word_1_104' title='bbox 226 1841 354 1944; x_wconf 87' lang='lat' dir='ltr'>[vero],</span> <span class='ocrx_word' id='word_1_105' title='bbox 379 1845 449 1917; x_wconf 91' lang='lat' dir='ltr'>nisi</span> <span class='ocrx_word' id='word_1_106' title='bbox 467 1855 595 1918; x_wconf 89' lang='lat' dir='ltr'>certam</span> <span class='ocrx_word' id='word_1_107' title='bbox 609 1845 868 1919; x_wconf 86' lang='lat' dir='ltr'>excusationem</span> <span class='ocrx_word' id='word_1_108' title='bbox 880 1845 1028 1918; x_wconf 87' lang='lat' dir='ltr'>habeant</span> <span class='ocrx_word' id='word_1_109' title='bbox 1043 1843 1138 1939; x_wconf 93' lang='lat' dir='ltr'>quod</span> <span class='ocrx_word' id='word_1_110' title='bbox 1154 1845 1317 1917; x_wconf 79' lang='lat' dir='ltr'>intonasse</span> <span class='ocrx_word' id='word_1_111' title='bbox 1330 1865 1400 1917; x_wconf 96' lang='lat' dir='ltr'>non</span> <span class='ocrx_word' id='word_1_112' title='bbox 1414 1853 1574 1940; x_wconf 76' lang='lat' dir='ltr'>possunt3</span> <span class='ocrx_word' id='word_1_113' title='bbox 1600 1855 1635 1918; x_wconf 86' lang='lat' dir='ltr'>et</span> 
     </span>
     <span class='ocr_line' id='line_1_12' title="bbox 225 1968 1635 2066; baseline 0.001 -25"><span class='ocrx_word' id='word_1_114' title='bbox 225 1969 315 2042; x_wconf 91' lang='lat' dir='ltr'>hanc</span> <span class='ocrx_word' id='word_1_115' title='bbox 333 1970 592 2042; x_wconf 83' lang='lat' dir='ltr'>excusationem</span> <span class='ocrx_word' id='word_1_116' title='bbox 616 1970 750 2044; x_wconf 84' lang='lat' dir='ltr'>mittent</span> <span class='ocrx_word' id='word_1_117' title='bbox 777 1991 840 2066; x_wconf 86' lang='lat' dir='ltr'>per</span> <span class='ocrx_word' id='word_1_118' title='bbox 867 1969 1084 2044; x_wconf 82' lang='lat' dir='ltr'>honorabiles</span> <span class='ocrx_word' id='word_1_119' title='bbox 1102 1989 1265 2066; x_wconf 88' lang='lat' dir='ltr'>personas</span> <span class='ocrx_word' id='word_1_120' title='bbox 1278 1979 1313 2042; x_wconf 89' lang='lat' dir='ltr'>at</span> <span class='ocrx_word' id='word_1_121' title='bbox 1329 1968 1374 2042; x_wconf 87' lang='lat' dir='ltr'>de</span> <span class='ocrx_word' id='word_1_122' title='bbox 1393 1969 1581 2062; x_wconf 88' lang='lat' dir='ltr'>majoribus</span> <span class='ocrx_word' id='word_1_123' title='bbox 1601 1980 1635 2043; x_wconf 91' lang='lat' dir='ltr'>et</span> 
     </span>
     <span class='ocr_line' id='line_1_13' title="bbox 224 2091 1633 2190; baseline 0.002 -26"><span class='ocrx_word' id='word_1_124' title='bbox 224 2092 426 2166; x_wconf 89' lang='lat' dir='ltr'>melioribus</span> <span class='ocrx_word' id='word_1_125' title='bbox 438 2093 662 2167; x_wconf 85' lang='lat' dir='ltr'>ecclesiarum</span> <span class='ocrx_word' id='word_1_126' title='bbox 678 2115 819 2168; x_wconf 89' lang='lat' dir='ltr'>suarum</span> <span class='ocrx_word' id='word_1_127' title='bbox 837 2095 899 2189; x_wconf 92' lang='lat' dir='ltr'>qni</span> <span class='ocrx_word' id='word_1_128' title='bbox 913 2095 1103 2167; x_wconf 84' lang='lat' dir='ltr'>intererunt</span> <span class='ocrx_word' id='word_1_129' title='bbox 1122 2095 1197 2167; x_wconf 90' lang='lat' dir='ltr'>loco</span> <span class='ocrx_word' id='word_1_130' title='bbox 1212 2093 1266 2166; x_wconf 91' lang='lat' dir='ltr'>sui</span> <span class='ocrx_word' id='word_1_131' title='bbox 1282 2091 1342 2190; x_wconf 81' lang='lat' dir='ltr'>(l).</span> <span class='ocrx_word' id='word_1_132' title='bbox 1365 2093 1513 2167; x_wconf 79' lang='lat' dir='ltr'>Comites</span> <span class='ocrx_word' id='word_1_133' title='bbox 1529 2095 1633 2167; x_wconf 85' lang='lat' dir='ltr'>etiam</span> 
     </span>
     <span class='ocr_line' id='line_1_14' title="bbox 224 2216 1634 2313; baseline 0.001 -24"><span class='ocrx_word' id='word_1_134' title='bbox 224 2217 414 2291; x_wconf 80' lang='lat' dir='ltr'>etherones</span> <span class='ocrx_word' id='word_1_135' title='bbox 424 2219 576 2291; x_wconf 88' lang='lat' dir='ltr'>locorum</span> <span class='ocrx_word' id='word_1_136' title='bbox 589 2216 914 2292; x_wconf 85' lang='lat' dir='ltr'>debenthniuourie</span> <span class='ocrx_word' id='word_1_137' title='bbox 926 2219 1108 2311; x_wconf 84' lang='lat' dir='ltr'>interesse;</span> <span class='ocrx_word' id='word_1_138' title='bbox 1124 2229 1159 2290; x_wconf 86' lang='lat' dir='ltr'>et</span> <span class='ocrx_word' id='word_1_139' title='bbox 1167 2217 1308 2293; x_wconf 85' lang='lat' dir='ltr'>durabit</span> <span class='ocrx_word' id='word_1_140' title='bbox 1316 2219 1412 2292; x_wconf 90' lang='lat' dir='ltr'>curia</span> <span class='ocrx_word' id='word_1_141' title='bbox 1428 2239 1488 2313; x_wconf 89' lang='lat' dir='ltr'>per</span> <span class='ocrx_word' id='word_1_142' title='bbox 1499 2229 1576 2292; x_wconf 88' lang='lat' dir='ltr'>octo</span> <span class='ocrx_word' id='word_1_143' title='bbox 1589 2217 1634 2313; x_wconf 92' lang='lat' dir='ltr'>(c)</span> 
     </span>
     <span class='ocr_line' id='line_1_15' title="bbox 226 2341 1635 2440; baseline -0.001 -26"><span class='ocrx_word' id='word_1_144' title='bbox 226 2341 302 2414; x_wconf 85' lang='lat' dir='ltr'>dias</span> <span class='ocrx_word' id='word_1_145' title='bbox 317 2343 373 2416; x_wconf 87' lang='lat' dir='ltr'>vel</span> <span class='ocrx_word' id='word_1_146' title='bbox 389 2342 420 2415; x_wconf 88' lang='lat' dir='ltr'>si</span> <span class='ocrx_word' id='word_1_147' title='bbox 442 2363 512 2416; x_wconf 95' lang='lat' dir='ltr'>non</span> <span class='ocrx_word' id='word_1_148' title='bbox 531 2351 690 2439; x_wconf 88' lang='lat' dir='ltr'>poterunt</span> <span class='ocrx_word' id='word_1_149' title='bbox 707 2343 796 2416; x_wconf 90' lang='lat' dir='ltr'>intra</span> <span class='ocrx_word' id='word_1_150' title='bbox 819 2343 895 2417; x_wconf 89' lang='lat' dir='ltr'>dies</span> <span class='ocrx_word' id='word_1_151' title='bbox 915 2343 1008 2438; x_wconf 87' lang='lat' dir='ltr'>ipsos</span> <span class='ocrx_word' id='word_1_152' title='bbox 1030 2341 1188 2440; x_wconf 81' lang='lat' dir='ltr'>expediri</span> <span class='ocrx_word' id='word_1_153' title='bbox 1210 2344 1365 2438; x_wconf 80' lang='lat' dir='ltr'>negotiu,</span> <span class='ocrx_word' id='word_1_154' title='bbox 1393 2343 1635 2438; x_wconf 79' lang='lat' dir='ltr'>prorogabitur</span> 
     </span>
     <span class='ocr_line' id='line_1_16' title="bbox 225 2465 1633 2562; baseline 0.001 -26"><span class='ocrx_word' id='word_1_155' title='bbox 225 2466 395 2560; x_wconf 86' lang='lat' dir='ltr'>usquead</span> <span class='ocrx_word' id='word_1_156' title='bbox 413 2465 626 2562; x_wconf 90' lang='lat' dir='ltr'>quindecim.</span> <span class='ocrx_word' id='word_1_157' title='bbox 648 2468 688 2540; x_wconf 94' lang='lat' dir='ltr'>ln</span> <span class='ocrx_word' id='word_1_158' title='bbox 701 2467 768 2542; x_wconf 90' lang='lat' dir='ltr'>hac</span> <span class='ocrx_word' id='word_1_159' title='bbox 784 2468 878 2542; x_wconf 91' lang='lat' dir='ltr'>curia</span> <span class='ocrx_word' id='word_1_160' title='bbox 901 2468 1047 2540; x_wconf 88' lang='lat' dir='ltr'>liberum</span> <span class='ocrx_word' id='word_1_161' title='bbox 1069 2467 1133 2540; x_wconf 89' lang='lat' dir='ltr'>crit</span> <span class='ocrx_word' id='word_1_162' title='bbox 1145 2468 1287 2540; x_wconf 86' lang='lat' dir='ltr'>cuilibet</span> <span class='ocrx_word' id='word_1_163' title='bbox 1303 2477 1373 2542; x_wconf 92' lang='lat' dir='ltr'>tam</span> <span class='ocrx_word' id='word_1_164' title='bbox 1388 2468 1512 2542; x_wconf 89' lang='lat' dir='ltr'>clerico</span> <span class='ocrx_word' id='word_1_165' title='bbox 1527 2489 1633 2561; x_wconf 90' lang='lat' dir='ltr'>quam</span> 
     </span>
     <span class='ocr_line' id='line_1_17' title="bbox 224 2587 1634 2688; baseline 0.003 -28"><span class='ocrx_word' id='word_1_166' title='bbox 224 2587 311 2664; x_wconf 83' lang='lat' dir='ltr'>laico</span> <span class='ocrx_word' id='word_1_167' title='bbox 326 2611 517 2686; x_wconf 88' lang='lat' dir='ltr'>proponere</span> <span class='ocrx_word' id='word_1_168' title='bbox 536 2592 740 2686; x_wconf 80' lang='lat' dir='ltr'>gravamina</span> <span class='ocrx_word' id='word_1_169' title='bbox 763 2613 832 2688; x_wconf 90' lang='lat' dir='ltr'>que</span> <span class='ocrx_word' id='word_1_170' title='bbox 853 2591 1093 2666; x_wconf 86' lang='lat' dir='ltr'>sustinuerunt</span> <span class='ocrx_word' id='word_1_171' title='bbox 1118 2601 1188 2664; x_wconf 85' lang='lat' dir='ltr'>tam</span> <span class='ocrx_word' id='word_1_172' title='bbox 1207 2613 1229 2664; x_wconf 92' lang='lat' dir='ltr'>a</span> <span class='ocrx_word' id='word_1_173' title='bbox 1250 2591 1435 2684; x_wconf 76' lang='lat' dir='ltr'>instillatio</span> <span class='ocrx_word' id='word_1_174' title='bbox 1457 2591 1634 2688; x_wconf 87' lang='lat' dir='ltr'>provincie</span> 
     </span>
     <span class='ocr_line' id='line_1_18' title="bbox 224 2714 1635 2812; baseline 0.004 -27"><span class='ocrx_word' id='word_1_175' title='bbox 224 2735 329 2808; x_wconf 91' lang='lat' dir='ltr'>quam</span> <span class='ocrx_word' id='word_1_176' title='bbox 341 2714 387 2786; x_wconf 83' lang='lat' dir='ltr'>ab</span> <span class='ocrx_word' id='word_1_177' title='bbox 401 2715 563 2788; x_wconf 91' lang='lat' dir='ltr'>omnibus</span> <span class='ocrx_word' id='word_1_178' title='bbox 576 2715 652 2789; x_wconf 89' lang='lat' dir='ltr'>aliis</span> <span class='ocrx_word' id='word_1_179' title='bbox 668 2716 893 2810; x_wconf 79' lang='lat' dir='ltr'>officialibus3</span> <span class='ocrx_word' id='word_1_180' title='bbox 919 2717 1065 2790; x_wconf 88' lang='lat' dir='ltr'>liberum</span> <span class='ocrx_word' id='word_1_181' title='bbox 1080 2716 1183 2789; x_wconf 89' lang='lat' dir='ltr'>etiam</span> <span class='ocrx_word' id='word_1_182' title='bbox 1195 2717 1260 2788; x_wconf 87' lang='lat' dir='ltr'>erit</span> <span class='ocrx_word' id='word_1_183' title='bbox 1271 2716 1398 2810; x_wconf 90' lang='lat' dir='ltr'>cuique</span> <span class='ocrx_word' id='word_1_184' title='bbox 1413 2717 1576 2812; x_wconf 86' lang='lat' dir='ltr'>conqueri</span> <span class='ocrx_word' id='word_1_185' title='bbox 1590 2715 1635 2790; x_wconf 89' lang='lat' dir='ltr'>de</span> 
     </span>
     <span class='ocr_line' id='line_1_19' title="bbox 225 2835 1632 2938; baseline 0.004 -29"><span class='ocrx_word' id='word_1_186' title='bbox 225 2835 361 2910; x_wconf 88' lang='lat' dir='ltr'>damnis</span> <span class='ocrx_word' id='word_1_187' title='bbox 371 2847 407 2911; x_wconf 85' lang='lat' dir='ltr'>et</span> <span class='ocrx_word' id='word_1_188' title='bbox 417 2839 553 2933; x_wconf 75' lang='lat' dir='ltr'>inJuriis</span> <span class='ocrx_word' id='word_1_189' title='bbox 566 2851 601 2914; x_wconf 88' lang='lat' dir='ltr'>at</span> <span class='ocrx_word' id='word_1_190' title='bbox 612 2862 836 2938; x_wconf 87' lang='lat' dir='ltr'>quocumque</span> <span class='ocrx_word' id='word_1_191' title='bbox 845 2843 913 2915; x_wconf 88' lang='lat' dir='ltr'>alio</span> <span class='ocrx_word' id='word_1_192' title='bbox 925 2863 1075 2914; x_wconf 84' lang='lat' dir='ltr'>excessu</span> <span class='ocrx_word' id='word_1_193' title='bbox 1085 2841 1121 2912; x_wconf 92' lang='lat' dir='ltr'>in</span> <span class='ocrx_word' id='word_1_194' title='bbox 1137 2862 1281 2935; x_wconf 90' lang='lat' dir='ltr'>persona</span> <span class='ocrx_word' id='word_1_195' title='bbox 1292 2851 1327 2912; x_wconf 87' lang='lat' dir='ltr'>et</span> <span class='ocrx_word' id='word_1_196' title='bbox 1339 2841 1440 2914; x_wconf 90' lang='lat' dir='ltr'>bunis</span> <span class='ocrx_word' id='word_1_197' title='bbox 1453 2842 1526 2914; x_wconf 91' lang='lat' dir='ltr'>suis</span> <span class='ocrx_word' id='word_1_198' title='bbox 1538 2864 1632 2915; x_wconf 91' lang='lat' dir='ltr'>corn·</span> 
     </span>
     <span class='ocr_line' id='line_1_20' title="bbox 223 2961 1631 3062; baseline 0.006 -30"><span class='ocrx_word' id='word_1_199' title='bbox 223 2961 350 3036; x_wconf 89' lang='lat' dir='ltr'>missis.</span> <span class='ocrx_word' id='word_1_200' title='bbox 372 2965 411 3036; x_wconf 92' lang='lat' dir='ltr'>ln</span> <span class='ocrx_word' id='word_1_201' title='bbox 431 2963 498 3039; x_wconf 94' lang='lat' dir='ltr'>hac</span> <span class='ocrx_word' id='word_1_202' title='bbox 516 2965 613 3039; x_wconf 87' lang='lat' dir='ltr'>curia</span> <span class='ocrx_word' id='word_1_203' title='bbox 632 2966 697 3039; x_wconf 88' lang='lat' dir='ltr'>erit</span> <span class='ocrx_word' id='word_1_204' title='bbox 710 2966 859 3040; x_wconf 88' lang='lat' dir='ltr'>nuncius</span> <span class='ocrx_word' id='word_1_205' title='bbox 877 2966 1070 3062; x_wconf 85' lang='lat' dir='ltr'>specialiter</span> <span class='ocrx_word' id='word_1_206' title='bbox 1079 2965 1126 3040; x_wconf 90' lang='lat' dir='ltr'>de</span> <span class='ocrx_word' id='word_1_207' title='bbox 1139 2967 1245 3038; x_wconf 87' lang='lat' dir='ltr'>latere</span> <span class='ocrx_word' id='word_1_208' title='bbox 1262 2974 1378 3038; x_wconf 92' lang='lat' dir='ltr'>nostro</span> <span class='ocrx_word' id='word_1_209' title='bbox 1393 2966 1631 3059; x_wconf 75' lang='lat' dir='ltr'>nansmissns3</span> 
     </span>
     <span class='ocr_line' id='line_1_21' title="bbox 223 3088 1634 3188; baseline 0.006 -31"><span class='ocrx_word' id='word_1_210' title='bbox 223 3105 304 3158; x_wconf 88' lang='lat' dir='ltr'>cum</span> <span class='ocrx_word' id='word_1_211' title='bbox 323 3088 514 3180; x_wconf 86' lang='lat' dir='ltr'>justiciario</span> <span class='ocrx_word' id='word_1_212' title='bbox 531 3091 684 3164; x_wconf 91' lang='lat' dir='ltr'>locorum</span> <span class='ocrx_word' id='word_1_213' title='bbox 708 3093 773 3166; x_wconf 85' lang='lat' dir='ltr'>iste</span> <span class='ocrx_word' id='word_1_214' title='bbox 798 3093 948 3168; x_wconf 89' lang='lat' dir='ltr'>nuncius</span> <span class='ocrx_word' id='word_1_215' title='bbox 972 3092 1099 3166; x_wconf 87' lang='lat' dir='ltr'>scribat</span> <span class='ocrx_word' id='word_1_216' title='bbox 1121 3112 1240 3164; x_wconf 89' lang='lat' dir='ltr'>omnes</span> <span class='ocrx_word' id='word_1_217' title='bbox 1258 3090 1423 3164; x_wconf 86' lang='lat' dir='ltr'>clamores</span> <span class='ocrx_word' id='word_1_218' title='bbox 1440 3093 1634 3188; x_wconf 88' lang='lat' dir='ltr'>propositos</span> 
     </span>
     <span class='ocr_line' id='line_1_22' title="bbox 223 3201 1695 3312; baseline 0.005 -30"><span class='ocrx_word' id='word_1_219' title='bbox 223 3221 341 3286; x_wconf 89' lang='lat' dir='ltr'>contra</span> <span class='ocrx_word' id='word_1_220' title='bbox 358 3214 539 3308; x_wconf 78' lang='lat' dir='ltr'>magistros</span> <span class='ocrx_word' id='word_1_221' title='bbox 551 3217 776 3311; x_wconf 87' lang='lat' dir='ltr'>justiciarius,</span> <span class='ocrx_word' id='word_1_222' title='bbox 805 3229 970 3310; x_wconf 86' lang='lat' dir='ltr'>secretus,</span> <span class='ocrx_word' id='word_1_223' title='bbox 998 3218 1176 3312; x_wconf 80' lang='lat' dir='ltr'>magistms</span> <span class='ocrx_word' id='word_1_224' title='bbox 1201 3238 1336 3290; x_wconf 87' lang='lat' dir='ltr'>camere</span> <span class='ocrx_word' id='word_1_225' title='bbox 1352 3227 1387 3290; x_wconf 88' lang='lat' dir='ltr'>et</span> <span class='ocrx_word' id='word_1_226' title='bbox 1406 3227 1537 3292; x_wconf 83' lang='lat' dir='ltr'>ceteros</span> <span class='ocrx_word' id='word_1_227' title='bbox 1552 3218 1631 3292; x_wconf 88' lang='lat' dir='ltr'>offi-</span> <span class='ocrx_word' id='word_1_228' title='bbox 1690 3201 1695 3213; x_wconf 75' lang='grc'>’</span> 
     </span>
     <span class='ocr_line' id='line_1_23' title="bbox 223 3335 1631 3438; baseline 0.009 -32"><span class='ocrx_word' id='word_1_229' title='bbox 223 3335 347 3420; x_wconf 80' lang='lat' dir='ltr'>cialee3</span> <span class='ocrx_word' id='word_1_230' title='bbox 369 3359 474 3433; x_wconf 85' lang='lat' dir='ltr'>snper</span> <span class='ocrx_word' id='word_1_231' title='bbox 484 3341 613 3434; x_wconf 90' lang='lat' dir='ltr'>quihus</span> <span class='ocrx_word' id='word_1_232' title='bbox 629 3344 815 3438; x_wconf 83' lang='lat' dir='ltr'>assumptis</span> <span class='ocrx_word' id='word_1_233' title='bbox 829 3341 896 3416; x_wconf 89' lang='lat' dir='ltr'>sibi</span> <span class='ocrx_word' id='word_1_234' title='bbox 906 3341 1044 3416; x_wconf 90' lang='lat' dir='ltr'>duobus</span> <span class='ocrx_word' id='word_1_235' title='bbox 1058 3342 1109 3438; x_wconf 77' lang='lat' dir='ltr'>(cl)</span> <span class='ocrx_word' id='word_1_236' title='bbox 1121 3342 1255 3438; x_wconf 80' lang='lat' dir='ltr'>prelatis</span> <span class='ocrx_word' id='word_1_237' title='bbox 1268 3342 1298 3414; x_wconf 87' lang='lat' dir='ltr'>si</span> <span class='ocrx_word' id='word_1_238' title='bbox 1313 3342 1362 3415; x_wconf 94' lang='lat' dir='ltr'>ibi</span> <span class='ocrx_word' id='word_1_239' title='bbox 1375 3352 1468 3436; x_wconf 85' lang='lat' dir='ltr'>sunt,</span> <span class='ocrx_word' id='word_1_240' title='bbox 1484 3344 1541 3416; x_wconf 88' lang='lat' dir='ltr'>vel</span> <span class='ocrx_word' id='word_1_241' title='bbox 1555 3344 1631 3418; x_wconf 87' lang='lat' dir='ltr'>looo</span> 
     </span>
     <span class='ocr_line' id='line_1_24' title="bbox 223 3461 1630 3564; baseline 0.006 -32"><span class='ocrx_word' id='word_1_242' title='bbox 223 3479 343 3532; x_wconf 86' lang='lat' dir='ltr'>eornm</span> <span class='ocrx_word' id='word_1_243' title='bbox 359 3461 500 3536; x_wconf 91' lang='lat' dir='ltr'>dnobus</span> <span class='ocrx_word' id='word_1_244' title='bbox 515 3463 602 3537; x_wconf 89' lang='lat' dir='ltr'>viris</span> <span class='ocrx_word' id='word_1_245' title='bbox 614 3465 828 3538; x_wconf 86' lang='lat' dir='ltr'>secularibus</span> <span class='ocrx_word' id='word_1_246' title='bbox 842 3487 931 3562; x_wconf 91' lang='lat' dir='ltr'>qnos</span> <span class='ocrx_word' id='word_1_247' title='bbox 948 3466 995 3540; x_wconf 85' lang='lat' dir='ltr'>ad</span> <span class='ocrx_word' id='word_1_248' title='bbox 1013 3467 1078 3539; x_wconf 93' lang='lat' dir='ltr'>hoc</span> <span class='ocrx_word' id='word_1_249' title='bbox 1094 3467 1221 3540; x_wconf 89' lang='lat' dir='ltr'>viderit</span> <span class='ocrx_word' id='word_1_250' title='bbox 1237 3465 1409 3564; x_wconf 78' lang='lat' dir='ltr'>ydoneos,</span> <span class='ocrx_word' id='word_1_251' title='bbox 1429 3467 1630 3564; x_wconf 89' lang='lat' dir='ltr'>inquisitio-</span> 
     </span>
     <span class='ocr_line' id='line_1_25' title="bbox 222 3585 1630 3688; baseline 0.006 -34"><span class='ocrx_word' id='word_1_252' title='bbox 222 3605 302 3656; x_wconf 89' lang='lat' dir='ltr'>nem</span> <span class='ocrx_word' id='word_1_253' title='bbox 326 3585 430 3658; x_wconf 88' lang='lat' dir='ltr'>iaciat</span> <span class='ocrx_word' id='word_1_254' title='bbox 454 3585 636 3682; x_wconf 78' lang='lat' dir='ltr'>diligenter</span> <span class='ocrx_word' id='word_1_255' title='bbox 662 3600 697 3664; x_wconf 89' lang='lat' dir='ltr'>et</span> <span class='ocrx_word' id='word_1_256' title='bbox 723 3589 834 3664; x_wconf 88' lang='lat' dir='ltr'>mittat</span> <span class='ocrx_word' id='word_1_257' title='bbox 852 3612 929 3664; x_wconf 86' lang='lat' dir='ltr'>eam</span> <span class='ocrx_word' id='word_1_258' title='bbox 948 3591 993 3664; x_wconf 86' lang='lat' dir='ltr'>ad</span> <span class='ocrx_word' id='word_1_259' title='bbox 1011 3592 1141 3666; x_wconf 88' lang='lat' dir='ltr'>curiam</span> <span class='ocrx_word' id='word_1_260' title='bbox 1159 3603 1329 3681; x_wconf 87' lang='lat' dir='ltr'>nostram,</span> <span class='ocrx_word' id='word_1_261' title='bbox 1355 3603 1425 3665; x_wconf 84' lang='lat' dir='ltr'>tam</span> <span class='ocrx_word' id='word_1_262' title='bbox 1445 3614 1510 3666; x_wconf 91' lang='lat' dir='ltr'>sno</span> <span class='ocrx_word' id='word_1_263' title='bbox 1525 3615 1630 3688; x_wconf 92' lang='lat' dir='ltr'>qnam</span> 
     </span>
     <span class='ocr_line' id='line_1_26' title="bbox 222 3707 1631 3814; baseline 0.008 -36"><span class='ocrx_word' id='word_1_264' title='bbox 222 3707 455 3802; x_wconf 86' lang='lat' dir='ltr'>predictorum</span> <span class='ocrx_word' id='word_1_265' title='bbox 473 3722 623 3806; x_wconf 87' lang='lat' dir='ltr'>quatuor</span> <span class='ocrx_word' id='word_1_266' title='bbox 638 3711 714 3811; x_wconf 81' lang='lat' dir='ltr'>(sic)</span> <span class='ocrx_word' id='word_1_267' title='bbox 733 3715 853 3810; x_wconf 80' lang='lat' dir='ltr'>sigillis</span> <span class='ocrx_word' id='word_1_268' title='bbox 875 3715 1073 3811; x_wconf 85' lang='lat' dir='ltr'>sigillatam,</span> <span class='ocrx_word' id='word_1_269' title='bbox 1099 3725 1133 3789; x_wconf 86' lang='lat' dir='ltr'>et</span> <span class='ocrx_word' id='word_1_270' title='bbox 1153 3725 1267 3790; x_wconf 90' lang='lat' dir='ltr'>nostre</span> <span class='ocrx_word' id='word_1_271' title='bbox 1286 3717 1535 3814; x_wconf 86' lang='lat' dir='ltr'>presentabitur</span> <span class='ocrx_word' id='word_1_272' title='bbox 1553 3739 1631 3789; x_wconf 90' lang='lat' dir='ltr'>ma-</span> 
     </span>
    </p>
   </div>
   <div class='ocr_carea' id='block_1_2' title="bbox 221 3981 1630 4682">
    <p class='ocr_par' dir='ltr' id='par_1_3' title="bbox 221 3981 1630 4167">
     <span class='ocr_line' id='line_1_27' title="bbox 263 3981 1630 4069; baseline -0.002 -15"><span class='ocrx_word' id='word_1_273' title='bbox 263 3983 303 4054; x_wconf 83' lang='lat' dir='ltr'>(a)</span> <span class='ocrx_word' id='word_1_274' title='bbox 325 3981 447 4061; x_wconf 75' lang='lat' dir='ltr'>Legitur</span> <span class='ocrx_word' id='word_1_275' title='bbox 459 4001 509 4062; x_wconf 84' lang='lat' dir='ltr'>up.</span> <span class='ocrx_word' id='word_1_276' title='bbox 524 3986 606 4048; x_wconf 83' lang='lat' dir='ltr'>Blcc.</span> <span class='ocrx_word' id='word_1_277' title='bbox 621 3986 660 4048; x_wconf 89' lang='lat' dir='ltr'>dc</span> <span class='ocrx_word' id='word_1_278' title='bbox 671 3987 704 4050; x_wconf 71' lang='grc' dir='ltr'>δ’.</span> <span class='ocrx_word' id='word_1_279' title='bbox 717 3987 816 4050; x_wconf 82' lang='lat' dir='ltr'>Germ.</span> <span class='ocrx_word' id='word_1_280' title='bbox 828 3985 971 4068; x_wconf 78' lang='lat' dir='ltr'>elfinicct</span> <span class='ocrx_word' id='word_1_281' title='bbox 982 3989 1015 4049; x_wconf 82' lang='lat' dir='ltr'>in</span> <span class='ocrx_word' id='word_1_282' title='bbox 1028 3983 1158 4050; x_wconf 69' lang='lat' dir='ltr'>leonata</span> <span class='ocrx_word' id='word_1_283' title='bbox 1170 3985 1328 4050; x_wconf 71' lang='lat' dir='ltr'>novembris</span> <span class='ocrx_word' id='word_1_284' title='bbox 1338 4009 1349 4048; x_wconf 93' lang='grc'>.·</span> <span class='ocrx_word' id='word_1_285' title='bbox 1358 3989 1438 4069; x_wconf 89' lang='lat' dir='ltr'>qnod</span> <span class='ocrx_word' id='word_1_286' title='bbox 1450 3989 1531 4051; x_wconf 91' lang='lat' dir='ltr'>nullo</span> <span class='ocrx_word' id='word_1_287' title='bbox 1541 3991 1630 4052; x_wconf 89' lang='lat' dir='ltr'>modo</span> 
     </span>
     <span class='ocr_line' id='line_1_28' title="bbox 221 4084 455 4167; baseline 0.03 -21"><span class='ocrx_word' id='word_1_288' title='bbox 221 4084 337 4148; x_wconf 82' lang='lat' dir='ltr'>udmlttl</span> <span class='ocrx_word' id='word_1_289' title='bbox 348 4096 455 4167; x_wconf 84' lang='lat' dir='ltr'>potest.</span> 
     </span>
    </p>

    <p class='ocr_par' dir='ltr' id='par_1_4' title="bbox 221 4191 1630 4682">
     <span class='ocr_line' id='line_1_29' title="bbox 264 4191 1630 4282; baseline 0.005 -25"><span class='ocrx_word' id='word_1_290' title='bbox 264 4191 305 4274; x_wconf 81' lang='lat' dir='ltr'>(b)</span> <span class='ocrx_word' id='word_1_291' title='bbox 326 4195 385 4273; x_wconf 84' lang='lat' dir='ltr'>Ap.</span> <span class='ocrx_word' id='word_1_292' title='bbox 400 4199 482 4259; x_wconf 83' lang='lat' dir='ltr'>illuc.</span> <span class='ocrx_word' id='word_1_293' title='bbox 508 4201 546 4261; x_wconf 84' lang='lat' dir='ltr'>de</span> <span class='ocrx_word' id='word_1_294' title='bbox 567 4200 600 4264; x_wconf 86' lang='lat' dir='ltr'>S.</span> <span class='ocrx_word' id='word_1_295' title='bbox 621 4201 722 4265; x_wconf 79' lang='lat' dir='ltr'>Germ</span> <span class='ocrx_word' id='word_1_296' title='bbox 743 4204 832 4281; x_wconf 86' lang='lat' dir='ltr'>paulu</span> <span class='ocrx_word' id='word_1_297' title='bbox 853 4203 968 4266; x_wconf 85' lang='lat' dir='ltr'>diversa</span> <span class='ocrx_word' id='word_1_298' title='bbox 990 4206 1153 4282; x_wconf 87' lang='lat' dir='ltr'>concipitur</span> <span class='ocrx_word' id='word_1_299' title='bbox 1172 4223 1181 4266; x_wconf 76' lang='grc' dir='ltr'><strong><em>ε</em></strong></span> <span class='ocrx_word' id='word_1_300' title='bbox 1199 4199 1332 4264; x_wconf 82' lang='lat' dir='ltr'>Prucicti</span> <span class='ocrx_word' id='word_1_301' title='bbox 1343 4219 1408 4264; x_wconf 75' lang='lat' dir='ltr'>auu</span> <span class='ocrx_word' id='word_1_302' title='bbox 1421 4201 1556 4278; x_wconf 75' lang='lat' dir='ltr'>lcccmm,</span> <span class='ocrx_word' id='word_1_303' title='bbox 1572 4203 1630 4264; x_wconf 70' lang='lat' dir='ltr'>noi</span> 
     </span>
     <span class='ocr_line' id='line_1_30' title="bbox 222 4299 1630 4392; baseline 0.011 -35"><span class='ocrx_word' id='word_1_304' title='bbox 222 4305 330 4361; x_wconf 65' lang='lat' dir='ltr'>cotum</span> <span class='ocrx_word' id='word_1_305' title='bbox 348 4299 475 4368; x_wconf 76' lang='lat' dir='ltr'>labeum</span> <span class='ocrx_word' id='word_1_306' title='bbox 492 4309 703 4372; x_wconf 67' lang='lat' dir='ltr'>executionem</span> <span class='ocrx_word' id='word_1_307' title='bbox 722 4308 800 4392; x_wconf 73' lang='lat' dir='ltr'>paud</span> <span class='ocrx_word' id='word_1_308' title='bbox 817 4310 951 4373; x_wconf 73' lang='lat' dir='ltr'>interam</span> <span class='ocrx_word' id='word_1_309' title='bbox 971 4329 1031 4372; x_wconf 77' lang='lat' dir='ltr'>acc</span> <span class='ocrx_word' id='word_1_310' title='bbox 1045 4313 1173 4392; x_wconf 73' lang='lat' dir='ltr'>potuim,</span> <span class='ocrx_word' id='word_1_311' title='bbox 1194 4309 1326 4374; x_wconf 74' lang='lat' dir='ltr'>similiter</span> <span class='ocrx_word' id='word_1_312' title='bbox 1342 4315 1506 4374; x_wconf 76' lang='lat' dir='ltr'>interemat</span> <span class='ocrx_word' id='word_1_313' title='bbox 1525 4309 1630 4372; x_wconf 75' lang='lat' dir='ltr'>eisdem</span> 
     </span>
     <span class='ocr_line' id='line_1_31' title="bbox 221 4407 317 4467; baseline 0.021 -2"><span class='ocrx_word' id='word_1_314' title='bbox 221 4407 317 4467; x_wconf 70' lang='lat' dir='ltr'>merila</span> 
     </span>
     <span class='ocr_line' id='line_1_32' title="bbox 221 4511 1628 4682; baseline 0.006 -105"><span class='ocrx_word' id='word_1_315' title='bbox 221 4620 252 4680; x_wconf 41' lang='grc' dir='ltr'>γ’</span> <span class='ocrx_word' id='word_1_316' title='bbox 252 4511 338 4682; x_wconf 49' lang='grc' dir='ltr'><strong>(1(ξὲῃῖ</strong></span> <span class='ocrx_word' id='word_1_317' title='bbox 321 4513 357 4576; x_wconf 89' lang='lat' dir='ltr'>In</span> <span class='ocrx_word' id='word_1_318' title='bbox 370 4515 498 4580; x_wconf 83' lang='lat' dir='ltr'>Pecchtu</span> <span class='ocrx_word' id='word_1_319' title='bbox 510 4527 540 4582; x_wconf 84' lang='lat' dir='ltr'>ct</span> <span class='ocrx_word' id='word_1_320' title='bbox 552 4523 585 4582; x_wconf 94' lang='lat' dir='ltr'>ln</span> <span class='ocrx_word' id='word_1_321' title='bbox 597 4521 713 4587; x_wconf 80' lang='lat' dir='ltr'>Afflrtm</span> <span class='ocrx_word' id='word_1_322' title='bbox 725 4521 811 4607; x_wconf 77' lang='lat' dir='ltr'>daos,</span> <span class='ocrx_word' id='word_1_323' title='bbox 825 4525 879 4588; x_wconf 75' lang='lat' dir='ltr'>secl</span> <span class='ocrx_word' id='word_1_324' title='bbox 897 4527 929 4587; x_wconf 95' lang='lat' dir='ltr'>ln</span> <span class='ocrx_word' id='word_1_325' title='bbox 942 4527 1025 4588; x_wconf 85' lang='lat' dir='ltr'>llice.</span> <span class='ocrx_word' id='word_1_326' title='bbox 1041 4527 1078 4587; x_wconf 84' lang='lat' dir='ltr'>dc</span> <span class='ocrx_word' id='word_1_327' title='bbox 1091 4524 1123 4588; x_wconf 86' lang='lat' dir='ltr'>S.</span> <span class='ocrx_word' id='word_1_328' title='bbox 1141 4525 1240 4588; x_wconf 83' lang='lat' dir='ltr'>Germ.</span> <span class='ocrx_word' id='word_1_329' title='bbox 1256 4531 1339 4605; x_wconf 85' lang='lat' dir='ltr'>octo,·</span> <span class='ocrx_word' id='word_1_330' title='bbox 1352 4525 1432 4606; x_wconf 87' lang='lat' dir='ltr'>quod</span> <span class='ocrx_word' id='word_1_331' title='bbox 1451 4525 1529 4588; x_wconf 89' lang='lat' dir='ltr'>bona</span> <span class='ocrx_word' id='word_1_332' title='bbox 1543 4525 1628 4586; x_wconf 87' lang='lat' dir='ltr'>lectio</span> 
     </span>
    </p>
   </div>
   <div class='ocr_carea' id='block_1_3' title="bbox 261 4723 834 4818">
    <p class='ocr_par' dir='ltr' id='par_1_5' title="bbox 261 4723 834 4818">
     <span class='ocr_line' id='line_1_33' title="bbox 261 4723 834 4818; baseline 0.017 -30"><span class='ocrx_word' id='word_1_333' title='bbox 261 4723 300 4804; x_wconf 70' lang='grc' dir='ltr'>(α)</span> <span class='ocrx_word' id='word_1_334' title='bbox 318 4727 378 4808; x_wconf 79' lang='lat' dir='ltr'>Ap.</span> <span class='ocrx_word' id='word_1_335' title='bbox 393 4730 475 4796; x_wconf 86' lang='lat' dir='ltr'>lltcc.</span> <span class='ocrx_word' id='word_1_336' title='bbox 489 4733 527 4795; x_wconf 81' lang='lat' dir='ltr'>dc</span> <span class='ocrx_word' id='word_1_337' title='bbox 536 4734 569 4798; x_wconf 87' lang='lat' dir='ltr'>S.</span> <span class='ocrx_word' id='word_1_338' title='bbox 584 4735 685 4800; x_wconf 85' lang='lat' dir='ltr'>Germ.</span> <span class='ocrx_word' id='word_1_339' title='bbox 700 4743 834 4818; x_wconf 79' lang='lat' dir='ltr'>quatuor.</span> 
     </span>
    </p>
   </div>
   <div class='ocr_carea' id='block_1_4' title="bbox 0 0 2164 5911">
    <p class='ocr_par' dir='ltr' id='par_1_6' title="bbox 0 0 2164 5911">
     <span class='ocr_line' id='line_1_34' title="bbox 0 0 2164 5911; baseline 0 0"><span class='ocrx_word' id='word_1_340' title='bbox 0 0 2164 5911; x_wconf 95' lang='lat' dir='ltr'> </span> 
     </span>
    </p>
   </div>
  </div>
 </body>
</html>
