4360 5908
539 561 598 624 2¹10
1041 566 1257 632 Fllllllilllcl
1282 568 1455 632 ssscbltiti
1760 569 1840 654 [An.
1858 569 1946 634 liei.

534 773 539 780 ,
584 699 711 770 Datum
729 696 826 794 apud
843 698 989 772 Tianum
1006 698 1080 794 (i),
1098 722 1189 780 anuo
1205 702 1379 786 dominice
1398 703 1645 780 iuccmatiouis
1667 704 1853 780 millesimo
1875 706 1951 780 du-

539 821 725 894 centesimo
743 822 913 896 tricesimo
930 824 1054 919 primo,
1073 847 1192 902 meuse
1209 829 1407 921 novembri,
1428 830 1550 925 quinta
1568 829 1768 904 indictione.

770 1142 1158 1154 -v—--tn—-nae---un-nu
1167 1145 1270 1156 .-σι-ιη·-
1275 1145 1476 1156 οοι---ι---υι-
1483 1145 1725 1156 ιιι-*μουσο-

594 1417 826 1527 Fridericus,
841 1417 1102 1502 Romanorum
1118 1419 1339 1528 imperator,
1354 1417 1516 1504 Iohanni
1528 1420 1740 1505 marchioni
1756 1419 1954 1504 Brunden-

541 1553 723 1663 burgensi
749 1563 787 1636 et
814 1553 967 1638 Oddoni
994 1551 1102 1636 iretri
1120 1551 1226 1664 ejus,
1249 1554 1281 1636 si
1298 1552 1509 1638 Iohannem
1526 1555 1717 1664 praemori
1733 1554 1949 1665 contigerit,

541 1673 752 1769 marchiam
769 1685 1178 1797 Brundenburgensem
1195 1713 1285 1770 cum
1302 1687 1443 1772 ducatu
1460 1688 1706 1772 Pomerauiae
1727 1688 1900 1772 concedit
1915 1699 1954 1771 et

541 1819 754 1904 confirmet.

625 2036 754 2116 (Edldcr.
768 2035 926 2110 (immun,
944 2032 1009 2096 dod.
1026 2031 1141 2116 deplere
1156 2033 1336 2110 Brncdcub„
1354 2042 1379 2098 t.
1395 2036 1468 2112 Vll,
1483 2053 1515 2115 p.
1530 2045 1581 2100 ²8.
1591 2067 1632 2083 -
1644 2037 1786 2110 Ducum,
1805 2033 1874 2098 ced.
1894 2035 1953 2096 Po·

660 2160 785 2216 meram,
806 2147 830 2205 t.
849 2141 880 2216 I,
893 2159 924 2220 p.
942 2151 1061 2204 iit).-
1080 2141 1276 2218 lluunununu,
1292 2139 1509 2228 Rmseil,t.¹1,
1524 2160 1555 2221 p.
1572 2143 1860 2222 ete-Lunum,
1872 2139 1954 2204 licti-

660 2249 745 2330 pm'cc
758 2250 961 2330 manuscript,
975 2255 999 2310 t.
1014 2249 1090 2324 llll,
1106 2265 1136 2326 p.
1154 2257 1225 2325 itii,
1239 2266 1278 2310 ex
1300 2255 1486 2327 transumpto
1507 2252 1577 2311 euni
1603 2259 1693 2324 iiii,
1707 2249 1759 2311 ubl
1771 2249 1853 2312 buliu
1865 2267 1954 2312 cures

660 2363 733 2418 tunc
745 2359 884 2434 temporis
896 2357 1012 2434 integre
1028 2355 1215 2430 describitur,
1229 2361 1260 2418 et
1272 2362 1317 2419 est
1328 2358 1360 2418 iu
1374 2355 1460 2418 solita
1472 2355 1592 2436 torma.)

591 2564 630 2634 lu
645 2558 785 2632 nomine
805 2565 923 2646 sancte
942 2568 978 2630 et
1001 2555 1185 2630 individue
1203 2555 1387 2628 Trinitatis.
1408 2555 1611 2630 Fredericus
1634 2555 1810 2630 secundus
1834 2553 1953 2630 divina

544 2690 679 2760 favente
701 2681 882 2756 clementia
904 2683 1134 2754 Romanorum
1160 2681 1345 2778 imperator
1362 2702 1497 2776 semper
1512 2689 1702 2775 augustus,
1720 2681 1908 2754 Jerusalem
1921 2693 1956 2754 et

544 2811 658 2886 Sicilie
685 2829 761 2882 rex.
782 2805 938 2902 liequirit
961 2805 1096 2903 imperii
1125 2805 1276 2900 dignitas
1299 2815 1334 2877 et
1361 2805 1531 2880 celsitudo
1557 2805 1666 2902 exigit
1693 2805 1890 2902 principalis
1916 2818 1956 2878 ui

546 2939 661 3012 lavore
684 2953 821 3008 cescum
842 2939 925 3006 vota
952 2930 1149 3028 principum
1174 2931 1425 3026 compleantur,
1441 2952 1589 3025 quorum
1616 2931 1737 3004 merita
1761 2931 1954 3004 transiendi

544 3061 671 3136 debent
688 3058 876 3132 liberaliter
896 3056 932 3128 in
951 3055 1096 3130 heredes
1112 3054 1174 3151 qui
1197 3075 1267 3128 non
1289 3055 1405 3128 minus
1422 3063 1564 3150 paterne
1588 3053 1670 3128 fidei
1689 3077 1795 3149 quam
1818 3055 1956 3128 virtutis

544 3184 732 3258 creduntur
755 3181 844 3255 ellici
870 3200 1086 3254 successores
1113 3179 1356 3274 delectumque
1382 3180 1577 3275 parentium
1604 3179 1696 3252 circa
1721 3179 1856 3275 imperii
1885 3179 1956 3252 de-

544 3330 605 3382 cus
627 3306 751 3380 ellectu
782 3305 978 3380 devotionis
1001 3305 1184 3400 complere.
1205 3304 1292 3378 inde
1316 3313 1369 3378 eet
1391 3303 1497 3399 igitur
1525 3303 1623 3400 quod
1645 3303 1813 3399 presentis
1839 3304 1955 3400 scripti

544 3433 633 3506 serie
650 3441 770 3504 notum
795 3429 869 3504 lieri
888 3431 1051 3504 volumus
1066 3429 1201 3526 imperii
1220 3427 1381 3502 fidelibus
1401 3439 1471 3504 tam
1489 3429 1665 3504 modernis
1684 3450 1789 3524 quam
1812 3429 1957 3524 posteris

544 3557 715 3631 universis
732 3555 828 3651 quod
845 3555 992 3628 dilectus
1017 3554 1177 3650 princeps
1199 3563 1315 3628 noster
1330 3553 1517 3648 lohannes,
1536 3553 1689 3628 marchio
1710 3552 1755 3628 de
1777 3553 1956 3627 Brunden·

544 3683 646 3776 burg,
667 3689 783 3754 nostro
801 3679 942 3752 culmini
972 3678 1183 3774 supplicavit
1205 3688 1376 3774 quatenus
1402 3679 1591 3754 marchium
1617 3677 1956 3773 brandenburgicam

545 3828 624 3879 cum
641 3805 735 3878 omni
750 3805 883 3877 bonore
895 3812 931 3876 et
947 3803 1161 3899 pertinentiis
1179 3803 1252 3876 suis
1267 3813 1301 3876 et
1316 3803 1384 3878 alia
1400 3803 1501 3878 leode
1515 3825 1585 3899 que
1602 3801 1780 3900 quondum
1795 3801 1957 3878 tibertus

546 3929 696 4002 marchio
714 3927 1060 4022 Brandenburgensis
1079 3936 1176 4021 pater
1194 3928 1271 4019 ejus
1296 3928 1342 4002 de
1360 3949 1465 4000 manu
1489 3937 1604 4002 nostru
1625 3937 1660 4001 et
1685 3927 1821 4026 imperii
1839 3929 1958 4024 poesi-

546 4054 663 4142 debat,
684 4051 979 4148 quemadmodcm
995 4050 1108 4125 eidem
1126 4050 1267 4125 iliberto
1283 4048 1429 4146 genitori
1449 4073 1513 4124 suo
1528 4060 1563 4125 el
1579 4052 1767 4126 heredibus
1786 4053 1863 4144 eius
1879 4054 1956 4148 pri·

548 4178 714 4273 vilegium
729 4178 942 4252 liberalitatis
956 4185 1071 4250 nostre
1084 4176 1166 4250 inde
1180 4177 1426 4270 concessimus,
1437 4199 1508 4252 una
1520 4199 1601 4250 cum
1615 4177 1744 4253 ducatu
1758 4179 1958 4252 Pomerenie

547 4302 660 4376 eidem
674 4303 821 4376 Jobanui
835 4312 870 4376 et
881 4299 1021 4376 Oddoni
1038 4301 1134 4374 tratri
1145 4322 1223 4393 suo,
1234 4301 1264 4374 si
1280 4301 1394 4398 ipsum
1410 4303 1576 4376 loannem
1595 4303 1744 4400 premnri
1762 4303 1955 4397 contigerit,

584 4613 619 4688 (i)
638 4613 683 4672 Sic
695 4613 724 4671 in
741 4613 842 4672 codice.
854 4613 1006 4687 legendum
1025 4617 1116 4670 tamen
1134 4613 1224 4687 potus
1238 4613 1373 4672 credimus
1390 4614 1499 4672 Focum
1518 4612 1546 4668 in
1564 4611 1682 4671 ldcmbiu
1703 4627 1786 4685 quam
1800 4611 1919 4668 mecm
1932 4609 1958 4665 in

546 4714 628 4770 Terra
640 4711 760 4771 Laboris.
773 4713 863 4770 Mense
875 4711 973 4770 etenim
986 4709 1125 4770 novembri
1135 4712 1193 4786 jem
1207 4711 1351 4788 imperator
1361 4725 1457 4770 versus
1470 4711 1625 4768 Ravennam
1638 4707 1807 4784 properabat.
