4360 5908
224 587 323 650 lamet.
341 585 386 661 5.]
676 581 876 642 ttrsuoule
900 575 1194 640 otruorrartcrt.
1581 576 1643 639 303

227 722 315 794 ieret
336 718 467 793 exinde
487 719 668 814 negligens
689 719 746 792 vel
766 717 949 808 remissus,
974 714 1106 788 inutilis
1127 731 1241 786 coram
1266 711 1413 785 Domino
1437 723 1472 784 et
1494 711 1531 784 in
1559 735 1642 786 con·

227 853 348 941 spectu
363 853 482 918 nostro
500 843 623 940 poterit
640 842 762 916 merito
771 839 956 937 culpabilis
972 858 1152 934 apparere.

277 969 401 1041 Datum
425 969 608 1055 beverne,
625 987 720 1042 anno
741 965 913 1040 dominice
933 961 1177 1040 incarnationis
1202 959 1382 1034 millesimo
1406 958 1642 1034 ducentesimo

229 1091 401 1166 tricesimo
418 1091 585 1184 cecano,
607 1113 724 1165 manse
739 1049 875 1181 marai,
896 1088 1016 1184 quinte
1032 1085 1255 1182 indictonis(
1280 1083 1307 1180 ).

492 1389 504 1398 ι
514 1387 827 1398 noo-unv--n—--n—-u-

285 1667 518 1773 Fridericus,
537 1668 799 1754 Romanorum
820 1669 1041 1778 imperator,
1062 1669 1112 1750 ed
1129 1694 1257 1778 preces
1276 1667 1432 1754 Gerardi
1450 1668 1641 1752 Bremen-
1714 1695 1811 1728 ...ee

232 1801 286 1884 sis
304 1801 593 1913 archiepiscopi,
614 1802 816 1886 confirmat
832 1802 1076 1887 donationem
1098 1803 1294 1912 quondam
1314 1801 1363 1884 ab
1385 1802 1547 1888 Henrioo
1563 1829 1643 1912 po-

231 1933 351 2020 latino
376 1935 513 2020 comite
529 1935 651 2020 Rheni
665 1939 719 2042 [et
739 1935 837 2020 dure
861 1935 1061 2041 Senoniae]
1079 1934 1257 2020 ecclesiae
1282 1935 1477 2020 bremensi
1503 1936 1644 2020 factam

232 2071 370 2153 tamin
392 2071 558 2181 praediis
585 2098 704 2182 quarn
730 2071 771 2154 in
789 2070 1102 2157 ministerialibus
1119 2070 1339 2182 patrimonii
1355 2070 1547 2182 ejusdem,
1568 2073 1646 2157 sive

233 2205 274 2286 in
293 2205 619 2316 ercluepisoopatu
635 2205 831 2290 Bremensi
849 2205 927 2290 sive
944 2204 1177 2317 ubicumque
1194 2205 1283 2288 sint.

318 2421 453 2502 (Edider.
466 2423 606 2498 Tonnnn,
621 2423 729 2484 Hister.
744 2419 856 2498 Pelet,
871 2429 973 2483 68.-
985 2420 1105 2492 Lumo,
1121 2417 1326 2498 Reiclacrclriv,
1340 2426 1364 2482 t.
1379 2421 1514 2504 vl11‚p.
1532 2431 1649 2486 4⁴2.-

356 2529 572 2606 Lrnnanesoa,
587 2529 743 2611 Scriptor„
758 2548 790 2608 p.
809 2537 925 2591 tt².-
938 2527 1062 2603 Scauro,
1079 2526 1193 2610 Oriqin.
1214 2523 1353 2608 Gaclfic„
1368 2537 1441 2590 tom.
1456 2529 1514 2602 111,
1528 2548 1560 2608 p.
1576 2540 1646 2604 665,

355 2647 390 2699 n·
406 2639 751 2713 tta-Lemannus,
766 2635 929 2720 Hcmbmp.
943 2633 1137 2712 curcum,
1153 2643 1177 2698 t.
1191 2635 1223 2713 1,
1239 2653 1267 2714 p.
1287 2644 1362 2710 ⁴²8,
1376 2635 1608 2716 n⁰GDXGV11.)

286 2829 325 2901 ln
343 2828 483 2901 nomine
499 2838 616 2902 sancte
633 2838 668 2902 et
687 2826 870 2902 individue
886 2825 1071 2900 Trinitatis.
1091 2823 1288 2898 Fridericus
1304 2825 1353 2912 11,
1372 2824 1494 2899 divina
1510 2825 1649 2898 invente

238 2953 417 3028 clementie
439 2953 669 3026 Romanomm
694 2953 879 3049 imperator
897 2971 1033 3046 semper
1053 2960 1238 3044 augustus,
1259 2949 1472 3023 Hierusalem
1488 2957 1522 3022 et
1537 2949 1652 3022 Sicilie

238 3100 316 3151 rex.
344 3077 535 3172 imperialis
556 3077 760 3152 excellentie
782 3075 934 3171 dignitas
957 3073 1070 3162 leudis
1095 3095 1159 3148 aue
1185 3073 1302 3149 titulos
1328 3083 1410 3146 tunc
1434 3073 1546 3148 modis
1572 3095 1652 3148 om·-

240 3201 343 3274 nibus
361 3201 503 3296 ampliat
519 3211 554 3275 et
570 3201 716 3295 extollit,
733 3222 812 3276 cum
827 3222 969 3277 suorum
984 3209 1066 3273 vota
1083 3198 1276 3294 principum
1290 3199 1424 3272 liberali
1438 3201 1557 3274 lavore
1571 3222 1650 3296 pro-

239 3327 396 3421 sequitur
418 3335 452 3400 et
474 3326 638 3419 benigno.
659 3326 748 3398 Hinc
770 3335 822 3400 est
844 3324 951 3418 igitur
975 3324 1071 3420 quod
1090 3324 1256 3420 presentia
1278 3325 1395 3420 scripti
1417 3325 1505 3399 serie
1530 3335 1650 3398 notum

241 3450 315 3526 fieri
342 3453 504 3526 volumus
528 3451 699 3524 universis
722 3450 857 3546 imperii
880 3449 1041 3524 fidelibus
1066 3459 1133 3522 tem
1157 3449 1373 3544 presentibus
1397 3473 1503 3545 quam
1528 3453 1651 3524 tuturis

241 3577 336 3672 quod
362 3577 508 3650 dilectus
527 3575 689 3672 princeps
716 3585 832 3650 noster
857 3575 898 3648 G.
924 3574 1134 3649 venerabilis
1155 3574 1349 3648 Bremensis
1373 3575 1651 3672 archiepiscopus

165 3765 166 3770 ,
241 3711 356 3774 nostre
379 3700 576 3774 celsitudini
600 3701 807 3797 supplicavit
826 3711 998 3797 quatenus
1017 3699 1238 3774 donationem
1257 3721 1362 3794 quam
1384 3700 1467 3774 olim
1484 3701 1652 3776 Henricns

242 3826 412 3920 palatinus
431 3849 546 3900 comas
567 3827 675 3900 Rheni
695 3827 838 3900 contulit
854 3827 996 3900 ecclesie
1014 3827 1188 3900 Bremensi
1207 3849 1249 3899 ac
1264 3827 1336 3900 sais
1354 3827 1542 3921 privilegiis
1562 3849 1651 3900 con-

242 3947 405 4042 firmavit,
423 3951 542 4024 tamin
558 3951 688 4048 prediis
701 3973 806 4046 quam
822 3951 858 4022 in
877 3951 1156 4024 ministerialibus
1172 3951 1216 4024 de
1231 3951 1434 4046 patrimonio
1446 3973 1510 4024 suo
1525 3952 1599 4024 sitis
1614 3954 1651 4024 in

281 4234 316 4308 (t)
336 4233 437 4292 Aderat
449 4234 537 4296 tartia'
546 4233 701 4294 constitutio
720 4233 755 4292 de
768 4233 870 4308 judicio
883 4241 912 4292 et
925 4249 1013 4309 poena
1032 4241 1125 4293 eontra
1140 4233 1292 4292 haereticos
1310 4235 1480 4306 exercendis,
1500 4249 1563 4292 eum
1582 4236 1653 4296 nous

244 4331 438 4406 chronologicis
454 4332 571 4403 eudem,
585 4331 688 4390 scilicet
704 4331 796 4389 datum
813 4333 970 4403 Rauennae,
984 4349 1054 4390 anno
1067 4333 1255 4404 uautxxu,
1267 4349 1360 4390 mensa
1380 4333 1487 4406 marcii,
1501 4333 1592 4408 quinta
1609 4333 1654 4392 in-

251 4429 386 4501 dictionis,
403 4437 433 4487 ut
447 4435 581 4487 memorat
594 4435 622 4486 et
637 4435 751 4486 testatur
765 4447 801 4487 nn
820 4431 911 4500 mne,
925 4431 953 4487 in
969 4431 1073 4504 Repest.
1085 4433 1173 4504 Boia,
1187 4437 1252 4488 tom.
1271 4431 1304 4487 ΙΙ.
1320 4432 1394 4488 Licet
1409 4438 1499 4489 autem
1522 4448 1610 4506 neque
1627 4433 1655 4489 in

245 4527 365 4586 umam.
378 4529 451 4585 Boia.
466 4543 555 4602 nequo
573 4527 645 4602 apud
653 4527 730 4586 Perta
743 4528 778 4585 ad
790 4527 862 4586 hunc
873 4529 962 4586 locum
973 4527 1139 4600 exhibeatur,
1149 4546 1202 4586 non
1215 4529 1368 4591 dubitamus
1381 4531 1444 4603 quin
1459 4531 1540 4587 tuerit
1553 4530 1598 4588 illa
1611 4530 1652 4588 in·

246 4625 349 4698 cipiem
361 4625 554 4692 incomitiare
564 4627 687 4686 tanicom
698 4627 751 4685 Dei
760 4628 866 4698 miri,
880 4641 964 4700 quam
974 4642 1057 4702 supra
1067 4627 1208 4686 retulimus
1225 4629 1252 4686 in
1266 4630 1411 4686 Constitui.
1427 4631 1506 4703 reperi
1524 4627 1653 4700 Siciliae,

246 4738 307 4798 pag.
324 4724 341 4778 5
355 4727 383 4779 et
396 4738 474 4798 seqq.
