4360 5908
281 627 379 692 lucror.
395 631 442 710 5.]
733 627 931 694 HISTORIA
955 625 1249 692 btt‘totttttlca
1635 626 1696 688 345

279 767 410 840 Iacobo
423 765 586 861 episcopo
601 763 780 858 Padnano,
804 764 944 840 domino
961 766 1101 840 Nicolao
1116 763 1277 859 episcopo
1295 761 1437 856 Regino,
1457 758 1597 835 domino
1611 763 1693 837 lor·

279 888 373 964 dano
405 890 519 986 priore
546 889 654 962 sancti
681 889 858 964 Benedicti
886 890 932 965 da
960 890 1096 980 Padua,
1128 888 1268 962 domino
1295 885 1471 959 Guillredo
1498 885 1543 959 de
1565 888 1693 960 aninc

280 1011 399 1086 Padus
418 1021 585 1110 potestate
605 1013 750 1107 ejusque
762 1013 882 1105 judice
904 1013 1044 1088 domino
1062 1013 1223 1107 magistro
1240 1011 1385 1084 Chazolo
1403 1010 1447 1084 de
1464 1009 1600 1103 Laudo,
1623 1011 1693 1085 do—

278 1136 374 1208 mino
396 1137 588 1210 Alamanno
611 1137 656 1210 da
675 1137 919 1214 Crescauzano.
939 1139 1144 1234 Exemplum
1167 1135 1415 1234 procurationis
1432 1135 1587 1230 magistri
1609 1135 1694 1210 Ala-

280 1281 481 1352 manorum,
502 1260 598 1356 quod
617 1261 669 1334 sic
685 1261 805 1357 incipit
824 1287 834 1334 ε

326 1385 534 1475 Fridericus,
553 1386 615 1460 Bai
638 1387 748 1480 gratia
767 1387 999 1460 Romanorum
1020 1383 1205 1483 imperator
1227 1405 1363 1482 semper
1380 1395 1564 1481 augustus,
1585 1387 1692 1460 Jeru-

278 1511 385 1584 salem
403 1521 439 1584 et
452 1511 568 1584 Sicilie
586 1533 662 1584 rex.
679 1512 744 1585 Per
759 1533 899 1608 presens
917 1513 1082 1608 scriptum
1102 1519 1221 1584 notum
1240 1510 1385 1583 facimus
1405 1511 1577 1583 universis
1594 1510 1690 1604 quod

278 1657 342 1708 nos
361 1635 617 1727 constituimus,
640 1635 785 1709 iacimus
805 1646 839 1711 et
856 1637 1058 1712 ordinamus
1077 1635 1242 1708 dilectum
1266 1643 1418 1708 nostrum
1439 1635 1576 1708 fratrem
1599 1637 1691 1708 Bar-

277 1781 465 1850 mannum,
484 1759 662 1856 hospitalis
679 1762 804 1834 Sancte
825 1761 933 1834 lllaria
954 1760 1244 1834 Tbeutonicornm
1270 1759 1306 1830 in
1331 1760 1519 1834 Jerusalem
1542 1782 1690 1834 venera·

276 1883 383 1956 bilem
401 1884 618 1979 magistrum,
639 1886 800 1958 nuntium
816 1893 851 1960 et
872 1895 1127 1982 procuratorem
1144 1892 1300 1957 nostrum
1315 1883 1352 1957 in
1368 1884 1530 1958 omnibus
1547 1895 1689 1958 contro-

276 2007 400 2082 versiis
425 2008 500 2082 sive
527 2007 709 2082 discordiis
737 2031 801 2084 sen
828 2011 1030 2106 causisque
1060 2018 1242 2083 vertuntur
1268 2009 1356 2081 inter
1384 2029 1448 2082 nos
1471 2017 1506 2082 at
1532 2009 1688 2084 civitates

276 2133 527 2232 infrascriptos,
550 2135 801 2227 Mediolanum,
820 2137 1046 2229 Placentiam,
1068 2135 1240 2228 Brixiam,
1264 2135 1458 2226 Mantuam,
1479 2133 1683 2226 Ferrariam,

275 2258 478 2348 Bononiam,
497 2259 694 2333 Faventiam
712 2271 745 2335 et
763 2271 893 2358 partem
913 2263 1065 2359 ipsarum
1082 2271 1117 2336 et
1133 2283 1253 2334 earum
1272 2259 1455 2355 complices
1473 2267 1507 2332 et
1524 2260 1684 2352 lautores,

276 2391 311 2456 ot
328 2383 357 2456 si
373 2405 443 2480 qua
458 2393 540 2456 sunt
558 2386 625 2459 alie
642 2387 797 2460 civitates
821 2387 977 2480 ejusdam
997 2387 1121 2484 partis;
1144 2385 1265 2459 dantes
1287 2384 1320 2458 ei
1338 2385 1475 2480 plenam
1493 2393 1528 2457 et
1546 2384 1687 2458 liberam

274 2518 476 2604 potestatem
494 2519 529 2582 et
546 2511 748 2584 mandatum
766 2510 1003 2586 consentiendi
1016 2521 1051 2586 et
1069 2507 1365 2605 compromittendi
1381 2506 1426 2582 de
1443 2509 1605 2582 omnibus
1621 2509 1688 2582 illis

274 2631 516 2706 controversiis
533 2655 595 2708 sen
615 2635 728 2708 causis
748 2636 888 2710 nomine
908 2645 944 2710 et
963 2635 1043 2709 vica
1060 2643 1175 2708 nostra
1197 2633 1233 2706 in
1251 2632 1394 2706 dilectos
1410 2633 1539 2706 amicos
1555 2642 1689 2707 nostros

274 2756 440 2830 Iacobum
456 2759 689 2832 venerabilem
710 2760 857 2834 electum
875 2759 1111 2834 Penestrinum
1131 2769 1167 2833 et
1181 2758 1339 2832 Ottonem
1360 2757 1475 2830 Sancti
1499 2757 1629 2832 Nicolai
1651 2758 1687 2830 in

274 2881 415 2955 Caroere
441 2882 597 2956 Tulliano
623 2885 854 2960 venerabilem
883 2885 1070 2960 diaconum
1102 2883 1334 2976 cardinalem,
1361 2880 1555 2977 Apostolica
1586 2881 1687 2956 Sedis

273 3007 405 3099 lagatos
424 3005 493 3104 (l),
522 3017 688 3104 tauquam
709 3011 745 3081 in
764 3011 910 3084 arbitros
932 3013 988 3084 vel
1010 3010 1229 3082 arbitraturus
1249 3029 1312 3080 sen
1329 3007 1528 3080 amicabiles
1546 3029 1686 3106 eompu-

273 3130 410 3226 sitores,
432 3141 467 3206 et
482 3133 661 3229 obligandi
678 3156 742 3208 nos
762 3145 798 3208 ct
822 3136 936 3233 ipsum
958 3155 1021 3232 pro
1045 3131 1145 3206 nobis
1169 3133 1206 3205 in
1228 3130 1351 3205 eodem
1372 3133 1617 3229 compromisso
1638 3133 1685 3208 ad

272 3277 398 3350 penam
413 3266 448 3330 et
466 3255 617 3332 Beclesie
634 3259 786 3334 Romane
801 3269 836 3334 et
854 3259 943 3356 parti
958 3259 1105 3332 adverse
1123 3255 1310 3354 adponam
1327 3257 1384 3330 vel
1401 3279 1508 3354 penas
1526 3269 1587 3330 aut
1608 3258 1684 3332 sine

272 3401 375 3475 pena,
397 3391 431 3454 et
449 3381 496 3454 ad
514 3383 731 3480 recipiendas
751 3385 1016 3478 obligationesa
1036 3393 1134 3480 parte
1154 3381 1302 3456 adversa
1323 3382 1515 3456 secundnm
1538 3383 1684 3457 ordina-

272 3504 401 3577 tionem
424 3517 459 3579 et
480 3506 623 3581 modum
652 3519 688 3582 et
717 3509 927 3582 voluntatem
953 3529 1015 3605 per
1039 3510 1155 3582 omnia
1179 3507 1406 3582 cardinalium
1435 3508 1679 3604 predictorum.

271 3629 342 3701 Nos
365 3630 459 3702 enim
485 3629 625 3704 firmiter
652 3632 961 3727 compromittimus
990 3642 1101 3706 ratum
1126 3642 1161 3706 et
1189 3631 1328 3704 lirmnm
1352 3631 1480 3704 babere
1507 3643 1541 3704 et
1572 3633 1684 3706 lacere

271 3751 392 3827 haberi
408 3756 621 3829 acutissimo
638 3755 709 3829 lilio
724 3767 841 3830 nostro
862 3758 1008 3831 Benrioo
1025 3758 1158 3832 illustre
1173 3759 1402 3831 Romanorum
1417 3778 1498 3850 rege
1514 3755 1684 3852 quicquid

271 3877 365 3950 idem
387 3880 548 3974 magister
563 3903 667 3976 super
688 3881 865 3977 premissis
886 3903 999 3956 coram
1018 3882 1120 3956 dictis
1142 3882 1263 3977 legatis
1285 3891 1320 3953 et
1342 3867 1420 3954 c‘um
1438 3881 1520 3976 ipsis
1544 3881 1683 3955 duxerit

270 4002 516 4077 faciendumst
534 4005 728 4102 promiserit
744 4026 808 4079 nus
826 4007 987 4080 facturos.

318 4127 442 4200 Datum
459 4128 554 4222 apud
572 4129 710 4201 Portum
723 4129 864 4223 Naonis,
882 4132 915 4204 X
931 4130 1052 4220 madii,
1069 4130 1098 4202 V
1115 4129 1314 4204 indictione.

318 4249 392 4344 Ego
404 4251 590 4326 lacobinus
607 4255 784 4348 quondam
801 4255 940 4328 Gratioli
955 4253 1046 4328 filius
1063 4253 1150 4326 civis
1167 4254 1331 4346 Bononie,
1351 4253 1549 4327 auctoritate
1567 4254 1683 4350 impe-

269 4371 349 4446 riali
372 4383 406 4448 et
433 4397 526 4450 nuno
548 4387 717 4452 rectorum
741 4380 913 4454 societatis
934 4378 1157 4472 lombardie,
1177 4378 1327 4454 Marohie
1346 4389 1381 4452 et
1401 4379 1565 4452 Romanis
1584 4388 1682 4454 nota·

270 4561 1265 4586 m—-u--a-t-t—-u-o-—o——a-——a-n---m—--n-——nnu
1271 4575 1668 4586 --ρ-ο-ι--ο--ι--ι--ι-ιι--ι

305 4677 338 4750 (l)
357 4679 448 4740 blame
458 4681 580 4755 januario
591 4685 668 4744 istius
680 4689 743 4744 anni
755 4689 914 4763 legationem
924 4690 1021 4750 horum
1033 4689 1225 4762 cardinalium,
1240 4697 1296 4748 tam
1313 4691 1385 4765 apud
1402 4690 1589 4764 imperatorem
1600 4703 1682 4764 quam

269 4775 342 4849 apud
353 4777 533 4854 tunbmdos,
549 4783 652 4842 initium
664 4786 722 4860 jam
740 4789 891 4863 sumpsisse
904 4805 955 4848 nos
968 4796 1058 4848 monet
1071 4789 1215 4848 Riocardus
1228 4791 1262 4848 de
1275 4789 1373 4849 Sancto
1387 4789 1531 4848 Germano.

366 4879 421 4942 ll'.
1484 4898 1522 4951 tt
