4372 5918
765 609 893 673 secut
916 607 1103 670 stctttrtn

638 941 843 1016 TITULUS
874 939 1001 1014 XLIV.
1029 943 1092 1012 ΝΔ
1117 935 1218 1034 (il).

667 1147 718 1221 De
736 1147 839 1244 officio
847 1147 1090 1240 justitiariatus
1106 1143 1171 1244 (a).

771 1376 863 1427 rontr
893 1375 1094 1427 aucusrus.

274 1561 454 1635 lustitiarii
473 1584 600 1636 uomeu
616 1571 652 1635 et
673 1581 828 1635 uormam
847 1559 956 1652 juset
973 1557 1106 1651 justitia
1128 1557 1344 1632 coutulerunt
1361 1555 1490 1652 quibus
1507 1565 1638 1652 quanto

222 1684 334 1776 magis
356 1684 393 1756 iu
408 1706 548 1759 nomme
561 1697 643 1758 sunt
663 1685 803 1774 affines,
830 1693 924 1758 tauto
943 1705 1063 1758 eorum
1089 1683 1164 1758 veri
1189 1691 1224 1756 et
1249 1681 1384 1756 solliciti
1409 1680 1537 1756 debent
1560 1701 1638 1755 esse

223 1807 386 1882 cultores.
410 1809 499 1884 Hinc
523 1819 576 1884 ost
597 1809 694 1906 quod
716 1809 871 1906 ipsorum
886 1809 1028 1904 judiciis
1050 1829 1155 1882 cause
1173 1807 1337 1903 capitales
1355 1805 1508 1880 maximo
1528 1825 1639 1879 reser-

224 1941 352 2006 vantur
365 1942 401 2007 et
416 1933 515 2029 quod
536 1934 691 2032 ipsorum
717 1933 866 2008 officium
886 1933 989 2006 debet
1006 1955 1082 2006 esse
1101 1933 1310 2028 gratuitum
1332 1951 1396 2006 noc
1416 1931 1531 2027 ipsum
1557 1931 1638 2004 licet

223 2057 325 2130 alicui
358 2059 459 2155 pretii
491 2059 677 2134 venalitate
708 2059 867 2132 mercari.
902 2059 978 2146 Que
1008 2059 1114 2153 igitur
1142 2059 1187 2132 ad
1219 2057 1371 2154 ipsorum
1404 2056 1636 2150 coguitionem

223 2182 427 2276 pertineant,
447 2184 727 2282 predecessorum
746 2194 940 2258 nostrorum
951 2183 1087 2258 'assisiis
1104 2183 1361 2280 comprehensa,
1378 2181 1530 2278 apertius
1541 2178 1636 2252 deli-

222 2306 354 2400 nimus,
375 2308 552 2384 latrocinia
564 2310 714 2402 scilicet,
736 2329 862 2406 magua
882 2309 987 2398 lurta,
1008 2309 1154 2382 fracture
1177 2308 1375 2398 domorum,
1397 2307 1546 2380 insultus
1562 2327 1636 2379 ex-

221 2430 374 2524 cogitati,
401 2431 581 2520 incendia,
602 2433 787 2507 incisiones
805 2433 969 2506 arborum
994 2433 1243 2506 fructiferarum
1262 2443 1297 2504 et
1316 2430 1459 2521 vitium,
1483 2429 1538 2502 vis
1559 2451 1637 2502 mu·

221 2555 364 2627 lieribus
390 2556 506 2648 illata,
539 2557 677 2645 duella,
713 2559 857 2632 crimina
888 2558 1097 2650 majestatis,
1127 2579 1222 2630 arma
1251 2555 1367 2628 molitu
1394 2551 1462 2650 (ὁ),
1494 2551 1636 2626 defense

222 2680 379 2776 imposito
398 2685 448 2772 [et
464 2691 659 2780 contempte
687 2682 733 2756 ab
758 2683 837 2756 aliis
866 2685 919 2757 vel
945 2705 1007 2780 pro
1025 2680 1352 2772 altercassent
1370 2690 1406 2753 et
1431 2678 1636 2776 generaliter

221 2805 336 2908 omnia
365 2803 564 2902 dequibus
590 2807 738 2881 convicti
763 2829 887 2904 penum
910 2809 967 2880 sui
988 2808 1139 2904 corporis
1166 2809 1223 2880 vel
1251 2806 1499 2879 mutilationem
1523 2825 1633 2876 mem·

223 2929 362 3002 bromm
386 2931 556 3006 sustinere
582 2931 759 3006 deberent.
785 2933 950 3028 Magnum
975 2942 1090 3006 autem
1113 2933 1243 3005 lurtum
1262 2929 1451 3026 accipimus
1474 2929 1563 3001 ultra
1581 2926 1634 2999 vi-

221 3055 307 3148 ginti
324 3057 538 3149 augustales,
557 3058 690 3132 etiamsi
707 3059 852 3132 civiliter
868 3057 914 3132 do
927 3059 1018 3131 furto
1034 3057 1110 3154 ipsc
1126 3069 1261 3153 agutur,
1281 3066 1319 3128 ut
1335 3066 1449 3129 tamen
1466 3054 1569 3128 etiam
1588 3053 1634 3128 de

224 3179 413 3273 quantitate
433 3179 558 3254 miuori
580 3202 695 3254 coram
710 3181 895 3275 justitiario
919 3181 985 3274 [ad
1006 3181 1217 3279 corporalem
1244 3181 1388 3276 penam]
1412 3177 1634 3252 criminaliter

226 3303 332 3398 possit
357 3305 532 3379 accusatio
555 3303 716 3379 intentari
741 3303 800 3402 (c).
833 3305 1069 3401 Cognitioucm
1088 3307 1244 3380 civilium
1263 3306 1366 3380 etiam
1389 3325 1573 3378 causamm
1597 3301 1634 3376 iu

224 3426 360 3502 delectu
388 3429 491 3504 etiam
521 3431 787 3504 camerariorum
812 3443 847 3506 et
869 3432 1062 3525 bajulorum
1085 3432 1132 3508 ad
1160 3431 1311 3505 officium
1334 3451 1437 3503 suum
1464 3429 1635 3524 pertinere

225 3563 446 3647 cognoscant.
478 3557 638 3630 Defectus
667 3558 812 3631 veroin
837 3559 1033 3632 camerariis
1058 3567 1093 3630 et
1119 3557 1243 3650 bajulis
1268 3566 1351 3629 tuuc
1376 3575 1453 3628 esse
1479 3553 1631 3646 videtur,

224 3677 387 3753 videlicet
421 3703 499 3754 cum
524 3691 604 3780 post
636 3681 725 3758 duos
749 3705 884 3757 meuses
909 3705 931 3757 a
957 3681 1016 3756 die
1042 3681 1320 3780 proclamationis
1346 3679 1392 3754 ud
1424 3679 1517 3775 ipsos
1545 3679 1634 3752 lacte

227 3807 345 3894 [cause
360 3805 449 3880 eise
470 3807 638 3904 superiori
656 3809 838 3881 commisse
860 3809 984 3880 luerint
1001 3806 1091 3904 (d)],
1115 3829 1180 3880 uec
1199 3804 1490 3901 conquerentibus
1512 3803 1548 3874 iu
1573 3823 1633 3876 ra·

264 4019 306 4101 (a)
328 4021 439 4084 Graece
454 4042 462 4084 ι
478 4023 520 4083 Dc
533 4023 570 4084 r'r'r
583 4041 657 4106 puae
668 4021 710 4086 nd
721 4022 849 4104 officiuim
853 4023 1085 4108 justitiariorum
1094 4023 1254 4103 pertimet.

264 4126 304 4207 (b)
327 4128 397 4190 Slva
409 4145 494 4190 mro
508 4127 628 4208 moleto,
641 4147 736 4192 arnust
753 4129 906 4193 lmoalucr.

263 4234 302 4317 (c)
327 4237 363 4298 Iu
376 4253 483 4317 graoeo
495 4238 585 4316 poulo
597 4237 683 4300 aliter
696 4241 824 4301 vertitur
839 4259 846 4297 ε
863 4240 1004 4322 Mopsum
1017 4246 1114 4301 cutem
1126 4235 1247 4318 sartam
1262 4237 1417 4316 amptum
1438 4233 1520 4298 ultro
1531 4233 1637 4316 viginti

225 4341 396 4424 mentales,
411 4345 504 4427 magia
527 4343 598 4407 adeo
619 4343 785 4408 dociliter
806 4345 841 4407 dc
860 4345 911 4408 hoc
920 4345 1009 4427 serto
1029 4353 1146 4430 apator.
1161 4347 1204 4407 Dc
1226 4345 1334 4405 minori
1352 4350 1450 4405 autern
1471 4343 1634 4422 quantitate

224 4466 316 4511 coram
322 4451 489 4533 justitiario
501 4449 695 4514 criminaliter
716 4455 767 4537 aqi
784 4455 905 4536 poterit.
921 4455 1002 4529 Quae
1023 4459 1187 4532 sequuntur
1199 4469 1293 4532 usque
1306 4450 1345 4514 ad
1360 4469 1369 4511 ε
1385 4445 1533 4530 Dcscadir
1545 4449 1634 4512 ctiam

224 4561 340 4620 omnmo
352 4560 461 4621 desunt
479 4563 511 4621 lu
524 4559 590 4622 coti.
607 4569 698 4624 4625.

262 4662 307 4746 (d)
327 4665 442 4728 Desunt
454 4667 526 4730 haec
537 4669 569 4730 tu
582 4683 688 4748 graeco
700 4675 746 4746 et,
759 4675 793 4731 ut
806 4668 934 4746 ridetur,
948 4674 1038 4730 recte.
