4288 5912
373 1097 473 1150 Brixiae,

533 559 595 622 434
1030 559 1245 621 turbentur
1269 559 1445 624 suttune
1751 567 1835 648 [litu.
1855 569 1939 633 taes.

653 694 881 770 etMunruon„
905 692 1371 776 Auup.1tut‚t.1v,p.·rre,
1398 698 1451 760 ubl
1472 705 1577 762 extant
1595 701 1709 764 litterae
1730 719 1805 781 quor
1826 721 1882 779 ee,
1909 713 1944 768 ut

654 800 837 862 Muratorlue
856 803 1004 879 opinatur,
1022 804 1175 864 oeconone
1199 809 1326 866 rectores
1349 803 1505 868 maulia
1526 807 1566 870 etl
1588 807 1754 870 llomunum
1775 809 1943 888 pontificem

655 910 867 986 conscripsere,
883 913 913 969 et
925 911 967 970 ltu
980 911 1204 986 concipiuntur:

582 1081 804 1156 sanctissimo
823 1081 912 1177 patri
932 1091 968 1154 et
991 1081 1135 1156 domino
1156 1081 1318 1174 Gregorio
1341 1083 1405 1157 Dei
1430 1083 1542 1180 gratia
1566 1095 1780 1160 samusancte
1792 1089 1943 1162 Romane

533 1207 684 1282 Ecclesie
713 1229 848 1280 summo
865 1216 901 1280 et
927 1207 1117 1281 universali
1142 1208 1316 1304 pontifici,
1345 1218 1495 1284 rectores
1526 1211 1699 1285 societatis
1720 1212 1939 1303 lombardie,

532 1333 730 1407 Marcbiect
742 1333 907 1405 Romania
924 1341 959 1406 et
976 1333 1218 1406 universitates
1239 1343 1274 1407 et
1295 1335 1493 1410 communia
1510 1345 1545 1408 et
1568 1335 1696 1429 singuli
1713 1336 1868 1432 predicte
1885 1357 1942 1411 so-

532 1457 665 1530 cietatis
683 1457 800 1530 oscula
815 1457 945 1554 pedum
966 1466 1000 1530 et
1021 1467 1194 1553 pmmtum
1215 1459 1363 1532 inomni
1388 1481 1515 1554 genere
1539 1460 1755 1534 famulatum.
1784 1461 1861 1547 Quo
1881 1483 1942 1558 pro

531 1582 626 1656 bono
640 1583 735 1678 pacis
750 1591 832 1655 sunt
848 1604 870 1656 a
887 1582 1113 1678 compositore
1131 1583 1304 1658 amicabili
1320 1583 1478 1660 ordinatu
1497 1595 1533 1659 et
1553 1585 1707 1659 maxime
1724 1608 1746 1660 a
1766 1595 1862 1660 tanto
1879 1587 1942 1662 do·

531 1707 626 1780 mino
646 1709 708 1802 qui
735 1717 845 1803 preest
869 1707 904 1778 in
924 1707 1057 1799 justitia
1081 1706 1200 1781 debita
1220 1709 1413 1804 universis,
1448 1709 1630 1807 approbari
1662 1720 1803 1808 rataque
1824 1711 1941 1785 haberi

532 1828 659 1906 debent
675 1841 710 1904 et
724 1831 966 1906 inviolabiliter
981 1831 1172 1905 observari.
1185 1831 1327 1906 litteras
1341 1857 1430 1929 quus
1444 1843 1557 1908 vestra
1574 1833 1675 1908 nobis
1686 1834 1849 1908 sanctitas
1865 1835 1942 1908 des·

532 1956 654 2028 bnavit
667 1977 770 2051 super
787 1979 873 2053 pace
890 1963 924 2029 et
940 1956 1124 2031 concordia
1141 1977 1204 2052 per
1219 1965 1369 2031 vestram
1387 1957 1603 2031 clementiam
1618 1959 1708 2031 iacta
1723 1967 1758 2030 et
1781 1967 1942 2054 precepta

530 2080 619 2153 inter
633 2081 756 2154 missos
770 2091 805 2154 et
817 2090 1056 2178 procuratores
1083 2081 1215 2154 domini
1237 2081 1409 2156 Frederici
1429 2083 1661 2156 Romanorum
1688 2079 1940 2180 [imperatoris]

530 2205 735 2280 serenissimi
750 2215 784 2279 et
801 2225 937 2303 semper
952 2207 1110 2298 augusti,
1131 2215 1166 2280 et
1180 2207 1273 2301 regis
1286 2207 1500 2281 Hierusalem
1524 2217 1559 2282 et
1569 2207 1685 2280 Sicilie
1700 2230 1747 2280 ex
1759 2231 1828 2280 una
1844 2219 1941 2304 parte

528 2339 563 2404 et
577 2341 812 2428 procuratores
824 2339 859 2405 et
869 2330 1031 2428 syndicus
1046 2331 1219 2405 societatis
1230 2333 1384 2429 predicte
1395 2333 1595 2427 etsingulos
1604 2333 1697 2406 illius
1710 2332 1883 2406 societatis
1894 2353 1940 2405 ex

529 2455 651 2549 alteru,
671 2455 853 2530 devotione
867 2465 902 2531 et
919 2455 1038 2530 debita
1053 2457 1246 2532 reverentia
1256 2457 1461 2554 recepimus
1478 2479 1667 2554 earumque
1678 2465 1795 2530 tcnmc
1806 2457 1940 2552 plenius

528 2580 716 2674 intellecto,
743 2581 861 2656 habito
885 2603 1026 2678 quoqne
1038 2604 1144 2678 super
1160 2581 1216 2656 bis
1234 2583 1422 2660 deliberato
1444 2581 1589 2658 consilio
1605 2591 1640 2655 et
1661 2589 1824 2672 tractatu,
1843 2579 1940 2654 etde

526 2707 701 2781 voluntale
721 2715 756 2782 et
779 2708 922 2781 consilio
947 2706 1181 2781 communium
1203 2717 1238 2782 et
1264 2708 1529 2783 universitatum
1550 2707 1766 2802 singularum
1784 2704 1939 2802 predicte

527 2831 714 2926 societatis,
736 2833 856 2928 sigillis
873 2853 1021 2927 quorum
1044 2833 1155 2906 littere
1170 2833 1234 2905 iste
1253 2843 1334 2907 sunt
1349 2833 1587 2924 corroborate,
1608 2830 1725 2929 pietati
1741 2839 1856 2904 vestre
1874 2853 1936 2903 vo·

526 2958 691 3030 luntatcm
706 2967 740 3029 et
748 2957 1006 3054 responsionem
1014 2965 1166 3030 nostram
1178 2957 1290 3031 taliter
1300 2981 1405 3055 super
1414 2959 1468 3032 bis
1478 2955 1646 3031 duximus
1654 2953 1935 3050 exprimendam:

524 3081 688 3154 videlicet
705 3082 801 3177 quod
827 3105 947 3180 pacem
970 3082 1063 3154 illam
1079 3093 1186 3156 ratam
1212 3081 1400 3176 babemus,
1428 3083 1612 3179 ipsamque
1635 3081 1799 3187 volumus
1820 3079 1938 3152 obser·

526 3227 621 3279 vare.
637 3207 1006 3304 Remittimusinsupcr
1020 3229 1158 3280 omnem
1170 3229 1365 3298 rancorem,
1383 3207 1663 3295 malivolentiam,
1684 3204 1829 3296 iujurias
1841 3213 1876 3277 ct
1888 3205 1938 3276 ol-

526 3333 657 3422 iansas,
678 3341 712 3404 et
732 3353 938 3406 revocamus
953 3331 1070 3404 omniu
1083 3331 1216 3419 banna,
1236 3332 1516 3423 constitutiones,
1543 3330 1730 3404 sententias
1751 3339 1785 3401 ct
1801 3327 1938 3400 ordina·

523 3467 657 3548 meum,
680 3479 750 3552 que
768 3456 947 3530 occasione
972 3457 1136 3551 premisse
1157 3455 1330 3530 discordie
1351 3457 1381 3528 si
1400 3477 1488 3552 quus
1509 3455 1565 3528 vel
1586 3455 1617 3526 si
1639 3475 1709 3549 que
1724 3451 1869 3525 lecimus
1883 3452 1938 3523 rel

523 3580 750 3676 imposuimus
763 3581 982 3674 civitatibus,
1003 3581 1087 3654 locis
1102 3581 1158 3654 vel
1173 3581 1328 3676 personis
1343 3581 1512 3678 imperiali
1526 3575 1723 3652 celsitudini
1737 3575 1938 3650 adherenti-

522 3706 602 3793 bus,
619 3715 653 3777 ct
669 3727 890 3802 quecumque
901 3707 1006 3778 exeis
1020 3706 1074 3780 vei
1088 3705 1134 3778 ob
1148 3705 1223 3802 ipsa
1234 3705 1403 3778 hactenus
1414 3715 1496 3776 sunt
1508 3711 1667 3798 sequuta.
1680 3702 1723 3773 Et
1733 3701 1796 3772 bas
1809 3699 1937 3771 litteras

518 3829 686 3924 jussimus
700 3851 762 3925 per
783 3852 925 3902 manum
941 3829 1146 3924 infrascripti
1162 3829 1285 3901 notarii
1301 3827 1403 3902 scribi
1416 3848 1497 3901 cum
1511 3824 1666 3921 ejusdem
1687 3821 1937 3918 subscriptione

524 3963 559 4028 et
572 3955 710 4028 testium
730 3953 1008 4045 confirmation03
1028 3953 1122 4027 unde
1136 3955 1253 4050 plures
1269 3953 1387 4026 charte
1400 3973 1471 4026 uuo
1485 3959 1603 4024 tenore
1614 3948 1741 4044 scripte
1752 3956 1846 4018 sunt.

570 4079 644 4174 Ego
658 4079 859 4153 Guillelmus
876 4078 922 4152 de
935 4079 1041 4154 Sexto
1054 4077 1115 4174 qui
1133 4087 1167 4151 et
1179 4076 1298 4151 Abbus
1316 4075 1432 4170 dicor,
1452 4074 1544 4148 lilius
1559 4071 1735 4170 quondam
1750 4067 1881 4142 Alberti
1892 4065 1937 4140 de

523 4207 628 4278 Sexto
645 4204 733 4278 civis
749 4203 1031 4296 Mediolanensis,
1052 4203 1213 4299 publicus
1226 4202 1392 4291 nummus,
1415 4199 1537 4296 scripsi
1555 4221 1603 4274 ex
1618 4195 1783 4272 mandato
1802 4190 1936 4288 pradic-

522 4339 635 4402 torum
651 4339 819 4403 rectorum
839 4331 923 4402 mihi
938 4331 1029 4403 iacto
1047 4329 1084 4401 in
1102 4329 1230 4425 palutio
1249 4327 1442 4401 communis
1457 4325 1595 4415 Brixia,
1615 4322 1677 4396 ubi
1695 4315 1841 4418 predicti
1859 4335 1946 4422 rec-¹

521 4463 613 4528 tores
627 4465 871 4529 convenerant.
885 4455 928 4527 Et
944 4455 1011 4528 boc
1021 4455 1239 4552 presentibus
1254 4453 1399 4527 testibus
1409 4453 1457 4526 ibi
1472 4451 1601 4548 rogatis
1611 4449 1711 4523 Petro
1724 4443 1769 4519 rie
1779 4445 1935 4516 [anzano

522 4583 654 4656 nobrio
680 4581 725 4656 de
747 4580 935 4672 Placentia,
961 4591 998 4654 ct
1017 4581 1163 4656 beraldo
1185 4579 1230 4654 de
1251 4579 1427 4674 Coelunga
1443 4576 1576 4652 notario
1600 4571 1646 4650 dc
1660 4570 1780 4648 Padna
1791 4577 1826 4643 ct
1838 4565 1935 4642 Petro

524 4705 734 4802 Franzigena
745 4705 878 4779 notario
891 4704 937 4780 de
947 4705 1057 4781 Curio.
