4360 5908
224 601 320 664 lenton
335 599 380 679 5.]
670 592 869 655 HISTORIA
893 593 1186 661 nlrnomertca
1569 589 1635 658 ‘2¹1⁷

224 735 368 810 ecclesie
389 731 434 808 de
453 730 621 804 immensa
642 738 759 804 nostra
780 731 961 806 clementia
984 730 1077 804 bone
1099 729 1255 828 predicta
1278 728 1336 825 pie
1356 727 1423 802 sibi
1446 728 1634 804 abeodem

223 859 382 934 Heinrico
398 853 590 930 deChorun
605 853 733 948 oblata,
748 876 896 951 quorum
905 855 1156 947 venditionem,
1172 854 1263 928 siout
1272 852 1387 926 eidem
1398 854 1557 930 Heinrioo
1573 877 1636 952 per

224 985 366 1057 liberam
379 981 560 1054 mulierem
574 989 609 1052 et
623 977 712 1052 tilios
727 979 803 1072 ejus
824 979 1064 1054 ministeriales
1079 979 1217 1076 imperii
1234 979 1325 1052 iacta
1347 988 1419 1071 est,
1441 988 1550 1053 ratam
1568 981 1636 1054 cle·

225 1117 355 1182 menter
371 1105 552 1178 babemus.
571 1105 729 1177 Protcrca
745 1125 792 1176 ex
812 1103 1134 1200 superhabundanti
1151 1103 1262 1199 gratia
1278 1113 1393 1177 nostra
1413 1104 1637 1178 concedimus

224 1241 258 1306 ct
274 1231 389 1306 eidem
408 1229 551 1304 ecclesis
568 1227 792 1323 indulgemus
816 1237 856 1299 ut
873 1249 1094 1324 quecumque
1115 1227 1207 1302 bona
1228 1228 1263 1298 in
1285 1227 1440 1324 partibus
1459 1227 1526 1300 illis
1547 1228 1636 1304 inira

223 1379 287 1430 sex
295 1355 449 1430 miliaria
458 1355 549 1428 circa
559 1353 738 1428 ecclesiam
749 1352 957 1428 antedictam
970 1353 1146 1426 oblatione
1156 1351 1406 1450 pheodntorum
1414 1353 1550 1449 imperii
1561 1354 1638 1428 sive

223 1481 519 1570 ministerialium,
538 1478 739 1553 anctoritate
752 1477 983 1552 concessionis
1000 1477 1146 1552 Romani
1166 1476 1302 1550 dudum
1317 1477 1414 1571 regni
1425 1479 1531 1550 nostri
1550 1487 1637 1552 tem·

223 1630 307 1703 pore
326 1607 392 1681 sibi
407 1605 555 1698 indulte,
574 1605 742 1678 hactenus
754 1612 807 1678 est
820 1604 964 1699 adepta,
984 1604 1166 1698 tranquille
1182 1601 1368 1699 possideat,
1388 1612 1422 1676 st
1434 1603 1566 1676 licitum
1591 1605 1637 1678 sit

223 1755 243 1805 a
263 1731 367 1806 modo
385 1729 568 1804 infeodatis
585 1730 641 1802 rel
660 1728 939 1802 ministerialibus
957 1728 1091 1826 imperii
1110 1728 1155 1800 de
1170 1729 1271 1802 bonis
1286 1749 1355 1822 qne
1372 1735 1489 1801 tenent
1506 1727 1635 1802 ibidem

223 1858 268 1930 ab
282 1855 442 1954 imperio,
458 1853 894 1952 predicteccclcsieclierrs
904 1855 1007 1946 juxta
1021 1863 1173 1926 tenorem
1189 1852 1362 1950 privilegii
1378 1853 1484 1926 nostri
1499 1853 1635 1927 dudum

223 1982 369 2056 Romani
377 1980 475 2076 regni
483 1979 589 2053 nostri
600 1987 754 2075 tempore
765 1979 832 2052 sibi
849 1975 1168 2077 indulti[st]sivcin
1182 1979 1252 2051 vite
1268 1977 1344 2051 sive
1357 1977 1394 2049 in
1406 2000 1526 2051 corum
1539 1979 1637 2052 obitu

222 2127 378 2200 erogare.
397 2105 454 2180 Ad
472 2104 576 2198 huius
594 2103 713 2200 itaque
729 2104 951 2200 protectionis
971 2113 1006 2176 et
1022 2101 1289 2177 confirmationis
1304 2111 1419 2177 nosos
1438 2104 1637 2177 memoriam

222 2241 257 2304 ct
279 2231 387 2304 robur
401 2240 569 2328 perpetuo
588 2229 794 2322 valiturum,
813 2249 956 2324 presens
969 2227 1191 2324 privilegium
1216 2227 1289 2301 fieri
1316 2228 1460 2301 fecimus
1484 2237 1519 2302 ct
1542 2229 1637 2306 bulla

222 2377 330 2430 aurea
345 2355 477 2454 typario
495 2362 609 2428 nostre
623 2353 812 2446 majestatis
828 2353 995 2450 impressa
1003 2353 1171 2446 jussimus
1186 2353 1404 2427 communiri.

269 2483 382 2575 Hujus
401 2490 518 2554 autern
538 2478 590 2553 rei
608 2487 713 2552 testes
730 2488 812 2553 sunt
832 2504 841 2549 :
862 2479 903 2550 B.
924 2477 1119 2574 patriarcba
1139 2479 1418 2574 aquilegiensis,
1445 2532 1454 2550 .
1475 2532 1484 2551 .
1504 2532 1514 2551 .
1534 2479 1636 2574 blag-

222 2605 453 2702 deburgensis
470 2615 506 2676 ct
524 2657 534 2674 .
551 2657 588 2676 ..
610 2603 793 2676 Ravennae
806 2602 1071 2700 archicpiscopi,
1094 2657 1102 2675 .
1121 2657 1155 2674 ..
1177 2603 1484 2698 babinbergensis,
1510 2605 1547 2676 S.
1566 2605 1637 2678 llu-

222 2729 432 2828 tisponcnsis
450 2727 640 2824 imperialis
660 2727 740 2801 aule
760 2727 1002 2822 cancellarius,
1027 2781 1090 2800 ...
1115 2728 1407 2824 osenburgensis,
1431 2781 1494 2801 ...
1516 2727 1638 2800 Brixi-

221 2855 354 2947 nensis,
378 2909 387 2927 .
406 2909 439 2928 ..
461 2853 666 2928 Mutinensis
683 2862 718 2926 et
735 2853 777 2925 N.
798 2851 951 2948 Reginos
967 2852 1134 2950 episcopi,
1155 2852 1199 2925 A.
1221 2852 1297 2926 dux
1315 2853 1478 2948 Saxonis,
1497 2853 1537 2926 0.
1560 2852 1637 2926 dux

220 2981 392 3074 Menenio,
412 2981 449 3052 B.
472 2978 549 3052 dux
568 2977 768 3070 Karintbie,
788 2999 904 3050 comes
922 2979 966 3052 Η.
986 2977 1031 3051 de
1049 2977 1267 3074 Ortembsrg,
1288 2980 1475 3054 Warnerus
1493 2989 1528 3052 ct
1549 2977 1637 3052 Phi-

220 3107 341 3208 lippus
357 3102 402 3179 ds
419 3102 603 3196 Bollando,
624 3101 665 3174 G.
688 3101 734 3176 de
751 3103 947 3200 Hoyuloch,
966 3111 1000 3175 ct
1016 3103 1075 3175 alii
1089 3104 1325 3200 quamplures.

269 3230 418 3326 Signum
441 3227 573 3304 domini
596 3225 761 3300 Friderici
781 3225 926 3300 secundi
950 3227 1011 3301 Dei
1031 3228 1143 3324 gratia
1167 3227 1383 3301 invictissimi
1405 3229 1635 3302 Romanorum

220 3353 440 3452 imperatoris
457 3374 594 3450 semper
610 3352 763 3448 augusti,
782 3351 970 3425 Jerusalem
989 3361 1024 3424 et
1041 3352 1155 3426 Sicilie
1172 3353 1276 3448 regis.

269 3479 358 3552 Acta
374 3488 456 3553 sunt
472 3477 538 3552 hcc
559 3499 651 3551 anno
669 3475 843 3551 dominice
861 3477 1104 3550 incarnationis
1123 3477 1302 3550 millesimo
1320 3475 1555 3550 ducentesimo
1571 3477 1636 3550 tri·

220 3605 353 3678 cesimo
377 3603 509 3700 primo,
530 3623 650 3676 mense
668 3601 881 3696 decembris,
902 3602 1023 3698 quinte
1043 3600 1259 3692 indictionis,
1286 3601 1476 3700 imperante
1494 3599 1635 3675 domino

221 3737 341 3802 nostro
361 3727 533 3802 Friderico
553 3726 616 3801 Dei
637 3727 748 3822 gratia
770 3725 998 3800 invictissimo
1021 3727 1253 3801 Romanorum
1275 3727 1480 3823 imperatore
1501 3747 1637 3822 semper

220 3859 393 3948 augusto,
413 3851 601 3926 ierusalem
620 3860 655 3924 et
671 3851 788 3925 Sicilie
805 3873 906 3946 rege,
929 3872 1021 3924 anno
1039 3851 1176 3948 imperii
1199 3854 1274 3946 ejus
1292 3851 1516 3945 duodecimo,
1537 3850 1636 3946 regni

221 3977 411 4051 Jerusalem
431 3975 600 4072 septimo,
624 3975 723 4070 regni
742 3996 826 4050 vero
845 3975 962 4048 Sicilie
982 3975 1154 4049 tricesimo
1174 3986 1314 4071 quarto,
1333 3977 1488 4050 feliciter.
1508 3975 1633 4050 Amen.

270 4101 346 4197 Ego
363 4100 510 4175 Silridus
526 4099 782 4196 Ratisponensis
800 4102 983 4198 episcopus
999 4100 1187 4197 imperialis
1204 4103 1283 4173 aule
1297 4101 1538 4192 cancellarius,
1559 4101 1637 4176 vice

222 4223 356 4300 domini
374 4225 510 4300 Henrici
529 4221 582 4324 (c)
598 4224 809 4298 coloniensis
821 4225 1071 4322 archiepiscopi
1090 4225 1196 4298 totius
1214 4225 1311 4299 italic
1324 4226 1633 4320 archicancellarii,

221 4349 423 4446 recognovi.

274 4466 427 4569 [Datum]
445 4469 637 4546 incivitate
653 4469 830 4558 Ravenne,
850 4489 953 4562 anno,
972 4489 1091 4542 mense
1106 4479 1141 4543 et
1158 4468 1348 4544 indictione
1364 4471 1572 4568 prescriptis.

268 4711 310 4796 (a)
325 4715 362 4778 ln
374 4713 462 4778 edltts
473 4711 586 4796 chri,
600 4716 687 4780 mule.
699 4716 758 4778 Pro
769 4715 889 4777 nominc
898 4713 1128 4778 ramcntcrstten
1137 4713 1293 4796 legendnm
1304 4711 1484 4780 cambilla.
