4308 5910
743 575 870 640 need!
897 577 1087 640 SICILIAE.

660 873 862 948 ernanus
886 875 984 948 xrv.
1014 879 1057 947 rs
1080 871 1170 970 (rr).

455 1053 503 1125 lle
523 1073 612 1146 perra
628 1051 794 1125 calumnie
813 1064 927 1126 contro
948 1053 1189 1126 calumniantes
1207 1052 1367 1126 stabilite.
1506 1037 1510 1042 ’

750 1252 844 1302 rnsrr
873 1253 1073 1304 recussus.

253 1407 379 1480 Penam
414 1407 587 1481 calumnie
611 1415 729 1480 contra
758 1407 1007 1481 calumniantes
1033 1407 1184 1504 antiquis
1208 1405 1445 1482 sanctionibus
1470 1405 1617 1503 provide

209 1531 392 1604 stabilitam
410 1541 444 1604 et
461 1531 507 1606 de
525 1531 775 1606 consuetudine
789 1531 939 1627 quadam
956 1533 1118 1607 abolitam
1135 1533 1351 1622 innovantes,
1368 1531 1539 1604 universis
1553 1533 1618 1625 ju-

210 1657 344 1731 dicibus
375 1655 423 1730 ad
454 1679 602 1752 qnorum
635 1657 865 1752 cognidonem
896 1659 1089 1732 ortminales
1119 1678 1223 1730 cause
1246 1665 1400 1750 spectare
1428 1666 1617 1729 noscuntur

209 1781 425 1876 injungimus
442 1793 482 1854 ut
500 1782 561 1876 [ad
577 1781 814 1856 accusandum
832 1782 889 1856 vel
913 1783 1016 1855 etiam
1042 1780 1301 1856 defendendum
1321 1789 1537 1854 accusatores
1562 1779 1618 1854 vel

212 1907 378 1982 delatores
395 1907 531 2005 aliquos
554 1929 624 1982 non
644 1907 846 2000 admittant,
862 1907 929 1980 nisi
947 1909 1107 2005 primitus
1125 1908 1303 2002 cingulum
1316 1907 1547 2003 inscriptionis
1562 1929 1617 1981 ar·

208 2033 333 2130 cipiunt
356 2041 573 2107 accusatores
595 2033 653 2108 vel
676 2033 780 2106 etiam
802 2031 996 2106 deserentes
1012 2055 1084 2128 quo
1101 2055 1139 2106 se
1162 2032 1209 2107 ad
1232 2052 1357 2127 penam
1380 2031 1533 2126 obligent
1554 2053 1616 2128 per

209 2154 412 2230 calummam
431 2176 501 2229 non
526 2155 728 2251 probantes,
747 2175 854 2249 quarn
871 2166 1065 2252 exposcunt
1083 2155 1252 2230 accusatis
1272 2163 1334 2228 aut
1350 2153 1473 2229 delatis
1487 2155 1609 2251 infligi.

209 2279 346 2354 IndIcee
367 2289 484 2354 autem
508 2279 710 2374 hujusmodi
732 2279 876 2373 judiciis
898 2279 1132 2376 presIdentes]
1155 2279 1206 2377 (a)
1233 2281 1319 2353 nulli
1337 2282 1480 2354 omnino
1505 2282 1614 2372 gratie

208 2407 262 2480 rel
278 2405 469 2502 potentatui
486 2402 698 2494 deserentes,
719 2414 936 2478 accusatores
958 2405 1015 2478 vel
1033 2405 1201 2479 delatores
1223 2426 1313 2502 quos
1328 2406 1363 2476 in
1381 2405 1534 2479 evidenti
1557 2428 1615 2480 ca·

214 2528 336 2602 emnia
360 2526 654 2626 deprehenderint
670 2527 793 2602 eedem
810 2549 900 2624 pena
919 2529 1150 2603 condemnent
1168 2551 1275 2624 quam
1297 2530 1468 2602 accusatis
1485 2529 1615 2627 imponi

208 2653 235 2725 ei
251 2652 417 2728 intentata
434 2653 638 2751 probassent
661 2653 787 2746 obJecti
803 2653 956 2726 criminis
980 2654 1129 2749 qualitas
1145 2653 1359 2749 requirebat3
1380 2654 1427 2727 ita
1444 2663 1557 2727 tamen
1578 2664 1616 2726 ut

208 2801 273 2853 non
295 2777 421 2853 euhoe
439 2780 513 2852 solo
527 2777 624 2874 quod
641 2787 843 2851 accusantes
867 2778 903 2850 in
923 2779 1123 2874 probatione
1142 2778 1344 2871 defecerint,
1365 2778 1615 2852 calumniantes

208 2905 298 3000 ipsos
320 2924 398 2978 esse
420 2913 631 3000 presumunt.
659 2901 807 2976 Subesse
831 2924 982 2997 namque
1005 2911 1117 2999 potest
1134 2923 1241 2976 causa
1260 2903 1448 2999 probabilis
1475 2912 1613 2998 propter

207 3051 306 3124 quam
333 3037 488 3124 speratas
508 3027 729 3124 probationes
746 3025 913 3101 inducere
936 3039 1085 3123 nequeat
1108 3038 1299 3100 accusator.
1324 3025 1395 3100 Sed
1418 3036 1458 3099 ut
1480 3025 1612 3100 dictum

208 3162 271 3244 est,
299 3149 507 3225 calumniam
535 3149 730 3224 evidentem
753 3151 927 3246 exigimus
952 3161 991 3222 ut
1014 3160 1192 3224 accusator
1209 3149 1411 3224 temerarias
1431 3160 1608 3246 arguatur.

209 3277 339 3362 Quanto
368 3277 460 3349 enim
486 3273 609 3348 durius
633 3283 795 3348 nocentes
824 3277 1077 3372 persequimur,
1097 3285 1193 3348 tanto
1215 3275 1378 3349 libentius
1401 3275 1613 3350 absolemus

207 3399 411 3474 innocentes.

658 3630 859 3704 arsurus
884 3631 965 3703 xrr.
994 3635 1043 3704 rs
1060 3629 1150 3730 (rs).

284 3807 464 3883 decoctor
480 3819 513 3880 et
527 3832 626 3895 reus,
653 3811 682 3881 sr'
700 3807 773 3882 dolo
790 3809 842 3880 oet
859 3809 981 3902 fraude
997 3811 1074 3882 dcto
1092 3810 1158 3882 sibi
1171 3811 1311 3882 termino
1327 3833 1350 3882 c
1362 3811 1533 3904 judicibus

468 3957 536 4007 non
553 3936 800 4030 comparuerint
820 3935 923 4026 curie,
939 3958 1064 4030 penam
1081 3936 1266 4007 sustmecnt
1285 3933 1342 4030 (d).

741 4137 834 4188 IDE!
863 4137 1063 4188 AUGUSTUS.

253 4286 337 4384 Scpe
349 4288 519 4384 contingit
533 4297 765 4363 accusatorem
777 4312 857 4363 cum
870 4303 1032 4364 accusem
1044 4291 1231 4384 colludere,
1253 4300 1374 4365 utnon
1390 4291 1426 4364 in
1442 4300 1551 4364 totum
1565 4290 1611 4363 ab

209 4413 419 4487 amusatione
436 4411 635 4503 discedant,
660 4413 723 4488 sed
746 4426 785 4487 ut
808 4415 992 4487 terminum
1006 4417 1131 4509 judicii
1151 4428 1357 4514 prorogent,
1378 4417 1453 4490 sine
1472 4415 1611 4489 licentia

245 4601 282 4685 (a)
303 4607 386 4670 flacc
397 4610 497 4670 omniu
509 4615 574 4671 tum
587 4610 619 4670 in
632 4625 753 4688 mesco,
767 4615 832 4670 tum
846 4611 879 4669 ln
891 4609 958 4671 cod.
974 4619 1053 4672 teat
1068 4611 1187 4675 desunt.

246 4707 280 4792 (t)
301 4713 412 4778 Graece
425 4731 434 4776 t
449 4715 492 4778 Bt
504 4723 668 4780 umatus
681 4723 709 4779 et
720 4733 769 4777 reo
781 4717 808 4776 rt
819 4713 912 4777 dalem
923 4713 1081 4781 colludunt.
