4372 5918
1040 586 1398 652 cousrtnoutouus

1005 857 1208 934 TITULUS
1236 861 1285 932 ΙΙ.
1313 865 1341 931 Γ
1367 857 1433 957 (3).

517 1007 564 1077 De
585 1017 820 1100 patarenorum
838 1011 1112 1106 receptatoribus,
1133 1011 1350 1106 amarius,
1368 1011 1592 1106 complicibus,
1610 1021 1642 1083 et
1657 1011 1846 1104 [autoribus
1858 1008 1923 1106 (t).

976 1199 1198 1250 lMPERATOI
1222 1199 1468 1250 FREDEMCUS·

565 1337 807 1412 Petarenorum
834 1349 1082 1436 receptatores,
1103 1340 1283 1415 credentes
1304 1341 1355 1438 (α)
1381 1352 1416 1414 et
1442 1341 1626 1437 complices
1650 1349 1685 1412 et
1707 1361 1927 1434 quocumque

421 1483 424 1491 ·
518 1461 621 1534 modo
639 1463 789 1535 fautores
806 1464 868 1558 qui
886 1475 923 1536 ut
940 1487 960 1537 e
980 1487 1069 1560 peua
1085 1467 1217 1560 possint
1232 1467 1318 1538 alios
1333 1467 1499 1557 eximere,
1517 1464 1617 1539 dese
1634 1465 1729 1538 velut
1742 1463 1925 1557 improvidi

515 1605 585 1658 non
606 1587 809 1704 formidant,
831 1589 1016 1684 publicatis
1039 1589 1140 1661 bonis
1156 1589 1319 1662 omnibus
1340 1587 1572 1683 relegandos
1559 1611 1598 1661 m
1623 1595 1827 1684 perpetuum
1851 1609 1927 1659 esse

515 1731 713 1804 censemue3
725 1721 765 1799 et
749 1713 936 1840 ipsorum
955 1711 1017 1784 filii
1033 1710 1080 1786 ad
1092 1713 1239 1788 honores
1256 1715 1392 1810 aliquos
1403 1715 1599 1830 nullatenus
1611 1720 1844 1799 assumantur,
1864 1713 1924 1782 sed

515 1833 657 1907 intamie
674 1843 839 1930 perpetue
861 1846 940 1910 nota
965 1837 1121 1910 laborent
1145 1847 1183 1910 nt
1212 1859 1276 1910 nec
1298 1839 1334 1910 iu
1354 1849 1457 1911 testes
1484 1817 1522 1909 iu
1547 1837 1663 1909 causis
1681 1836 1728 1932 (ὁ)
1753 1859 1775 1908 a
1799 1835 1926 1930 quibus

514 1959 727 2054 repelluntur
753 1960 919 2049 infames,
951 1961 1169 2057 atiquatenus
1198 1961 1478 2034 admittanturc
1446 1962 1506 2060 (c.)
1534 1961 1570 2034 Si
1596 1970 1708 2033 tamen
1733 1960 1858 2054 aliquis
1882 1961 1926 2034 de

515 2081 595 2155 filiis
613 2081 664 2180 (d)
681 2093 930 2180 receptatorum
958 2085 1014 2158 vel
1038 2087 1211 2159 tenuram
1236 2085 1406 2160 detexerit
1425 2086 1576 2181 aliquem
1598 2086 1803 2158 Patareuum
1825 2085 1927 2177 eujus

514 2207 714 2300 hujusmodi
736 2209 916 2283 manifeste
937 2209 1102 2306 probetur
1124 2209 1289 2306 perfidia,
1308 2211 1344 2282 iu
1367 2208 1449 2283 ddei
1466 2211 1639 2310 premium
1655 2231 1762 2304 quam
1785 2209 1927 2303 agnovit

515 2335 606 2407 teme
623 2335 768 2430 pristine
785 2335 830 2408 de
849 2335 1017 2432 imperiali
1034 2337 1215 2410 clementia
1236 2335 1460 2410 restitutionis
1476 2337 1513 2408 iu
1529 2337 1701 2432 integrum
1718 2333 1926 2408 beneficium

516 2468 745 2554 consequatur
759 2457 819 2555 (e).

1004 2639 1206 2712 TITULUS
1231 2641 1297 2713 111.
1325 2645 1352 2711 Δ
1377 2638 1444 2737 (d).

1049 2791 1099 2864 De
1115 2794 1390 2887 apostatantibus.

1012 2976 1097 3026 unx
1125 2975 1337 3026 neomutus
1362 2952 1429 3049 (2).

566 3119 806 3214 apostatantes
823 3139 844 3190 a
861 3117 930 3192 fide
944 3117 1110 3192 catholica
1132 3119 1270 3216 penitus
1286 3140 1521 3209 exsecramus,
1540 3119 1757 3214 insequimur
1776 3117 1924 3210 ultione,

560 3321 599 3401 (a)
619 3323 727 3384 Graece
743 3341 750 3384 τ
765 3323 974 3384 Patereuortem
994 3329 1181 3403 receptatores
1193 3320 1282 3384 dietae
1294 3319 1433 3406 κρεδὲντας
1451 3320 1485 3383 t'd
1500 3329 1541 3384 ert
1554 3319 1726 3390 πιστεύοντας
1740 3322 1926 3403 (medentes).
1995 3332 2000 3342 '

558 3427 601 3510 (b)
621 3430 669 3490 Sic
682 3432 714 3490 in
727 3429 801 3490 Cod.
816 3430 910 3491 Puris.
924 3429 982 3507 Ap.
998 3430 1122 3492 Cmcant
1134 3431 1167 3490 ia
1179 3428 1306 3510 mbae,
1319 3434 1419 3492 mluus
1433 3437 1520 3492 mete.

558 3534 596 3616 (c)
623 3537 650 3598 A
664 3536 761 3597 verbte
773 3533 824 3596 ced
835 3535 974 3618 infamiae
995 3554 1090 3614 usque
1106 3537 1145 3598 ud
1157 3536 1354 3599 admitteretur
1368 3539 1476 3600 desunt
1486 3556 1535 3615 ap.
1552 3538 1630 3598 Petr.
1643 3537 1681 3598 de
1693 3537 1804 3598 thets.
1818 3535 1930 3598 Graece

516 3649 615 3704 autem
629 3643 748 3704 brevius
771 3649 802 3704 et
822 3644 984 3720 simplicius
998 3659 1006 3702 ε
1014 3639 1079 3722 filii
1099 3651 1196 3704 uuum
1210 3645 1338 3723 iptorum
1351 3645 1430 3704 omui
1441 3642 1547 3704 tonare
1555 3644 1668 3724 priuati
1679 3640 1841 3704 habeamur
1854 3648 1882 3704 et
1895 3642 1929 3702 iu

517 3748 714 3811 testimouium
726 3766 786 3809 uon
797 3746 1006 3811 admittantur.

559 3853 602 3936 (d)
623 3858 678 3933 Ap.
697 3857 778 3918 Petu.
794 3858 832 3916 de
845 3857 940 3918 Vim:
957 3857 993 3918 Si
1006 3863 1103 3918 tumea
1120 3853 1227 3938 clunia
1238 3855 1396 3938 scutorum
1414 3854 1578 3937 tuamet
1598 3855 1755 3934 detexerit,
1770 3857 1879 3919 omisso
1893 3853 1929 3916 de

550 3981 597 4023 eu.

508 3959 597 4150 filte)
622 4068 733 4130 Graece
747 4071 908 4148 stmpltctus
925 4091 933 4132 :
949 4071 981 4132 iu
997 4068 1216 4133 retributionem
1228 4067 1305 4149 fidei
1323 4089 1410 4152 ptam
1429 4071 1591 4154 symaion
1613 4068 1691 4134 dictu
1714 4067 1836 4150 iufamia
1859 4065 1928 4130 tete-

516 4174 643 4238 raditur.

552 4409 589 4486 (t)
607 4409 647 4468 Ci.
658 4411 743 4473 eum.
754 4425 790 4466 us
804 4411 880 4481 vm,
895 4411 997 4484 Epist,
1011 4410 1057 4468 lib.
1068 4413 1095 4482 l,
1111 4427 1171 4486 cap.
1183 4413 1229 4483 at,
1243 4412 1294 4470 sub
1307 4412 1390 4472 initio.

550 4507 587 4583 (e)
607 4509 736 4566 Addimus
750 4523 782 4565 ex
796 4509 967 4568 renovatione
980 4509 1061 4582 hujus
1075 4510 1273 4569 consututicnis
1283 4517 1312 4570 et
1322 4511 1434 4570 aliarum
1451 4509 1540 4582 iacta,
1553 4511 1702 4572 Cremonae
1716 4513 1750 4570 tt
1762 4512 1828 4570 maii
1846 4514 1927 4580 teet,

516 4607 592 4679 cujus
603 4605 730 4679 annuale
742 4605 876 4681 reperitur
887 4606 916 4664 iu
928 4607 1038 4666 archivo
1051 4608 1261 4682 Carpentoracti.
1276 4611 1365 4670 Codex
1378 4611 1476 4682 Paris,
1493 4612 1563 4670 teet
1575 4611 1608 4682 t,
1621 4612 1677 4686 regi
1694 4627 1802 4687 quoque
1815 4609 1929 4685 Rogerio

516 4701 589 4760 huuc
602 4703 707 4760 titulum
719 4704 847 4762 attribuit.
