4320 5918
262 572 359 632 trurcn
376 567 421 646 8.]
710 563 908 627 HISTORIA
934 563 1227 627 nlrtottnttca
1616 563 1679 630 529

260 704 466 780 minutiones
488 699 545 774 vel
566 699 718 796 dampna
743 699 896 795 quelibet
924 719 995 774 uon
1022 700 1201 792 timentes,
1228 721 1308 772 cum
1335 708 1451 774 noster
1476 697 1611 774 advos
1636 701 1673 773 in

260 829 420 928 proximo
445 826 491 900 sit
514 823 687 899 adventus
709 823 812 898 etde
834 825 997 898 omuibus
1019 845 1083 899 vos
1097 823 1302 922 indempnes
1328 833 1364 898 et
1375 823 1546 918 jocundos
1561 827 1675 926 iacere

262 954 497 1029 intendamus.
517 951 560 1024 Et
578 971 661 1024 eooe
675 949 772 1046 quod
794 950 967 1024 nobilibus
984 949 1109 1026 vestris
1126 949 1251 1024 vicinis
1268 958 1304 1023 et
1320 949 1491 1024 universis
1511 949 1674 1025 fidelibus

262 1079 388 1154 nostris
404 1097 468 1175 per
484 1076 614 1148 litteras
636 1083 770 1148 nostras
787 1074 956 1172 speciales
973 1084 1008 1148 et
1023 1075 1199 1170 generales
1225 1073 1475 1148 demandamus
1497 1084 1537 1148 ut
1557 1077 1674 1151 nullus

262 1223 382 1278 eornm
399 1222 464 1276 vos
481 1199 677 1298 proaliquo
696 1208 873 1295 presumat
886 1197 1074 1292 offendere,
1095 1199 1180 1294 quin
1197 1199 1312 1295 potius
1326 1199 1471 1273 consilio
1488 1209 1523 1273 et
1540 1201 1674 1276 auxilio

264 1327 325 1399 ubi
342 1323 536 1423 expedierit
550 1323 598 1397 ad
619 1331 775 1396 vestrum
792 1343 956 1396 curamen
973 1322 1146 1396 assistant.
1166 1322 1237 1396 Vos
1254 1331 1372 1396 antem
1390 1323 1673 1398 confortationem

263 1448 497 1525 omnimodam
513 1447 696 1522 assumatis
709 1467 772 1544 pro
789 1446 897 1520 nostri
913 1446 1053 1520 honoris
1068 1445 1207 1520 nomine
1220 1445 1438 1543 persistendi,
1453 1446 1673 1522 devotionem

263 1585 298 1648 et
319 1573 518 1650 fidelitatem
532 1581 683 1648 vestram
700 1571 866 1646 obnixius
881 1580 1149 1668 prosequentes,
1171 1579 1206 1644 et
1227 1570 1420 1668 predictum
1438 1572 1674 1664 juramentum

263 1699 320 1774 rel
339 1697 522 1796 quodlibet
538 1696 635 1792 quod
654 1706 769 1772 nostm
785 1696 896 1792 tangit
912 1696 1098 1790 majestatis
1119 1695 1296 1786 honorem,
1324 1694 1476 1769 necdum
1496 1698 1672 1784 anuntio,

264 1824 327 1898 sed
354 1823 384 1896 si
414 1821 507 1896 lilius
536 1829 653 1896 noster
675 1821 784 1896 velud
811 1841 871 1895 ore
889 1819 942 1919 (i)
962 1830 1191 1918 presumeret,
1220 1821 1413 1894 nullatenus
1436 1820 1580 1894 faciatis.
1605 1822 1675 1896 Nos

263 1949 355 2024 euim
374 1969 496 2022 sumus
514 1946 679 2022 dominus
700 1955 736 2020 et
751 1946 937 2043 imperator
958 1945 1111 2043 imperii,
1132 1945 1380 2042 peruosenim
1397 1943 1494 2019 etde
1513 1946 1676 2020 mandato

264 2081 378 2146 nostro
394 2070 588 2146 reverentia
612 2069 759 2145 debetur
778 2069 910 2162 eidem,
936 2070 999 2144 sed
1024 2079 1205 2166 postquam
1234 2071 1346 2143 tactus
1369 2067 1572 2144 inobediens
1593 2091 1677 2163 erga

264 2207 397 2295 patrem
415 2194 521 2270 fidem
538 2204 731 2270 nostrorum
757 2193 913 2269 fidelium
932 2193 1124 2292 depravare
1140 2194 1306 2288 intendit,
1331 2195 1445 2292 ipsum
1469 2217 1576 2293 snper
1599 2218 1677 2293 pre·

263 2321 378 2398 missis
395 2321 592 2396 nullatenus
610 2318 773 2394 audiatis.

937 2563 1004 2636 111.

343 2751 469 2833 (menta
483 2769 521 2816 0¹
534 2751 743 2816 codvlndob·
761 2749 1080 2835 pomorani.
1098 2739 1462 2837 resram,1ssrecto.)'
1570 2759 1576 2770 ’

311 2938 532 3034 Frederious,
561 2951 629 3016 etc.
659 2941 851 3016 dilectione
882 2943 1033 3040 benigna
1059 2941 1189 3040 recepit
1217 2950 1334 3016 nostra
1358 2943 1524 3016 serenitas
1549 2943 1679 3021 litteras

263 3085 351 3160 quas
364 3076 479 3140 nostro
493 3065 636 3140 culmini
651 3065 860 3160 destinastis,
876 3077 1042 3142 eteorum
1061 3077 1178 3141 tenore
1195 3076 1387 3164 perspecto,
1408 3068 1577 3143 servorem
1595 3069 1677 3146 fidei

265 3199 377 3264 vestre
396 3213 501 3286 quem
521 3214 657 3290 semper
676 3215 759 3290 erga
785 3194 948 3269 honorem
972 3203 1126 3268 nostrum
1147 3201 1183 3264 et
1205 3191 1342 3288 imperii
1361 3203 1557 3290 promptum
1577 3195 1676 3270 inve·

265 3313 379 3388 nimus
397 3337 463 3390 nec
481 3317 527 3391 ad
548 3317 723 3390 sinistrum
749 3317 883 3414 aliquid
908 3318 1110 3412 declinavit,
1131 3315 1248 3412 dignis
1270 3316 1434 3391 laudibus
1456 3310 1676 3396 commenda·

264 3461 352 3514 mus.
377 3441 517 3538 Propter
534 3440 634 3537 qnod
650 3443 832 3518 universos
853 3453 888 3518 et
907 3444 1064 3538 singulos
1083 3451 1237 3516 vestrum
1259 3439 1383 3538 dignos
1405 3446 1679 3521 remuneratione

263 3573 461 3658 censentes,
488 3567 591 3640 vobis
621 3567 919 3665 proponimns'ad
947 3568 1053 3665 digna
1081 3565 1248 3642 beneficia
1272 3565 1473 3663 providere,
1499 3577 1538 3640 ut
1559 3567 1678 3644 fideles
1808 3643 1811 3652 ,

262 3690 404 3784 proinde
422 3691 468 3764 ad
496 3691 773 3767 observationem
798 3693 880 3768 fidei
907 3693 1096 3768 ferventius
1100 3745 1339 3765 ........
1366 3701 1403 3766 et
1424 3691 1581 3768 infideles
1606 3694 1675 3770 do-

262 3813 353 3886 leant
375 3813 497 3889 alidei
519 3817 654 3891 tramite
678 3819 872 3892 recessisse.
898 3821 1011 3916 Super
1032 3839 1075 3892 eo
1100 3838 1183 3891 vero
1205 3815 1302 3911 quod
1330 3815 1547 3913 significastis
1573 3819 1674 3895 nobis

263 3959 378 4034 regem
391 3939 500 4013 filium
514 3951 669 4015 nostrum
685 3963 706 4016 a
722 3943 821 4018 vobis
834 3943 931 4017 aliud
943 3943 1085 4039 exigere
1098 3943 1330 4036 juramentum
1351 3963 1456 4038 qnam
1472 3943 1559 4018 illud
1575 3947 1672 4042 qnod

262 4061 294 4136 ei
312 4061 537 4141 demandato
554 4075 670 4140 nostro
692 4067 836 4158 lecistis,
858 4068 958 4143 vobis
973 4066 1102 4143 exinde
1119 4089 1182 4164 per
1203 4067 1290 4140 olias
1306 4066 1435 4140 litteras
1453 4069 1672 4147 meminimus

261 4189 478 4284 respondisse
490 4213 555 4264 nec
571 4190 618 4265 ad
636 4191 748 4266 minas
760 4192 909 4288 alicoJus
920 4193 967 4268 ob
981 4193 1072 4267 hanc
1085 4213 1224 4266 causam
1237 4189 1398 4266 dubitare
1411 4213 1476 4266 vos
1492 4199 1668 4293 convenit,

262 4310 324 4384 sed
340 4312 377 4386 id
394 4325 671 4391 momentaneum
690 4326 853 4415 reputare
869 4317 1018 4412 debetis,
1043 4339 1123 4391 oum
1139 4317 1175 4390 in
1192 4315 1346 4392 adventu
1360 4326 1477 4393 nostro
1495 4321 1556 4416 qui
1571 4323 1672 4396 erite

262 4436 423 4533 vestigio,
442 4449 606 4537 tanquam
622 4441 742 4515 lolium
759 4441 857 4538 quod
874 4452 980 4517 vento
995 4443 1126 4538 rapitur
1139 4439 1308 4533 deleatur,
1326 4451 1363 4515 et
1378 4463 1500 4538 aspera
1518 4465 1670 4520 conver-

262 4569 378 4662 tantur
400 4563 435 4635 in
453 4565 569 4661 plena.
590 4567 731 4664 Propter
747 4567 844 4663 qood
862 4566 1078 4642 considerate
1095 4577 1130 4642 et
1145 4567 1214 4639 sint
1226 4563 1309 4640 fidoi
1329 4567 1492 4641 relatores
1509 4567 1557 4665 (a)
1574 4570 1670 4666 quod

301 4711 345 4793 (a)
366 4715 414 4778 Sic
427 4718 459 4779 ln
471 4718 583 4782 codice.
596 4721 731 4784 Forsitan
743 4721 900 4802 legendum
915 4718 1092 4786 coruidcratr
1104 4721 1204 4800 ctiam,
1217 4718 1372 4802 riattfidci
1383 4718 1529 4784 salutm

340 4821 394 4885 tv.
1476 4839 1512 4892 ot
