4320 5918
500 573 562 638 520
1001 571 1216 636 FlllllElllCl
1240 573 1417 638 SEClllllll
1728 573 1811 658 [An.
1830 576 1913 640 1935.

501 708 589 792 cina
606 703 784 816 scriptas,
804 727 927 814 quum
944 703 993 788 de
1009 703 1113 790 facili
1139 705 1290 794 corrudi
1317 717 1491 819 possent,
1513 705 1741 794 Thomasius
1757 717 1797 794 et
1813 709 1916 796 llat-

502 841 638 926 thaeus
652 837 800 950 judices
818 836 966 920 Salerni
982 839 1029 922 sd
1050 841 1336 953 requisitionem
1352 839 1527 926 lliooardi
1544 841 1723 926 monachi
1741 841 1918 927 &vensis

503 971 577 1058 sub
595 969 838 1055 instrumenti
855 968 998 1080 publici
1017 970 1142 1058 lorma
1159 974 1352 1087 redigtmt.

583 1173 709 1254 (lnedtt.
735 1176 767 1235 tn
793 1173 913 1236 archtro
939 1180 1068 1237 monast.
1093 1176 1234 1252 carens,
1255 1192 1296 1238 ex
1322 1176 1459 1258 ortgtualt
1485 1192 1679 1258 pergamena,
1692 1191 1762 1240 arce
1784 1176 1915 1252 valt,

621 1289 657 1342 n·
672 1283 736 1356 st.)

551 1458 589 1530 ln
610 1453 749 1529 nomine
769 1453 903 1527 Domini
922 1453 985 1528 Dei
1001 1455 1110 1528 eterni
1128 1463 1164 1530 et
1178 1455 1367 1532 salvatoris
1381 1457 1487 1534 nostri
1504 1457 1586 1532 lesu
1604 1457 1743 1548 Christi,
1762 1477 1855 1532 anno
1871 1457 1916 1530 ab

500 1579 735 1656 incarnatione
746 1579 822 1671 ejus
839 1578 1019 1652 millesimo
1034 1578 1272 1656 ducentesimo
1286 1583 1459 1657 tricesimo
1474 1591 1598 1678 quarte
1611 1592 1647 1656 et
1658 1581 1916 1678 quintodecimo

501 1728 593 1782 enno
618 1704 753 1802 imperii
776 1702 907 1778 domini
933 1703 1040 1778 nostri
1066 1703 1230 1780 Friderici
1249 1707 1486 1801 gloriosissimi
1509 1707 1740 1782 Romanorum
1763 1707 1913 1803 impera·

501 1831 584 1906 toris
601 1851 737 1926 semper
753 1829 906 1924 augusti,
918 1829 1104 1904 Jerusalem
1122 1840 1158 1904 et
1171 1831 1287 1906 Sicilie
1301 1831 1406 1928 regis,
1418 1841 1454 1906 et
1468 1831 1634 1906 vicesimo
1649 1830 1807 1906 secundo
1823 1853 1917 1905 auno

501 1955 600 2052 regni
623 1955 756 2030 demini
781 1954 887 2028 nostri
912 1953 1049 2028 llenrici
1066 1956 1160 2048 regis
1184 1955 1302 2030 Sicilie
1324 1967 1359 2032 et
1376 1957 1488 2032 Ytalie
1509 1959 1585 2051 ejus
1606 1955 1808 2030 benemeriti
1834 1954 1914 2043 lilii,

501 2101 621 2154 mense
637 2077 823 2168 februario,
840 2087 962 2152 octava
979 2078 1179 2154 indictione.
1201 2079 1293 2154 Ante
1321 2102 1385 2154 nos
1415 2079 1638 2154 Thomasium
1664 2091 1701 2153 et
1726 2078 1916 2154 ldattbeum

498 2206 649 2302 judices,
671 2205 887 2302 presentibus
903 2204 1030 2278 abbate
1045 2205 1187 2280 Nieeleo
1201 2205 1263 2301 qui
1279 2205 1408 2282 dicitur
1424 2205 1471 2280 de
1484 2204 1766 2298 lodesindae
1778 2205 1841 2300 qui
1858 2204 1918 2278 di-

499 2333 590 2408 oitur
615 2331 850 2427 Gupugrassus
873 2339 908 2403 et
932 2329 1096 2425 magistro
1122 2329 1262 2404 llatbeo
1287 2331 1349 2426 qui
1373 2329 1501 2404 dieitur
1525 2331 1571 2406 de
1597 2329 1744 2426 uegeto
1771 2329 1918 2404 testibus

499 2453 758 2530 subscribendis
774 2465 809 2528 et
826 2453 874 2528 ad
890 2454 957 2528 hoe
971 2455 1163 2550 specialiter
1181 2457 1328 2548 rogatis,
1350 2455 1447 2530 venit
1464 2456 1568 2530 irater
1582 2453 1773 2529 Riecardus
1788 2475 1919 2528 mona-

493 2581 590 2666 ,chns
607 2580 771 2654 Carensis
786 2579 982 2653 monasterii
1001 2579 1097 2675 quod
1122 2590 1357 2654 constructum
1380 2589 1434 2654 est
1458 2579 1540 2655 loris
1555 2579 1647 2654 banc
1667 2579 1917 2654 Salernitanam

502 2707 678 2781 civitatem
696 2707 732 2778 in
750 2706 826 2779 loce
848 2703 1032 2794 blitiliano,
1054 2705 1110 2778 cui
1132 2705 1296 2780 dominus
1316 2704 1534 2792 leonardus,
1553 2705 1615 2779 Dei
1635 2705 1745 2800 gratia
1767 2725 1921 2778 venera·

502 2833 584 2907 bilis
609 2854 650 2906 ac
667 2831 848 2924 religiosus
870 2829 998 2922 abbas,
1015 2839 1147 2927 preest,
1168 2841 1204 2904 et
1220 2853 1284 2928 pro
1301 2840 1400 2928 parte
1416 2831 1527 2928 ipsius
1546 2829 1742 2904 monasterii
1767 2831 1922 2904 ostendit

503 2978 622 3049 sagres
640 2955 834 3051 imperiales
850 2956 979 3029 litteras
997 2975 1097 3028 cereo
1114 2955 1227 3050 sigillo
1245 2955 1444 3051 insignitas,
1462 2977 1533 3052 que
1549 2953 1645 3029 omni
1664 2953 1757 3030 vicie
1772 2965 1807 3030 et
1831 2978 1918 3030 sus-

503 3083 638 3180 picione
654 3081 827 3169 carebant,
845 3091 880 3152 et
897 3091 995 3153 eraut
1011 3081 1230 3154 continencie
1244 3081 1322 3154 talis
1338 3107 1348 3152 r

551 3205 766 3292 Fredericus,
786 3205 848 3278 Dei
866 3205 975 3298 gratia
993 3205 1226 3278 Romanorum
1248 3206 1434 3302 imperator
1451 3225 1588 3302 semper
1604 3215 1795 3300 augustus,
1815 3205 1921 3278 lau-

501 3334 609 3408 salem
630 3341 665 3406 et
684 3331 799 3404 Sicilie
817 3349 897 3422 rex,
925 3329 1111 3424 stratigotis
1133 3331 1266 3404 Salerni
1293 3329 1456 3404 fidelibus
1478 3329 1553 3402 suis
1580 3330 1728 3424 gratiam
1757 3335 1858 3404 suam
1885 3339 1922 3402 et

504 3459 631 3533 bonam
657 3457 880 3531 voluntatem.
900 3453 1084 3541 Querelam
1108 3453 1318 3528 venerabilis
1334 3453 1499 3528 Curensis
1515 3453 1651 3528 abbatis
1676 3452 1789 3526 tidelis
1813 3455 1921 3527 nostri

505 3582 699 3679 recepimus
719 3581 951 3654 continentem
972 3577 1069 3674 quod
1095 3577 1212 3653 debite
1236 3589 1271 3653 et
1292 3587 1455 3654 consueta
1476 3576 1611 3654 decime
1630 3597 1719 3674 quas
1743 3587 1924 3652 monaste-

504 3711 596 3784 rinm
614 3708 729 3798 ipsum
747 3704 930 3779 consuevit
943 3715 978 3778 et
992 3703 1097 3780 debet
1112 3704 1241 3780 habere
1256 3703 1302 3780 de
1318 3704 1528 3798 bajnlatione
1544 3711 1662 3779 nosue
1674 3703 1820 3796 Salerni,
1836 3703 1922 3776 sob-

506 3833 689 3908 trahuntur
702 3828 815 3904 eidem
829 3849 894 3902 neo
911 3829 1004 3924 ipsas
1016 3829 1145 3904 babere
1159 3839 1283 3925 potest,
1303 3829 1395 3903 sicut
1411 3827 1626 3926 temporibus
1641 3827 1735 3922 regis
1750 3823 1922 3900 Guillelmi

506 3955 651 4032 secordi
668 3953 774 4030 felicis
786 3955 950 4027 memorie
964 3961 997 4026 et
1016 3974 1130 4048 usque
1145 3975 1240 4028 nunc
1254 3951 1515 4050 predecessores
1532 3951 1588 4026 sui
1602 3960 1638 4026 et
1651 3951 1727 4049 ipse
1743 3949 1925 4024 consuevit

507 4081 683 4178 percipere
701 4089 735 4152 et
752 4078 891 4152 habere.
911 4077 1081 4164 Quocirca
1106 4076 1262 4153 fidelitati
1287 4090 1402 4155 vestre
1423 4077 1633 4177 precipimus
1653 4087 1688 4152 ot
1715 4077 1923 4150 mandamus

506 4205 683 4302 quatinus,
695 4205 725 4278 si
740 4213 793 4278 est
805 4203 867 4293 ita,
879 4201 1030 4276 decimas
1046 4201 1152 4298 ipsas,
1166 4203 1256 4278 sicut
1271 4203 1484 4302 temporibus
1497 4201 1582 4278 dicti
1598 4201 1690 4296 regis
1704 4199 1819 4274 extitit
1836 4221 1922 4272 oon·

507 4341 645 4406 suetum
670 4339 705 4404 et
729 4331 804 4426 ipse
820 4337 855 4402 et
872 4327 1133 4426 predecessores
1158 4329 1213 4402 sui
1231 4352 1344 4427 usque
1362 4352 1455 4406 nune
1472 4336 1728 4404 consueverunt
1743 4323 1924 4423 percipere

506 4465 542 4530 et
556 4455 685 4529 babere
697 4465 731 4528 et
749 4455 815 4528 sibi
835 4453 880 4527 de
895 4455 974 4546 jure
990 4451 1175 4543 debentur,
1195 4439 1312 4529 eidem
1326 4455 1442 4529 abbati
1458 4477 1537 4528 cum
1553 4451 1747 4547 integritate
1764 4449 1921 4540 solvatis,

506 4592 546 4656 ut
559 4583 651 4676 juste
667 4601 772 4676 super
788 4578 855 4652 hoc
872 4577 992 4652 iterato
1012 4578 1176 4674 conqueri
1193 4599 1264 4654 non
1284 4587 1440 4676 cogatur.
1458 4577 1585 4652 Datum
1607 4575 1737 4668 Baroli,
1755 4573 1923 4648 vicesimo

505 4705 629 4804 quinto
642 4703 810 4800 januarii,
827 4712 949 4780 octava
966 4701 1177 4780 indictionis.
1202 4807 1208 4816 Ι
1255 4783 1259 4788 ,
