4372 5918
1046 548 1401 614 cousrlrurtouus

923 853 1125 927 TITULUS
1153 853 1320 928 LXVIII.
1347 859 1415 926 ΜΖ
1440 851 1531 952 (tt).

547 1031 595 1102 De
609 1029 737 1102 clericis
751 1031 973 1104 conveniendis
985 1055 1048 1127 pro
1056 1033 1318 1127 possessionibus
1330 1054 1414 1127 quos
1428 1053 1496 1106 noa
1512 1041 1621 1105 sareu
1637 1032 1678 1105 ot
1697 1030 1858 1129 coeierio(
1878 1035 1904 1131 ).

1087 1231 1179 1282 uu
1204 1233 1276 1284 m
1298 1209 1366 1307 (t).

572 1387 608 1461 Si
631 1387 712 1481 quie
732 1387 877 1461 ctericus
898 1387 944 1461 da
970 1387 1160 1462 hereditate
1181 1391 1238 1461 rel
1258 1389 1375 1484 aliquo
1394 1389 1581 1462 tenimento
1599 1387 1695 1484 quod
1716 1409 1786 1461 non
1807 1388 1853 1461 ab
1869 1409 1933 1461 ec-

523 1512 640 1605 clesia,
659 1510 723 1585 sod
740 1535 761 1585 a
782 1513 882 1586 nobie
906 1513 962 1585 vel
979 1513 1025 1585 ab
1047 1513 1114 1586 alio
1131 1513 1248 1608 aliquo
1266 1535 1328 1610 per
1346 1514 1589 1611 patrimonium
1604 1509 1694 1612 [siva
1710 1509 1865 1612 aliunde]
1884 1523 1933 1585 te·

525 1647 624 1728 neat,
644 1638 837 1734 appellatus
856 1638 972 1729 fuerit,
993 1639 1154 1710 volumus
1170 1645 1210 1710 ut
1230 1638 1276 1711 de
1293 1637 1361 1710 hoc
1379 1637 1415 1710 in
1433 1637 1530 1711 curia
1551 1638 1644 1710 iilius
1665 1638 1701 1709 in
1725 1639 1825 1731 cujus
1844 1647 1932 1710 terra

523 1761 773 1857 possessionem
792 1763 847 1835 vel
863 1762 1088 1834 tenimentum
1104 1761 1277 1853 habuerit,
1297 1761 1505 1860 respondeat
1521 1773 1557 1835 et
1572 1761 1669 1857 quod
1683 1763 1816 1854 justum
1833 1762 1935 1834 fuerit

525 1887 643 1978 iaciat;
664 1908 733 1961 non
751 1898 866 1962 tamen
880 1897 920 1959 nt
935 1908 1082 1984 persona
1104 1909 1167 1961 sua
1184 1887 1314 1962 exinde
1333 1887 1490 1985 capiatur
1505 1888 1563 1960 vel
1580 1887 1810 1960 incarceretur
1825 1886 1882 1984 (t).
1945 1859 1951 1874 ¹

965 2215 1167 2290 TITULUS
1195 2217 1270 2291 LX.
1297 2221 1370 2290 ME
1394 2215 1494 2315 (ts).

801 2397 847 2467 Dc
866 2395 966 2491 officior
985 2395 1138 2490 rupistri
1158 2398 1336 2470 camerarii
1355 2408 1387 2470 ct
1403 2399 1583 2470 murmurii
1601 2395 1657 2494 (c).

978 2598 1196 2650 rurnusron
1226 2599 1476 2650 rennnnrcue.

574 2753 771 2827 Officiorum
795 2753 987 2850 periculosa
1013 2755 1169 2827 contusio
1200 2754 1412 2850 privatorum
1434 2756 1513 2849 jura
1541 2753 1601 2849 qui
1619 2751 1788 2846 justitiam
1816 2752 1936 2826 sitiunt

525 2879 729 2975 plerumque
746 2877 938 2952 contundit.
959 2879 1048 2951 Sene
1066 2900 1146 2950 oum
1170 2877 1449 2974 predecessorum
1474 2889 1666 2952 nostrorum
1687 2877 1835 2951 discreta
1851 2897 1936 2974 pru-

526 3003 616 3076 visio
637 3003 684 3076 ad
705 3002 769 3076 hec
783 3001 965 3099 diiigenter
982 3004 1169 3078 intenderit
1190 3015 1230 3076 ut
1253 3005 1468 3100 publicarum
1495 3027 1720 3099 personarum
1744 3001 1858 3077 officia
1879 3023 1934 3074 sa-

527 3135 685 3223 gregaret
701 3127 767 3225 (2),
789 3129 1021 3224 provisionem
1037 3131 1189 3224 ipsorum
1204 3130 1328 3203 affectu
1342 3127 1460 3202 debito
1478 3141 1736 3224 prosequentes,
1753 3127 1936 3201 statuimus

527 3253 707 3348 magistros
729 3253 931 3326 camerarios
949 3275 1011 3327 seu
1031 3255 1237 3328 camerarios
1255 3253 1315 3350 qui
1334 3275 1354 3327 a
1372 3255 1468 3328 curio
1487 3265 1602 3327 nostra
1620 3254 1772 3328 officium
1794 3252 1830 3325 in
1852 3273 1936 3326 cro-

569 3448 610 3528 (o)
631 3449 666 3510 In
679 3464 783 3528 gram
800 3466 808 3509 ε
823 3449 866 3508 Dc
869 3447 940 3528 soro
949 3446 1124 3510 cleruoruou

567 3553 608 3635 (t)
629 3557 665 3617 In
687 3556 788 3618 oodtce
810 3564 888 3636 acts
902 3572 911 3614 t
925 3573 1025 3616 cenom
1047 3563 1144 3617 morou
1161 3555 1197 3618 dc
1212 3573 1338 3636 persono
1349 3575 1404 3618 caca
1415 3554 1520 3618 scinde
1533 3573 1593 3618 ooo
1605 3557 1739 3637 capiatur
1749 3553 1797 3618 oct
1808 3557 1937 3618 inmac-

525 3669 618 3724 raetur.
630 3663 666 3722 In
677 3679 782 3741 graeco
798 3679 806 3721 ε
819 3662 880 3743 φα
894 3667 1150 3742 tcmcapcrronom
1163 3661 1268 3724 mode
1280 3665 1346 3744 capt
1358 3661 1403 3724 oet
1413 3663 1590 3726 immorari
1602 3671 1741 3726 mamus.

567 3768 605 3850 (c)
632 3769 741 3832 Graece
756 3786 765 3828 ε
780 3769 822 3830 Dc
834 3767 879 3830 oo
891 3787 964 3851 quac
977 3777 1107 3850 spectent
1119 3769 1160 3830 od
1170 3768 1298 3850 officium
1316 3767 1566 3853 camaliuporum.
1580 3805 1621 3817 -
1634 3771 1668 3832 In
1682 3769 1861 3850 quibusdam
1874 3770 1936 3832 edt-

527 3876 657 3938 ttontbue
672 3893 680 3936 =
695 3877 738 3938 Dc
750 3873 874 3938 discreto
884 3877 1044 3959 coquitioue
1054 3895 1218 3940 cosumus.

564 4196 599 4271 (t)
618 4195 726 4253 Minime
739 4196 914 4254 dubitandum
925 4205 969 4256 eet
979 4197 1044 4271 quin
1058 4202 1131 4255 recta
1141 4195 1184 4254 tex
1193 4197 1243 4254 ista
1256 4197 1312 4270 rugi
1326 4195 1468 4255 Guillelmo
1479 4197 1597 4254 secundo
1608 4195 1725 4255 adscribi
1736 4196 1843 4266 debent,
1854 4213 1939 4270 quum

527 4295 563 4354 sit
576 4294 754 4370 fragmentum
769 4293 899 4370 privilegii
912 4295 946 4352 ab
960 4297 1019 4370 ipso
1031 4295 1161 4353 ecclesiae
1172 4295 1378 4354 Panormitauae
1396 4309 1467 4352 anno
1482 4297 1546 4354 urs
1564 4294 1675 4366 indulto,
1694 4295 1765 4369 quod
1779 4302 1873 4370 postca
1886 4295 1939 4352 suh

527 4395 613 4453 torma
627 4393 822 4452 constitutionis
832 4393 962 4467 generalis
975 4393 1067 4451 edidit.
1080 4395 1122 4451 Ex
1145 4393 1239 4451 eadem
1262 4393 1396 4453 Guillelmi
1418 4393 1442 4450 11
1462 4393 1653 4452 constitutione
1666 4399 1826 4452 emanarunt
1845 4393 1939 4452 titulus

532 4492 584 4550 Ubi
604 4491 720 4550 ciericos
739 4493 771 4548 io
783 4491 943 4568 nuteficiis,
955 4497 1019 4564 eto,
1039 4491 1145 4550 etalter
1158 4493 1196 4550 nc
1214 4490 1362 4550 aduiteriis
1379 4490 1746 4562 comemmorans,
1764 4491 1839 4551 scor.
1854 4491 1908 4550 cio.
1925 4508 1939 4548 e

526 4591 621 4666 polit,
638 4599 658 4648 t.
672 4592 699 4663 1,
713 4590 759 4647 lib.
774 4591 800 4660 1,
815 4607 875 4664 cap.
889 4591 958 4648 xtt.

565 4689 601 4764 (t)
620 4690 686 4750 Vide
698 4705 780 4764 supra
794 4688 821 4745 in
833 4689 1018 4748 constitutione
1031 4688 1177 4756 Guillelmi.
1189 4689 1300 4747 monuo
1314 4689 1346 4748 do
1359 4689 1483 4761 secretis,
1499 4707 1528 4764 p.
1547 4689 1592 4745 36.
