4360 5908
307 1157 474 1215 lpudllttncnr

298 1213 326 1256 ln
341 1212 481 1312 Fpnrplgulll,

953 619 958 632 .
1003 575 1224 640 'retortum
1248 577 1423 641 sscuuol
1735 579 1817 658 [uss
1835 578 1920 644 1232

561 1159 794 1269 Fridericus,
810 1161 1071 1246 Romanorum
1084 1161 1306 1272 imperator,
1326 1161 1377 1246 ad
1389 1162 1611 1247 instantiam
1629 1163 1755 1250 Adclfi
1773 1168 1920 1252 comitis

506 1295 713 1403 Holsatiae,
724 1321 846 1380 novae
862 1295 1003 1380 civitati
1015 1295 1056 1376 in
1069 1295 1270 1407 Hamburg
1282 1294 1395 1406 juxta
1412 1296 1595 1382 Alstn‘um
1612 1297 1813 1384 confirmat
1829 1327 1920 1385 ocn-

506 1429 693 1515 ccssioncs
711 1440 748 1512 et
764 1429 961 1541 privilegiu
978 1438 1125 1540 epatre
1141 1428 1314 1540 ejusdem
1332 1430 1480 1514 comitis
1497 1431 1622 1516 eidem
1643 1432 1785 1518 civitati
1806 1433 1917 1544 jum-

503 1564 653 1675 pridem
669 1561 834 1647 indulta.

584 1779 680 1862 (nort.
695 1797 744 1860 cp.
759 1781 878 1856 Lumo,
893 1777 1100 1858 nonnose,
1115 1787 1140 1842 t.
1151 1779 1219 1855 XV,
1233 1799 1265 1860 p.
1276 1789 1345 1844 ora.
1357 1781 1605 1858 -ansccrus,
1619 1781 1732 1866 osipus
1741 1782 1913 1868 Hcmburp„

600 1951 605 1966 ,
620 1891 644 1949 t.
658 1887 691 1963 1,
705 1905 737 1967 p.
749 1887 1071 1964 29.-Lnrrnsssnn,
1086 1885 1304 1970 Hcmbrsrqircl.
1319 1883 1513 1966 urkundenb,
1527 1895 1551 1951 t.
1566 1889 1599 1964 1,
1615 1907 1647 1968 p.
1662 1894 1747 1966 tto)

547 2073 756 2168 Fridericus,
775 2077 837 2150 Dei
861 2077 972 2172 gratia
993 2079 1225 2152 Romanomm
1244 2077 1429 2173 imperator
1447 2099 1585 2176 semper
1602 2087 1789 2171 angusrns,
1810 2079 1914 2154 lern-

500 2201 608 2276 salem
626 2211 660 2274 ct
682 2201 799 2274 Sicilie
817 2223 894 2276 rex.
915 2203 979 2276 Per
998 2223 1140 2299 presens
1159 2202 1325 2298 scriptum
1347 2211 1467 2276 notum
1486 2203 1632 2276 lecimus
1648 2202 1822 2276 universis
1841 2203 1913 2274 im-

498 2326 585 2422 perii
601 2324 764 2402 fidelibus
786 2335 854 2400 tam
872 2326 1090 2423 presentibus
1107 2349 1213 2422 qnam
1236 2327 1361 2400 futuris
1377 2327 1475 2423 quod
1494 2325 1675 2424 Adolpbns
1694 2347 1809 2400 comes
1826 2328 1913 2400 llol-

497 2451 605 2544 satie,
626 2449 739 2527 fidelis
764 2461 892 2542 noster,
913 2459 1029 2525 nostro
1057 2451 1199 2526 culmini
1227 2451 1439 2548 supplicavit
1460 2464 1632 2548 qnatenus
1657 2451 1911 2526 concessionem

493 2574 585 2668 juris
600 2575 697 2671 qnod
709 2575 792 2648 olim
805 2575 998 2651 secundum
1015 2577 1193 2674 antiquam
1205 2577 1375 2670 justitiam
1390 2576 1632 2652 Lubicsnsinm
1648 2585 1744 2672 pater
1755 2574 1910 2670 ejusdem

498 2699 633 2774 comitis
649 2701 729 2772 lecit
746 2700 883 2772 civibus
905 2721 995 2774 novo
1018 2700 1168 2774 civitatis
1194 2701 1231 2774 in
1249 2701 1429 2796 llamburg
1449 2701 1553 2794 juxta
1569 2700 1731 2776 Alstriam
1757 2701 1795 2773 in
1811 2701 1911 2775 bonis

498 2833 534 2901 et
545 2827 624 2920 jure
641 2845 706 2897 sno
722 2821 769 2897 de
786 2824 893 2916 areis,
913 2825 1070 2921 pascuis,
1087 2825 1124 2898 in
1145 2827 1259 2898 lrnctn
1277 2825 1439 2899 arborum
1455 2826 1693 2922 sylvestrium,
1714 2847 1910 2900 concessam

498 2969 639 3045 qnoque
658 2947 908 3022 immunitatem
941 2973 984 3023 ac
1008 2949 1200 3025 libertatem
1232 2952 1357 3026 telonei
1389 2953 1574 3049 spectantis
1600 2950 1647 3025 nd
1673 2971 1755 3026 cnm
1776 2951 1814 3024 in
1840 2959 1910 3030 toto

498 3083 589 3148 terra
605 3095 670 3148 sua
686 3083 721 3147 st
733 3072 830 3168 qnod
843 3073 898 3146 bis
911 3071 1007 3148 tieret
1024 3075 1074 3148 ibi
1095 3077 1207 3150 forum
1225 3076 1262 3148 in
1278 3099 1383 3170 anno,
1396 3079 1500 3170 juxta
1518 3087 1667 3152 tenorem
1680 3076 1815 3174 paterni
1833 3077 1909 3172 pri-

497 3197 618 3292 vilegii
637 3197 689 3272 cis
711 3196 854 3286 indulti,
879 3196 1082 3272 confirmare
1108 3197 1154 3274 do
1180 3209 1298 3274 nostra
1318 3201 1429 3294 grstia
1451 3201 1686 3297 dignaremur.
1711 3201 1782 3276 Nos
1804 3201 1909 3295 igitur

497 3322 656 3418 ejusdcm
674 3323 810 3396 comitis
826 3323 979 3420 Adclpbi
998 3323 1112 3398 fidelis
1133 3323 1239 3400 nostri
1265 3327 1577 3424 supplicationibus
1600 3327 1830 3400 favorabiliter
1847 3325 1908 3398 in-

498 3447 633 3537 clinati,
650 3447 807 3522 eamdem
831 3449 1106 3542 concessionem,
1125 3449 1216 3523 sicut
1242 3451 1336 3525 idom
1359 3461 1457 3548 pater
1479 3455 1555 3545 olus
1580 3451 1745 3548 predictis
1772 3449 1907 3524 civibus

497 3594 589 3648 nove
613 3572 763 3646 civitatis
791 3573 829 3646 in
852 3573 1032 3669 llnmbnrg
1054 3573 1246 3648 secundum
1272 3575 1450 3672 antiquam
1472 3575 1639 3670 justitiam
1664 3575 1906 3648 lubicensium

497 3699 536 3772 in
552 3698 654 3772 bonis
671 3707 707 3772 st
719 3699 800 3792 jurc
816 3719 880 3772 sno
892 3699 987 3792 juste
1003 3699 1157 3773 noscitur
1173 3699 1403 3790 concessisse,
1426 3699 1470 3774 de
1485 3699 1575 3774 ursis
1591 3698 1754 3774 videlicet
1773 3709 1808 3772 et
1824 3719 1907 3795 pns-

496 3823 591 3916 cuis,
621 3825 734 3896 fructu
759 3824 921 3897 arborum
947 3823 1167 3920 sylvestrium
1194 3833 1230 3898 et
1257 3825 1473 3898 immunitate
1499 3825 1623 3900 telonei
1652 3824 1836 3919 spectantis
1859 3823 1906 3898 ad

496 3971 578 4022 eum
596 3948 633 4022 in
647 3958 718 4021 tcta
733 3958 823 4022 terra
842 3969 906 4022 suu
922 3957 957 4022 ot
975 3948 1116 4044 insuper
1137 3949 1182 4022 de
1206 3951 1280 4023 loro
1298 3950 1352 4023 bis
1374 3950 1410 4023 in
1432 3971 1524 4023 anno
1545 3949 1721 4041 faciendo,
1747 3958 1850 4046 prout
1868 3947 1904 4020 in

496 4071 632 4146 indulto
656 4073 707 4146 eis
730 4071 887 4167 ejusdem
913 4073 1096 4169 patrissui
1122 4073 1304 4170 privilegio
1327 4074 1464 4171 plenius
1490 4075 1696 4166 continetur,
1718 4073 1763 4148 de
1790 4083 1905 4146 nostra

497 4198 607 4292 gratia
625 4206 791 4295 perpetuo
809 4197 1063 4272 confirmamus.
1083 4197 1139 4272 An
1160 4198 1265 4292 hoJ'ns
1282 4199 1400 4296 itaque
1420 4197 1688 4273 confirmationis
1706 4197 1904 4272 memorium

495 4333 530 4398 el
546 4323 705 4398 stabilem
720 4321 932 4418 firmitatem,
953 4345 1094 4422 presens
1110 4323 1276 4422 scriptum
1298 4323 1373 4399 lieri
1392 4325 1560 4418 jussimus
1584 4323 1773 4416 maiestatis
1791 4331 1903 4396 nostre

493 4450 606 4546 sigillo
624 4450 809 4523 munitum.

541 4577 653 4669 Hujus
676 4583 792 4648 autem
814 4573 865 4647 rei
888 4581 992 4648 testes
1015 4581 1123 4648 sunt:
1146 4577 1183 4649 S.
1206 4575 1430 4672 ltlognntinns
1450 4575 1745 4673 archiepiscopus,
1767 4573 1807 4646 Β.
1833 4593 1902 4670 pa-

492 4701 642 4776 triarcba
656 4699 911 4798 Aquilcgensis,
936 4753 945 4773 .
963 4753 997 4773 ..
1019 4701 1310 4796 salseburgensis,
1334 4755 1396 4775 ...
1412 4697 1719 4796 Magdeburgensis
1733 4695 1902 4793 archiepi-
