4308 5910
764 601 890 665 llEGlll
917 599 1103 666 stclttaa
1583 601 1643 667 139

220 750 338 814 antem
360 740 397 811 in
415 737 546 833 quibus
563 735 782 835 prediximus
806 737 942 832 aliquos
957 735 1054 809 velut
1080 736 1231 810 ulteriori
1251 734 1366 832 gradu
1386 735 1513 810 sivein
1536 757 1639 809 com-

221 866 383 938 munium
400 863 682 960 predecessorum
705 861 810 936 rebus
839 861 914 934 sive
938 859 975 932 in
1001 860 1179 955 acquisitis
1202 859 1345 933 excludi
1376 855 1521 952 debere,
1541 881 1638 956 spem

221 1001 338 1065 nostre
363 988 474 1085 gratie
499 987 696 1083 potentibus
721 985 772 1084 (a)
788 1007 857 1060 non
877 1006 1064 1080 negamus3
1087 985 1156 1058 imo
1184 986 1277 1082 ipsos
1292 983 1370 1056 aliis
1383 985 1418 1056 in
1435 983 1637 1058 liberalitate

220 1124 339 1188 nostra
356 1113 509 1211 preferre
525 1111 755 1208 disponimus,
775 1111 804 1184 si
823 1109 980 1206 ejusdem
997 1109 1093 1184 leudi
1111 1109 1158 1184 ad
1178 1132 1241 1184 nos
1263 1109 1510 1183 rationabiliter
1528 1111 1635 1184 devo·

219 1239 283 1311 luti
297 1239 401 1312 simul
414 1237 653 1334 competitores
663 1237 828 1329 existant,
849 1234 1039 1310 dummodo
1054 1257 1076 1308 a
1090 1235 1355 1330 consanguineis
1370 1243 1504 1308 tantum
1521 1243 1636 1308 nostro

220 1363 317 1438 curie
345 1361 507 1438 offeratur
527 1369 696 1458 quantum
720 1363 766 1436 ab
789 1371 954 1436 extraneo
970 1370 1023 1434 est
1048 1361 1215 1435 oblatum.
1235 1360 1271 1434 Si
1292 1369 1407 1434 tamma
1427 1379 1491 1434 nos
1513 1361 1570 1434 vel
1598 1360 1634 1430 in

220 1485 385 1560 demanio
403 1498 519 1561 nostro
539 1485 644 1562 leuda
665 1487 741 1582 ipsa
765 1495 882 1560 tenere
903 1485 1051 1560 velimus
1068 1485 1126 1558 vel
1149 1485 1225 1560 aliis
1249 1506 1296 1560 ex
1317 1505 1413 1560 mera
1434 1484 1637 1558 liberalitate

221 1613 367 1702 donare,
387 1613 549 1706 injuriam
572 1614 688 1686 nullus
707 1612 774 1686 sibi
791 1611 865 1686 lieri
882 1611 1067 1702 existimet,
1085 1611 1226 1708 siquod
1243 1611 1291 1685 ad
1306 1613 1365 1704 jus
1380 1618 1533 1684 nostmm
1546 1611 1638 1703 juste

221 1736 433 1830 devolvitur,
453 1739 511 1812 vel
533 1737 744 1812 retineamus
766 1737 867 1812 nobis
891 1737 948 1810 vel
975 1737 1051 1810 aliis
1070 1737 1131 1832 qui
1158 1759 1180 1810 a
1203 1736 1304 1810 nobis
1325 1736 1553 1834 prestolantur
1574 1735 1637 1808 be-

222 1859 363 1951 neficia,
382 1862 610 1936 conferamus.

677 2075 880 2150 Tl'l'ULUS
912 2075 1029 2148 XXX.
1058 2075 1128 2172 Θ(
1153 2073 1181 2172 ).

767 2257 911 2346 dejure
938 2255 1015 2328 balii
1039 2253 1100 2352 (b).

775 2455 867 2504 rnrrr
892 2455 1089 2506 accusrus.

272 2605 464 2680 Minoribus
481 2607 542 2702 qui
561 2607 662 2682 atatis
675 2629 738 2682 sue
756 2609 922 2702 suffragio
935 2609 1052 2702 jnvari
1069 2629 1139 2682 non
1155 2617 1300 2704 possunt
1316 2605 1537 2704 imperialiter
1555 2628 1637 2704 pro·

223 2731 404 2826 videntes,
433 2732 616 2806 statuimus
634 2733 664 2806 si
687 2733 829 2828 quando
853 2733 985 2808 balium
1008 2733 1228 2830 impuberum
1252 2733 1484 2806 masculorum
1508 2741 1569 2806 aut
1589 2733 1638 2804 le-

222 2856 394 2928 minarum
423 2855 617 2952 gerandum
643 2857 747 2930 alicui
774 2857 941 2930 serenitas
973 2867 1089 2932 nostra
1118 2857 1344 2948 concesserit,
1372 2855 1397 2928 ii
1421 2856 1483 2952 qui
1506 2855 1638 2930 balium

222 2979 390 3074 gesserint
405 2981 636 3078 pupillorum,
662 2991 845 3079 postquam
868 2982 1001 3058 balium
1028 2983 1142 3080 ipsum
1168 2981 1347 3078 pubertate
1370 2982 1637 3078 superveniente

223 3104 502 3200 dimiserint,·de
527 3106 822 3182 administratione
841 3108 925 3183 balii
946 3108 1093 3184 reddere
1114 3107 1264 3182 debeant
1276 3107 1461 3196 rationem,
1479 3116 1638 3202 presente

219 3230 407 3320 justitiario
423 3232 605 3328 regionum
621 3242 683 3306 aut
698 3233 768 3306 alio
787 3233 844 3306 cui
862 3233 929 3308 boc
946 3235 1137 3330 specialiter
1162 3232 1368 3308 duxerimus
1386 3231 1636 3328 delegandum

224 3353 272 3427 ita
293 3355 457 3430 videlicet
479 3355 593 3450 quod,
613 3355 763 3431 deducto
786 3379 828 3430 eo
846 3357 942 3452 quod
964 3354 1087 3456 [curia]
1105 3379 1167 3454 pro
1183 3358 1260 3454 ipso
1283 3357 1392 3450 balio,
1412 3367 1514 3454 prout
1536 3355 1639 3430 moris

225 3489 290 3571 est,
312 3479 459 3574 dederit,
481 3503 618 3556 necnon
641 3483 801 3558 deductis
816 3485 920 3578 justis
938 3493 972 3558 et
984 3484 1170 3558 moderatis
1187 3485 1351 3582 expensis
1363 3505 1452 3582 quas
1466 3506 1528 3580 pro
1544 3483 1640 3557 victa

223 3614 259 3676 et
276 3604 403 3678 vestitu
421 3627 486 3680 suo
502 3615 537 3681 et
552 3629 641 3704 quas
662 3607 699 3680 in
720 3628 866 3705 persona
887 3619 948 3682 aut
963 3611 1068 3684 rebus
1086 3611 1184 3706 pueri
1202 3611 1259 3685 vel
1279 3631 1341 3708 pm
1359 3609 1498 3684 servitio
1521 3609 1641 3686 debito

226 3729 324 3802 curie
349 3739 483 3823 nostre,
509 3731 555 3806 de
578 3731 621 3804 iis
641 3753 711 3828 que
735 3733 848 3806 minor
866 3741 979 3827 tenet,
1000 3735 1114 3830 ipsum
1138 3733 1270 3808 balium
1298 3735 1420 3810 lenisse
1446 3735 1637 3828 constabit,

225 3853 358 3947 reliqua
380 3855 514 3951 pupillo
535 3856 668 3951 integre
692 3856 839 3932 reddere
858 3867 1026 3934 teneatur.
1054 3859 1156 3946 Quod
1179 3861 1208 3936 si
1230 3859 1464 3936 fraudulenter
1481 3883 1562 3936 enm
1584 3883 1639 3936 res

226 3977 368 4052 minoris
400 3977 661 4054 administrasse
688 3982 791 4056 luerit
815 3983 996 4058 manifeste
1027 3986 1306 4081 comprobatum,
1339 4007 1441 4060 omne
1471 3986 1638 4062 damnum

227 4101 460 4199 quodcunque
476 4127 537 4201 per
559 4107 717 4180 lraudem
742 4107 853 4202 ipsam
876 4109 1010 4205 pupillo
1034 4109 1233 4205 eontigerit,
1255 4109 1369 4185 eidem
1385 4109 1549 4186 derebus
1566 4115 1638 4188 scis

227 4225 391 4300 resarcire
406 4237 561 4322 cogatur,
579 4237 614 4301 et
626 4230 838 4304 tantumdem
854 4232 962 4305 sacris
977 4233 1104 4306 nocuis
1118 4233 1355 4329 largitionibus
1372 4235 1515 4329 inferre,
1531 4260 1638 4332 prava

228 4349 479 4424 consuetudine
506 4373 576 4448 qne
602 4353 769 4429 hactenus
793 4355 946 4430 baliosa
974 4358 1160 4432 ratiociniis
1187 4361 1379 4455 eximebat,
1402 4361 1438 4433 in
1466 4369 1638 4458 posterum

227 4473 436 4566 quiescente.

270 4621 311 4702 (a)
333 4625 369 4686 ln
387 4641 492 4704 graeco
504 4636 558 4695 τοῖς
571 4629 785 4714 πλησιεστίροις,
796 4633 1034 4714 ρνοωίωἰονὶόιυ.

270 4727 311 4810 (b)
333 4729 443 4794 Graece
458 4753 467 4794 ε
486 4733 570 4812 Qacd
581 4734 696 4818 bajulae
709 4737 812 4803 reddat
825 4741 967 4803 rationem
979 4739 1203 4805 adolescentibus
1216 4759 1303 4803 maara
1316 4740 1585 4806 administrationis.
