4320 5918
210 560 312 624 lnnrcr.
326 554 369 644 8.]
662 557 864 623 HISTORIA
887 553 1180 618 ulsuounulcs.
1560 559 1621 624 487

257 694 368 787 Hujus
380 701 497 767 autem
512 691 563 766 rei
579 703 683 769 testes
695 705 777 770 sunt
796 722 805 768 :
822 697 861 768 Τ.
877 691 1085 768 venerabilis
1098 689 1313 764 Ydruntinus
1327 689 1617 792 archiepiscopus,

209 815 324 892 Frater
341 813 586 915 li[ermannus]
606 819 814 892 venerabilis
835 817 1001 912 magister
1015 813 1194 910 hospitalis
1212 814 1337 888 Sancte
1359 815 1471 890 Maria
1492 815 1622 893 Teuto-

209 939 366 1012 nicorum
383 939 421 1011 in
436 939 639 1032 Jerusalem,
664 995 673 1014 .
691 997 728 1016 ..
749 943 920 1039 prefectus
938 940 1028 1012 alme
1045 939 1156 1025 urbis,
1171 938 1214 1010 G.
1239 937 1285 1012 de
1301 939 1468 1014 Arnesten
1487 942 1621 1038 imperii

209 1065 246 1136 in
265 1063 362 1137 ltalia
377 1064 524 1158 legatus,
546 1087 661 1139 comas
677 1065 867 1158 Alduinus,
883 1085 999 1138 comes
1012 1061 1190 1137 Conradus
1209 1061 1255 1136 de
1273 1063 1489 1156 lichenloch‚
1508 1087 1623 1140 comes

209 1187 249 1260 C.
268 1186 314 1261 de
326 1187 490 1283 Fayngen
508 1186 538 1285 (l
546 1187 575 1286 )‚
593 1191 637 1262 Il.
652 1199 687 1264 ct
699 1192 738 1264 L.
752 1191 895 1264 comites
906 1189 951 1263 de
963 1187 1131 1281 Frcburg,
1144 1189 1184 1259 B.
1200 1208 1316 1260 comes
1331 1187 1376 1262 dc
1390 1189 1619 1284 Gravcspach,

209 1310 251 1382 A.
279 1309 324 1384 de
345 1310 533 1404 Arnestem
557 1312 603 1386 Α.
627 1313 672 1389 de
691 1315 908 1408 llotenwels,
928 1332 1045 1389 comes
1064 1313 1181 1385 Simon
1203 1313 1405 1406 Thectinus,
1428 1315 1621 1388 Maniridns

209 1435 498 1528 marchioLanzs,
516 1437 685 1513 Ricardus
701 1439 922 1532 munerarius,
943 1449 977 1511 et
989 1437 1048 1512 alii
1066 1437 1301 1534 quamplures.

259 1560 403 1655 Signum
423 1560 554 1635 domini
571 1563 736 1638 Friderici
757 1564 921 1654 secundi,
944 1563 1005 1636 Dei
1026 1561 1135 1657 gratis
1157 1561 1373 1634 invictissimi
1389 1561 1618 1634 Romanorum

210 1685 425 1782 imperatorie
443 1707 578 1783 semper
593 1689 747 1782 augusti,
767 1689 956 1762 Jerusalem
972 1696 1007 1761 et
1021 1687 1135 1760 Sicilie
1151 1685 1256 1779 regis.
1277 1682 1570 1784 [Moccprcmmci

258 1807 344 1884 Acta
376 1819 457 1884 sunt
486 1810 553 1885 hec
583 1833 676 1886 anno
703 1811 876 1886 dominice
902 1811 1146 1886 incarnationis
1176 1811 1355 1884 millesimo
1385 1809 1620 1888 ducenucmc

210 1931 383 2006 tricesimo
399 1943 543 2030 quarto,
564 1957 683 2011 mense
700 1936 921 2034 septembris,
941 1945 1062 2010 octove
1086 1933 1303 2024 indictionis,
1333 1934 1525 2029 imperante
1551 1933 1620 2007 do-

210 2056 304 2130 mino
331 2068 448 2134 nostru
472 2059 665 2153 Friderico,
690 2062 753 2135 Dei
779 2061 889 2158 gratia
913 2059 1138 2134 invictissimo
1160 2059 1390 2132 Romanorum
1414 2058 1620 2154 imperatore

210 2201 347 2278 semper
369 2194 536 2279 augmu,
567 2185 758 2261 Jerusalem
784 2195 819 2261 et
846 2185 960 2260 Sicilie
983 2206 1083 2280 rege,
1110 2205 1202 2257 anno
1230 2181 1365 2279 imperii
1398 2184 1474 2275 ejus
1495 2192 1619 2278 quarto

211 2303 357 2396 decimo,
379 2308 478 2403 regni
495 2310 683 2384 Jerusalem
701 2331 808 2400 nono,
828 2311 926 2406 regni
941 2331 1026 2383 vero
1041 2307 1343 2381 Sicilicuncssimo
1360 2306 1518 2402 septimo,
1539 2307 1619 2380 leli·

211 2427 309 2502 citer.
326 2429 451 2505 Amen.

259 2555 384 2630 Datum
403 2557 499 2655 apud
512 2559 664 2634 blcntem
677 2559 866 2650 flasconis,
881 2579 987 2649 enno,
1008 2579 1128 2631 mense
1144 2565 1179 2630 ct
1195 2555 1382 2632 indictione
1404 2555 1614 2654 prescriptis.

447 2861 1382 2879 Ἥρω-*ω

264 3145 496 3256 Priuernas,
516 3146 777 3232 Romanorum
807 3147 1028 3260 imperator,
1053 3148 1102 3232 ad
1130 3145 1442 3257 supplicationem
1468 3143 1619 3254 prinei-
1643 3195 1824 3295 ”mm

211 3306 304 3390 pum
330 3279 498 3391 imperii,
528 3281 825 3367 controversiam
859 3282 958 3366 inter
993 3307 1034 3366 se
1069 3291 1108 3366 et
1134 3280 1314 3368 Ottonem
1340 3279 1389 3364 de
1415 3277 1620 3390 buneburg
1669 3277 1800 3360 ammte!

211 3439 326 3524 super
354 3414 646 3525 proprietatibus
676 3414 827 3500 Henrici
863 3414 971 3500 ducis
1001 3416 1050 3498 dc
1080 3413 1302 3499 Brunswick
1331 3421 1537 3497 uertentem
1569 3411 1622 3495 ad

211 3547 411 3633 arbitrium
437 3550 653 3662 principum
678 3549 821 3634 ibidem
847 3549 1131 3635 nominatorum
1157 3548 1332 3656 remittit3
1351 3547 1405 3629 ita
1426 3555 1470 3629 ut
1486 3546 1619 3630 eadem

210 3683 383 3792 quaestio
400 3709 425 3767 a
442 3683 572 3770 futuro
588 3683 686 3770 imin
712 3683 833 3768 sancti
850 3683 1032 3772 lobannis
1058 3681 1250 3791 Baptistae
1267 3707 1389 3792 usque
1407 3679 1456 3764 ad
1475 3703 1619 3763 annum

210 3816 419 3901 decidatur.

293 4031 383 4112 (nuc
398 4049 448 4112 ap.
463 4032 587 4120 smum,
605 4032 719 4118 crea
735 4029 842 4116 aaa,
856 4038 882 4096 t.
897 4031 951 4108 nv,
966 4048 998 4110 p.
1016 4037 1086 4110 ιιι,
1101 3983 1357 4110 stangnum)

260 4220 471 4308 rudericus,
489 4221 554 4295 Dei
575 4222 685 4317 gratia
702 4223 932 4296 Romanorum
955 4219 1140 4318 imperator
1156 4237 1291 4313 semper
1307 4223 1492 4310 angustus,
1515 4213 1618 4286 Jeru-

208 4395 288 4407 0—-

247 4503 283 4574 (l)
303 4501 376 4560 ldcm
389 4503 436 4578 qui
446 4505 646 4580 euprepiae.
661 4503 745 4563 Paule
755 4509 818 4580 post
829 4503 857 4561 in
865 4503 967 4579 praelio
978 4509 1070 4562 contra
1081 4504 1214 4561 Romanos
1227 4499 1335 4559 interiit.
1343 4501 1382 4556 lte
1393 4513 1447 4573 quc
1459 4495 1618 4555 cheiridus

209 4599 372 4658 colomensis
385 4617 393 4656 ι
410 4619 425 4656 a
438 4601 469 4658 ln
481 4597 534 4659 hnc
545 4607 635 4660 tumen
648 4600 773 4662 conflictu
784 4601 864 4676 periit
873 4599 972 4662 nobilis
984 4617 1076 4660 cemes
1086 4601 1199 4659 Suesiae
1213 4599 1299 4657 dictus
1313 4597 1345 4656 dc
1360 4598 1482 4669 Vcinpirr,
1495 4595 1546 4652 *scd
1559 4595 1617 4670 plu·

210 4697 271 4756 rimi
284 4698 355 4774 cepti
372 4697 481 4757 luerunt
495 4698 624 4758 nobilium
635 4701 850 4758 Romanorum.»
