4360 5908
266 599 431 683 laurenti]
718 601 918 664 ntsroutn
942 599 1233 666 ntttotrttttcn.
1623 604 1685 670 Μ

268 743 375 816 salem
393 749 428 813 et
446 737 562 812 Sicilie
577 757 654 811 rex.
676 737 741 812 Per
761 757 902 834 presens
927 737 1094 835 scriptum
1115 745 1236 811 notum
1260 737 1407 813 iacimus
1422 737 1595 814 universis
1617 741 1684 815 im·

267 863 357 962 perii
369 863 533 938 fidelibus
546 869 618 936 tam
633 861 852 959 presentibus
866 883 971 956 quarn
986 861 1112 936 futuris
1122 861 1219 958 quod
1229 860 1412 959 Adolphus
1424 883 1538 938 eomes
1549 865 1686 940 Holtsa·

268 989 323 1064 cie
332 988 363 1082 (t
371 985 400 1084 ),
411 985 525 1060 tidelis
538 994 667 1076 noster,
679 994 796 1061 nostre
808 985 1006 1061 celsitudini
1020 986 1230 1084 supplicavit
1242 996 1414 1084 quatenus
1426 987 1683 1064 concessionem

268 1133 375 1207 quam
395 1111 590 1204 justeieoit
611 1109 656 1184 do
679 1109 892 1206 quibusdum
917 1111 1019 1184 bonis
1038 1119 1073 1185 et
1090 1112 1234 1205 juribus
1258 1111 1333 1185 suis
1354 1111 1562 1204 monasterio
1584 1135 1684 1188 sanc-
1712 1211 1717 1222 Ι

269 1246 382 1310 tarum
395 1231 599 1308 monialium
618 1234 655 1306 in
668 1235 799 1326 Poretz‚
820 1233 865 1308 de
879 1245 996 1309 nostra
1010 1221 1211 1310 confirmare
1230 1237 1340 1332 gratia
1359 1236 1593 1332 dignaremur.
1613 1239 1685 1314 Nos

269 1369 387 1435 autem
402 1359 476 1432 suis
490 1346 799 1455 supplicationibus
815 1355 1048 1434 favorabiliter
1065 1361 1235 1450 inclinati,
1253 1359 1411 1434 eamdem
1427 1361 1683 1436 concessionem

264 1487 429 1558 rucuma
445 1483 539 1557 dicto
563 1483 687 1558 comite
709 1485 918 1558 monasterio
940 1485 1126 1574 antedicto,
1147 1485 1239 1562 sicut
1260 1507 1337 1560 eam
1356 1488 1450 1580 juste
1475 1465 1598 1561 iecisse
1621 1486 1684 1563 di-

269 1609 422 1684 noscitur
443 1619 479 1684 et
500 1611 537 1682 in
554 1629 619 1682 suo
643 1608 823 1705 privilegio
847 1611 937 1684 iacto
957 1609 1071 1684 eidem
1095 1610 1302 1685 monasterio
1327 1599 1520 1684 continetur
1542 1611 1613 1710 (2),
1638 1613 1683 1688 de

268 1745 386 1810 nostra
412 1735 521 1830 gratia
548 1743 717 1832 perpetuo
749 1731 1005 1810 confirmamus.
1039 1734 1094 1808 Ad
1110 1811 1112 1818 ,
1127 1735 1232 1830 hujus
1263 1743 1379 1825 autem
1415 1735 1683 1810 confirmationis

268 1855 419 1958 [nosue]
449 1859 650 1935 memorium
672 1867 708 1934 et
730 1859 888 1944 stabilem
911 1857 1126 1952 firmitatem,
1151 1882 1292 1956 presens
1315 1860 1484 1958 scriptum
1503 1859 1576 1936 fieri
1596 1862 1680 1954 jus-

268 1983 377 2057 simus
391 1983 578 2077 majcetatis
592 1993 708 2058 nostre
724 1984 835 2080 sigillo
850 1985 1034 2056 munitum.

317 2111 428 2202 Hujus
450 2117 565 2182 outeur
588 2109 636 2182 rei
659 2119 762 2183 tentes
783 2119 864 2182 sunt
880 2137 893 2191 ιι
915 2109 951 2181 S.
978 2107 1200 2202 maguntinus
1226 2107 1525 2205 archiepiscopus,
1547 2109 1587 2183 Β.
1614 2131 1683 2206 pa-

269 2233 415 2306 triarcha
441 2233 702 2328 Aquiiogeusis,
728 2233 989 2328 salzburgensis
1015 2241 1051 2306 et
1078 2231 1388 2327 Megdehurgensis
1411 2233 1679 2330 archiepiscopi,

267 2359 308 2430 E.
324 2357 631 2454 Papeubergensis,
645 2359 683 2430 S.
698 2357 954 2432 Ratisboneusis
969 2357 1155 2454 imperiuiis
1169 2359 1249 2431 aule
1264 2358 1504 2447 cancellarius,
1518 2360 1561 2432 Η.
1578 2360 1684 2432 Wor·

267 2482 444 2555 mutiensis
459 2493 494 2556 et
512 2535 521 2554 .
537 2536 570 2554 ..
592 2482 846 2580 Herbipoiensis
863 2483 1028 2580 episcopi,
1047 2483 1176 2557 electus
1190 2483 1428 2578 Frisingeusis,
1444 2483 1553 2556 abbas
1565 2485 1682 2558 Sancti

268 2603 368 2697 Galli,
385 2607 540 2680 marchio
553 2605 600 2680 de
611 2604 742 2702 Buden,
758 2607 912 2682 marchio
929 2607 974 2682 de
988 2607 1177 2703 Burgowe,
1199 2629 1315 2682 comes
1331 2609 1374 2680 Η.
1398 2606 1443 2682 de
1456 2607 1678 2700 Horteubere,

267 2730 455 2805 Warusrus
472 2729 518 2805 de
539 2731 734 2826 Boliaudia,
752 2733 980 2820 Gunzelinus,
1006 2731 1047 2804 G.
1069 2741 1104 2806 et
1122 2732 1160 2805 C.
1183 2731 1227 2806 dc
1244 2731 1434 2825 Hoineuloe,
1457 2731 1620 2828 pincerna
1638 2732 1683 2807 de

267 2856 544 2947 Winterstetten‚
570 2857 733 2954 pincerna
758 2857 804 2932 de
826 2857 1086 2954 Clingenburc‚¹
1099 2857 1288 2932 Ricoardus
1307 2857 1534 2950 camerarius,
1564 2867 1599 2930 ct
1621 2857 1681 2930 alii

267 2959 516 3078 quamplures.-

314 3105 399 3180 Acta
417 3117 499 3182 sunt
513 3105 579 3182 hec
596 3129 688 3182 anno
707 3107 879 3182 dominico
895 3108 1139 3182 incarnationis
1159 3107 1206 3180 M.
1222 3105 1286 3179 CC.
1299 3105 1444 3197 XXXII,
1468 3129 1586 3182 mense
1599 3129 1681 3181 ma-

267 3229 344 3324 dio,
364 3232 488 3328 quinta
506 3231 707 3320 indictione,
728 3233 919 3331 imperante
936 3232 1077 3306 domino
1094 3241 1210 3305 nostro
1229 3231 1402 3306 Friderico
1424 3232 1596 3326 secundo,
1617 3234 1679 3306 Dei

265 3357 375 3452 gratia
394 3357 620 3430 invictissimo
640 3357 870 3431 Romanorum
890 3358 1094 3453 imperatore
1109 3377 1244 3452 semper
1259 3365 1420 3452 augusto,
1439 3357 1629 3430 Jerusalem
1646 3365 1681 3430 et

265 3481 379 3555 Sicilie
394 3503 489 3574 rege,
508 3501 600 3556 anuo
618 3482 762 3556 Romani
776 3481 912 3579 imperii
926 3483 1002 3575 ejus
1018 3483 1108 3574 X110,
1126 3481 1224 3578 regni
1242 3481 1431 3556 Jerusalem
1449 3480 1679 3577 v11⁰etregni

264 3605 378 3679 Sicilie
396 3605 569 3681 tricesimo
586 3607 733 3704 septimo
749 3606 835 3704 (sac),
851 3607 1009 3681 feliciter.
1027 3607 1153 3682 Amen.

311 3731 435 3804 Datum
450 3733 546 3827 apud
559 3733 701 3805 Utinum
717 3735 753 3805 in
767 3733 853 3808 Foro
867 3733 962 3822 tulii,
976 3753 1079 3826 anno,
1089 3753 1207 3807 mense
1218 3740 1253 3806 et
1265 3729 1452 3810 indictione
1466 3731 1673 3829 prescriptis.

299 4087 336 4163 (1)
354 4089 429 4148 idem
449 4092 496 4165 qui
512 4109 603 4152 oorues
617 4093 651 4152 de
667 4095 859 4169 Schauenbnrg
879 4109 961 4170 supra
982 4100 1093 4154 vocatur
1108 4112 1117 4150 ε
1132 4109 1229 4169 nempe
1241 4094 1268 4150 in
1283 4094 1461 4154 instrumento
1481 4094 1544 4152 anni
1560 4098 1631 4156 tttt
1647 4112 1677 4158 se

262 4189 384 4246 nominat
403 4189 541 4264 Adotptcs
563 4193 614 4250 Dei
630 4195 721 4266 pretio
738 4210 823 4252 comcs
840 4195 984 4267 choric,
1003 4193 1169 4261 Stormorr'e
1186 4193 1325 4251 Hottzctic
1343 4199 1369 4250 et
1384 4193 1416 4250 dt
1433 4193 1674 4254 Scionwcnborcit.

261 4283 318 4342 iioc
332 4285 391 4360 ipso
406 4302 477 4345 anno
493 4289 565 4362 patri
578 4305 627 4348 suo
641 4289 764 4366 Adolpho
779 4291 860 4365 hujus
873 4291 988 4349 nominis
1000 4291 1078 4348 tertio
1089 4295 1264 4349 successerat.

298 4381 334 4455 (ἲ)
353 4383 459 4440 Scilicet
471 4386 526 4442 dat.
536 4387 764 4444 Reiuoldesburch
783 4389 811 4445 in
829 4373 945 4462 geunrui
965 4389 1083 4446 omniurn
1097 4388 1266 4446 iiclsatorurn
1283 4389 1466 4464 expeditione,
1480 4389 1518 4448 111
1531 4388 1587 4446 irai.
1597 4395 1675 4448 octo·

260 4477 334 4546 bris,
345 4495 408 4538 ann.
427 4479 463 4538 ab
479 4481 582 4542 incarn.
604 4485 676 4542 dom.
691 4488 775 4557 ⁴226,
795 4485 885 4544 indict.
903 4493 1000 4561 quarta
1012 4487 1124 4545 decima.
1141 4487 1225 4560 ibid„
1240 4504 1268 4562 p.
1283 4489 1345 4546 ³92.
1356 4486 1546 4548 confirmatum
1565 4505 1677 4564 quoque,

261 4575 297 4640 th
307 4576 416 4637 Aorno
428 4579 559 4640 Senoniae
570 4581 652 4654 duco,
666 4599 736 4642 anuo
751 4587 831 4656 ⁴2³2,
842 4601 886 4660 ap.
899 4585 1117 4659 Lauenburguur,
1130 4585 1262 4646 utronno
1274 4587 1389 4662 cupisti.
