4320 5918
247 581 344 644 iunior.
360 580 407 661 8.]
697 579 895 643 HISTORIA
919 579 1210 642 oratouavtcm
1594 581 1652 648 521

295 715 380 790 Cum
403 727 518 790 autem
535 716 612 814 ipse
628 717 824 812 imperiales
840 718 951 792 littere
971 728 1108 792 ostense
1125 738 1168 792 ao
1190 719 1277 792 lecte
1297 718 1449 810 luerunt,
1469 719 1553 815 quia
1578 719 1654 816 ipsa

248 842 380 916 cartula
399 841 436 914 in
453 863 524 936 qua
541 841 616 937 ipse
632 841 742 916 littera
759 854 857 916 erant
872 841 1097 918 bombuoinea
1109 852 1183 916 erat
1197 839 1250 939 (l)
1267 851 1302 916 ot
1316 843 1435 918 desua
1447 853 1570 918 natura
1583 845 1653 920 lra-

247 965 326 1060 gilis
339 963 524 1040 videbatur
539 964 744 1057 substantie,
759 986 839 1038 cum
854 975 971 1062 posset
987 965 1121 1048 oonodi
1137 966 1183 1040 de
1199 966 1293 1039 lucili
1309 967 1365 1040 vel
1379 965 1652 1061 tinia'demoliri,

246 1090 361 1186 ipsum
381 1090 485 1183 stiam
503 1111 644 1164 cereum
661 1085 812 1186 sigillum
831 1091 868 1164 in
888 1090 1019 1166 eisdem
1037 1091 1157 1165 litteris
1175 1091 1379 1186 insignitum
1394 1091 1440 1165 ab
1456 1093 1507 1166 eis
1522 1103 1655 1190 potarat

247 1213 408 1290 decidere
426 1217 483 1289 vel
499 1216 601 1289 evelli
625 1215 681 1289 vel
698 1215 802 1290 modo
817 1215 972 1311 quolibet
988 1215 1120 1310 frangi,
1139 1228 1174 1289 et
1191 1215 1241 1288 sic
1260 1237 1365 1314 supra
1386 1205 1538 1312 ipsarum
1562 1217 1654 1292 litte·

245 1361 362 1414 rurum
385 1351 538 1415 tenorem
558 1339 766 1435 ambiguitas
785 1339 821 1412 in
844 1349 1019 1438 posterum
1042 1339 1198 1430 oriretur,
1218 1340 1403 1414 verebatur
1420 1340 1523 1414 etiam
1544 1362 1588 1416 ne
1606 1363 1653 1415 ex

246 1465 449 1540 necessitate
471 1465 561 1557 juris
584 1462 751 1540 deberent
774 1465 945 1558 assignari
973 1465 1049 1562 ipse
1074 1465 1247 1537 autentica
1272 1464 1383 1538 littore
1406 1465 1655 1562 prenominatis

246 1591 433 1687 stratigotis
448 1591 601 1680 Salerni,
621 1612 701 1664 cum
721 1589 767 1664 de
787 1590 995 1683 bajulatione
1018 1589 1152 1664 Salerni
1178 1610 1241 1686 pro
1267 1598 1421 1686 tempora
1441 1591 1655 1687 deponerent

247 1717 427 1804 rationem,
441 1725 476 1789 et
493 1719 569 1814 ipso
583 1715 756 1790 autentico
772 1715 884 1790 littere
898 1715 1089 1788 necessaris
1104 1723 1218 1788 essent
1233 1713 1379 1788 Cavensi
1396 1715 1600 1790 monasterio
1614 1726 1654 1789 ut

248 1839 295 1915 de
322 1841 374 1915 eis
398 1839 486 1914 fides
514 1837 612 1915 lieret
637 1839 897 1914 successoribus
923 1839 1076 1935 ipsorum
1098 1839 1351 1934 stratigotornm
1382 1839 1419 1912 in
1443 1839 1655 1933 bajulatione

247 1966 398 2052 Salerni,
417 1965 549 2060 quibus
565 1985 636 2040 non
651 1963 777 2038 habitis
790 1963 985 2060 predictum
1003 1963 1247 2037 monasterium
1265 1964 1456 2061 dampnum
1481 1963 1655 2040 incurrere

246 2101 383 2188 posset;
406 2089 536 2164 idcirco
551 2090 626 2186 ipse
643 2091 746 2164 frater
761 2087 949 2163 Riooardus
968 2109 1030 2184 pro
1052 2096 1150 2184 parte
1166 2087 1276 2184 ipsius
1291 2088 1489 2164 monasterii
1505 2109 1570 2164 nos
1589 2088 1656 2164 de·

247 2227 407 2313 precatus
422 2225 474 2290 est
489 2215 655 2312 quatinus
676 2214 770 2311 ipsas
791 2213 921 2288 litteras
941 2212 1055 2288 officio
1076 2222 1194 2286 nostro
1212 2213 1467 2310 publicaremus
1485 2234 1547 2288 seu
1566 2212 1658 2288 insi-

247 2351 495 2436 nuaremus,ut
509 2364 571 2440 per
583 2339 784 2436 hujusmodi
798 2341 997 2436 exemplum
1011 2340 1121 2414 taliter
1132 2339 1291 2434 judicum
1302 2339 1416 2414 officio
1430 2339 1657 2436 publicatum,

250 2489 331 2542 cum
345 2489 434 2565 opus
444 2477 547 2559 esset,
559 2467 644 2564 ipsis
657 2467 883 2561 originalibus
895 2465 1017 2540 litteris
1033 2485 1103 2538 non
1117 2464 1408 2560 comparantibus,
1424 2473 1538 2560 partes
1551 2463 1662 2560 ipsius

249 2593 446 2668 monasterii
463 2613 502 2666 se
519 2602 661 2689 possent
681 2601 752 2666 tum
774 2593 810 2664 in
829 2591 972 2686 judiciis
993 2613 1099 2686 quam
1122 2599 1222 2664 extra
1242 2588 1376 2682 judicia
1401 2588 1589 2664 defendere
1604 2591 1661 2662 vel

249 2720 359 2812 tueri,
378 2727 414 2794 st
430 2717 592 2792 omnibus
615 2717 804 2812 stratigotis
828 2717 961 2814 inipso
977 2715 1186 2810 bajulatione
1209 2735 1271 2810 pro
1294 2723 1449 2811 tempore
1471 2713 1662 2788 succedan-

249 2845 344 2919 tibus
359 2845 395 2918 in
415 2844 526 2940 ipsam
545 2843 790 2937 bajulationem
808 2838 881 2938 (rac)
903 2839 1009 2914 fidem
1026 2841 1138 2914 lacere
1154 2837 1356 2935 plenariam.
1377 2838 1483 2932 Cujus
1500 2859 1564 2912 nos
1583 2859 1662 2935 pre·
1756 2945 1760 2952 ν

249 2971 349 3044 cibus
364 2978 573 3059 annuentes,
593 2968 677 3064 quia
694 2989 754 3042 eas
773 2965 1018 3064 perpendimus
1032 2972 1279 3038 consentaneas
1293 2983 1370 3038 essa
1380 2962 1471 3056 juri,
1492 2963 1585 3057 ipsas
1599 2962 1664 3035 lit-

249 3105 339 3170 teras
354 3095 609 3192 publicavimus
621 3107 686 3167 sen
699 3091 966 3182 insinuavimus,
975 3099 1012 3163 et
1025 3088 1071 3163 de
1086 3089 1193 3162 verbo
1206 3087 1253 3162 ad
1265 3088 1411 3162 verbum
1423 3087 1517 3183 ipsas
1531 3087 1661 3162 litteras

249 3221 287 3293 in
304 3219 371 3294 bac
386 3227 480 3294 carm
497 3217 664 3292 duximus
681 3215 975 3291 transsumendas.
986 3213 1063 3300 Qoe
1077 3212 1193 3287 omnia
1210 3233 1276 3307 ego
1287 3211 1490 3286 Thomasius
1500 3210 1661 3308 poplicus

249 3344 380 3420 Salerni
404 3345 558 3418 notanus
582 3343 643 3438 qui
659 3351 799 3439 rogatus
822 3340 981 3431 interim,
1006 3337 1054 3414 ad
1070 3336 1286 3413 securitatem
1308 3345 1344 3412 et
1358 3337 1526 3412 cautelam
1550 3337 1660 3434 ipsios

252 3470 450 3544 monasterii
468 3468 587 3566 scripsi
601 3479 637 3541 et
651 3469 752 3564 signo
765 3487 843 3540 meo
860 3463 1009 3560 signavi.

300 3597 373 3693 Ego
388 3595 450 3693 qui
467 3617 572 3693 supra
589 3593 793 3668 Thomasius
804 3589 931 3685 judex.

300 3722 373 3818 ugo
387 3722 450 3817 qui
464 3743 568 3817 supra
586 3717 741 3794 biotbeus
750 3715 879 3812 judex.
1320 3783 1324 3794 ,

300 3847 326 3938 j
342 3849 416 3942 Ego
430 3846 605 3944 prediatus
619 3845 729 3919 abbas
745 3843 906 3918 Nicolaus
920 3841 981 3937 qui
995 3838 1131 3914 interlui
1149 3836 1243 3912 testis
1258 3855 1348 3910 sum.

299 3970 325 4064 j
343 3972 417 4068 Ego
435 3972 610 4070 predictus
624 3969 784 4045 biathsus
797 3967 843 4044 de
858 3965 1004 4064 Rogerio
1022 3963 1084 4061 qui
1099 3970 1238 4058 rogatus
1251 3957 1391 4034 interlui
1403 3959 1499 4034 testis
1513 3980 1605 4033 sum.

289 4282 327 4359 (t)
345 4283 397 4340 Por
415 4281 630 4341 constitutionem
648 4295 719 4355 quae
737 4278 852 4352 incipit:
869 4272 1093 4336 cosuetudinem
1105 4285 1189 4348 pom
1202 4269 1276 4342 olim,
1291 4273 1357 4340 etc,
1369 4267 1489 4342 jusserat
1501 4273 1594 4326 umen
1606 4267 1661 4326 im-

254 4388 364 4458 perator
376 4387 406 4439 ut
418 4381 593 4439 instromenta
607 4377 715 4454 publica
726 4391 779 4434 non
789 4376 841 4434 nisi
851 4375 879 4432 iu
896 4372 1066 4450 pergamenis
1076 4370 1104 4428 iu
1116 4373 1254 4445 posterum
1264 4365 1506 4425 comoribsrentur.
1517 4365 1558 4426 Ci.
1567 4381 1660 4442 supra,

256 4497 284 4555 p.
299 4483 344 4552 to,
357 4481 401 4539 tit.
412 4481 531 4551 LXXX,
545 4485 575 4536 et
584 4477 649 4552 quid
657 4477 713 4552 jam
726 4475 909 4534 monuerimus
923 4491 951 4548 p.
966 4473 1013 4542 57,
1027 4477 1084 4530 not.
1095 4475 1122 4527 t.
1138 4469 1206 4527 ilem
1219 4467 1247 4526 in
1259 4465 1453 4540 Protspnmanir
1466 4465 1564 4525 nostris
1579 4479 1662 4540 quam

257 4579 353 4640 malim
366 4577 515 4655 poterimus
528 4575 664 4634 elucidare
675 4573 755 4634 nobis
768 4573 796 4631 in
808 4577 927 4631 montem
939 4569 1022 4630 veuit.

351 4809 406 4874 IV.
1467 4800 1505 4854 st
