4360 5908
279 609 380 672 lrnrcr.
396 609 442 690 5.]
736 609 934 672 dissoluit
958 611 1252 674 elaborantes.
1632 611 1694 678 ³05

281 745 417 838 martio,
435 747 466 820 V
483 745 699 838 indictionis,
721 745 911 842 imperante
932 749 1072 823 domino
1093 759 1209 824 nostro
1225 748 1400 824 Friderioo
1420 749 1485 824 Dei
1496 741 1612 846 ¹gratia
1629 752 1693 824 in-

280 869 470 944 victissimo
486 871 716 944 Romanorum
737 869 942 968 imperatore
965 895 1102 970 semper
1117 881 1278 968 angusto,
1296 873 1509 949 Hierusalem
1526 885 1562 948 et
1578 876 1694 954 Sicilie

279 1015 377 1090 rego,
398 1015 491 1068 anno
508 995 652 1068 Romani
675 995 811 1092 imperii
835 998 912 1090 ejus
935 999 1011 1092 XII,
1036 998 1135 1092 regni
1153 997 1364 1072 Hierusalem
1386 1001 1466 1092 Vll,
1491 1001 1590 1095 regni
1610 1023 1694 1076 vero

278 1118 394 1192 Sicilie
410 1120 565 1212 XXXIV,
581 1119 736 1192 feliciter.
755 1118 880 1196 Amen.

327 1245 452 1318 Datum
469 1245 646 1336 Ravenne,
665 1266 769 1340 anno,
788 1267 907 1320 mense
919 1255 954 1319 et
967 1244 1154 1320 indictione
1170 1247 1377 1344 prescriptis.

493 1543 1474 1557 mnu-W*

331 1818 565 1924 Fridericus,
584 1815 845 1902 Romanorum
863 1817 1083 1928 imperator,
1102 1818 1342 1930 privilegium
1361 1819 1411 1904 ab
1429 1846 1500 1906 avo
1518 1847 1588 1906 suo
1605 1821 1695 1905 Fri·
1834 1848 1861 1882 ⁸·

280 1952 407 2038 derico
437 1953 563 2063 primo
593 1951 823 2037 monasterio
851 1951 1011 2036 Sanctae
1038 1952 1251 2038 Christinae
1272 1952 1384 2065 juxta
1408 1955 1565 2066 Papiam
1592 1982 1694 2040 anno
1758 1981 1762 1989 ’

283 2087 386 2170 1185
403 2087 616 2194 indultum,
636 2086 838 2170 inserendo
855 2096 1013 2170 renovat
1029 2096 1068 2170 ei
1084 2086 1303 2194 confirmat,
1324 2098 1361 2172 et
1382 2089 1537 2200 insuper
1554 2090 1693 2174 indul-

280 2229 345 2334 get
361 2229 405 2306 ui
425 2221 534 2305 nulla
559 2221 804 2332 praescriptio
830 2220 904 2304 nisi
928 2221 1143 2306 centenaria
1166 2221 1290 2306 eidem
1316 2223 1548 2308 monasterio
1573 2250 1693 2334 prae-

275 2353 434 2466 judicet.

363 2557 468 2638 (Edid.
484 2557 646 2632 Roncnmr,
661 2557 758 2622 Notis.
774 2563 842 2620 ator.
858 2555 890 2617 ds·
901 2555 1006 2634 Paria,
1018 2562 1043 2619 t.
1058 2556 1115 2631 111,
1131 2573 1161 2636 p.
1178 2565 1235 2618 aar
1249 2563 1279 2618 et
1292 2573 1389 2638 seqq„
1404 2575 1443 2619 ex
1456 2561 1541 2638 copia
1552 2561 1695 2640 impresse

395 2669 487 2744 Juxta
503 2663 595 2726 iidem
610 2665 731 2728 munus
747 2667 848 2745 copiae
861 2682 880 2726 a
892 2665 987 2727 tribus
999 2666 1125 2726 notariis
1137 2664 1364 2726 authendcatae.
1380 2665 1431 2726 Nil
1443 2665 1568 2727 dublum
1581 2673 1644 2743 est,
1660 2674 1694 2729 ut

399 2774 463 2851 ipsc
475 2771 683 2836 animadvertit
701 2773 997 2854 Roboilnius,tctum
1018 2771 1172 2834 exordium
1192 2773 1341 2851 privilegii
1361 2773 1461 2844 iatius,
1479 2772 1590 2835 scilicet
1612 2773 1693 2852 qnod

398 2881 437 2944 ed
454 2881 639 2945 Frtdertcum
658 2882 821 2944 secundum
841 2884 961 2956 attinet,
977 2881 1097 2942 omnino
1109 2881 1347 2958 praetermissum
1358 2877 1450 2940 inisse
1462 2880 1555 2942 siven
1569 2883 1693 2944 notariis

398 2989 462 3050 sire
478 2989 578 3066 potius
590 2990 791 3066 impressionis
803 2994 934 3068 tempore
949 3003 957 3048 ε
973 2988 1052 3050 nude
1064 2988 1183 3066 punctis
1196 2985 1304 3048 additis
1317 2986 1456 3048 lacunam
1469 2987 1690 3065 supplevimus,

397 3093 523 3156 delendo
533 3095 656 3158 uerbum
672 3092 826 3172 tenendos,
841 3095 921 3176 quod
931 3094 1072 3157 mendose
1093 3099 1160 3172 post
1178 3093 1317 3156 Fddericl
1337 3109 1446 3156 nomon
1464 3096 1579 3174 primus
1599 3097 1693 3158 aditor

335 3627 374 3700 ln
397 3627 536 3701 nomine
554 3625 691 3699 Domini
708 3635 742 3699 et
763 3625 949 3700 individue
964 3623 1149 3698 Trinitatis.
1177 3623 1390 3716 Fridericus,
1412 3625 1531 3703 divina
1552 3630 1689 3706 invente

283 3752 463 3826 clementia
478 3753 708 3826 Romanorum
723 3751 908 3846 imperator
920 3759 1100 3846 angustus.
1119 3749 1252 3822 Summi
1266 3750 1358 3844 regis
1371 3751 1543 3845 judicium
1556 3777 1689 3854 expec-

279 3885 390 3950 tantes
420 3885 460 3949 ut
488 3897 635 3950 messem
666 3875 898 3949 retributionis
926 3884 1043 3950 eterne
1070 3875 1219 3947 caritatis
1251 3876 1494 3970 preveniamus
1510 3881 1686 3976 operibus,

279 4003 439 4077 ccclesias
453 4001 517 4076 Dei
537 4010 573 4075 ot
596 4002 803 4076 monasteria
824 4023 1057 4098 personasque
1071 4001 1109 4072 in
1125 3999 1176 4074 eis
1191 4000 1339 4073 Domino
1356 4000 1589 4078 deservientes
1606 4029 1686 4084 cum

281 4148 400 4201 eornm
419 4123 694 4224 possessionibus
720 4127 757 4198 in
782 4148 846 4200 suo
870 4128 948 4220 jure
968 4135 1003 4198 et
1028 4125 1157 4199 honore
1179 4145 1384 4198 conservare
1406 4135 1441 4198 et
1464 4139 1687 4210 manutenere

282 4273 455 4326 curamus.
475 4253 526 4326 lla
544 4273 627 4325 saue
641 4250 915 4327 consideratione
937 4251 1089 4348 pietatis,
1111 4270 1175 4322 uos
1194 4248 1476 4344 predecessorum
1495 4265 1687 4334 nostrorum

282 4375 392 4451 Caroli
409 4376 544 4470 blagui,
565 4377 728 4470 Othonis,
752 4377 890 4450 Henrici
916 4375 1018 4472 primi
1045 4377 1289 4471 imperatorum
1316 4375 1462 4470 vestigia
1488 4393 1686 4477 sequentes,

280 4502 525 4576 monasterium
544 4504 669 4576 Sancte
691 4501 859 4576 christine
877 4501 1022 4597 virginis
1045 4509 1080 4574 et
1105 4498 1255 4572 martiris
1276 4499 1382 4574 situm
1402 4501 1437 4572 in
1459 4503 1542 4578 villa
1564 4507 1690 4585 Sancte

281 4626 448 4702 Christine
473 4649 577 4724 super
601 4629 716 4700 locum
741 4649 820 4700 oum
846 4627 1008 4700 omnibus
1031 4625 1103 4698 suis
1125 4623 1226 4698 bonis
1251 4625 1438 4700 mobilibus
1466 4638 1500 4700 et
1525 4630 1690 4708 immobi-

282 4751 374 4826 libus
391 4772 461 4847 que
478 4773 572 4825 nunc
589 4751 695 4826 babet
707 4751 763 4825 vei
778 4751 814 4824 iu
829 4761 1006 4848 posterum
1023 4758 1197 4848 prestante
1208 4751 1354 4826 Domino
1367 4751 1461 4845 juste
1476 4756 1685 4856 acquisierit,

376 4874 431 4938 1v.
1494 4882 1532 4939 ta
