4308 5910
797 617 926 679 nsunt
951 611 1144 676 stutttau.
1620 621 1674 683 tul

264 757 351 828 tium
368 753 598 850 permittimus
618 751 784 846 delegari.
806 755 845 825 ln
869 752 1104 824 criminalibus
1129 759 1246 823 autem
1273 761 1308 824 et
1333 751 1496 848 predictis
1516 754 1677 828 civilibus

262 881 398 966 causis,
425 889 530 952 testes
554 880 591 950 in
620 879 716 952 curia
745 888 862 952 nostra
889 877 1098 974 precipimus
1123 876 1332 970 presentari,
1363 877 1429 948 nisi
1457 887 1559 951 testes
1587 881 1677 956 adeo

261 1025 360 1078 senes
382 1013 417 1077 et
438 1003 684 1077 valetudinarii
703 1002 772 1076 sint
787 1002 883 1098 quod
908 1001 984 1073 sine
1011 1000 1162 1094 ipsorum
1190 999 1344 1095 periculo
1367 999 1463 1072 curie
1488 1005 1674 1096 presentari

261 1151 330 1202 non
350 1129 500 1225 possint;
520 1149 591 1224 quo
607 1126 749 1222 quidem
771 1149 852 1200 casu
872 1127 1025 1220 ipsorum
1041 1123 1218 1196 audientia
1231 1123 1410 1216 judicibus
1428 1125 1544 1197 electis
1560 1149 1580 1198 a
1598 1149 1676 1221 par-

262 1253 356 1326 tibus
383 1255 440 1326 vel
473 1251 562 1325 datis
586 1274 608 1325 a
636 1251 732 1324 curia
765 1250 1016 1336 committatur,
1045 1248 1106 1342 qui
1132 1269 1192 1320 eos
1220 1257 1352 1320 tantum
1380 1257 1483 1322 testes
1509 1250 1676 1346 recipient

260 1399 351 1472 quos
374 1377 421 1452 ad
443 1377 575 1450 curiam
605 1375 756 1450 viderint
780 1375 898 1449 venire
920 1395 989 1446 non
1014 1395 1126 1468 posse.
1149 1372 1271 1446 Contra
1295 1395 1384 1466 quos
1406 1372 1582 1446 auditores
1606 1375 1673 1448 sci-

261 1501 340 1574 licet
360 1523 423 1598 per
443 1501 644 1574 electionem
667 1499 814 1596 partium
837 1501 892 1572 vel
911 1520 933 1570 a
954 1497 1051 1571 curia
1073 1497 1281 1594 approbatos
1299 1497 1520 1592 probationes
1538 1499 1573 1569 in
1590 1520 1674 1571 con·

261 1625 403 1696 trarium
426 1625 622 1698 nullatenus
639 1626 876 1712 admittantur,
893 1623 1055 1696 videlicet
1070 1623 1099 1694 si
1121 1643 1200 1718 pers
1220 1632 1375 1718 receptos
1393 1631 1495 1694 testes
1518 1645 1620 1695 sanos
1638 1635 1673 1697 et

255 1750 405 1842 juvenes
423 1751 496 1822 iore
519 1751 715 1824 contendat.
734 1751 824 1823 Sane
843 1749 873 1822 si
892 1749 925 1820 in
944 1749 1088 1820 termino
1103 1747 1149 1820 ad
1175 1747 1392 1842 probandum
1412 1747 1493 1820 dato
1511 1769 1672 1844 parsque

258 1874 407 1968 prebere
431 1874 600 1948 debueret
620 1875 878 1969 inprobatione
903 1872 1040 1946 deliciet
1063 1895 1124 1968 per
1151 1871 1325 1945 delectum
1351 1873 1487 1944 testium
1512 1873 1573 1968 qui
1603 1874 1669 1946 sibi

258 1999 378 2072 venire
405 2001 650 2095 promiserant,
680 2001 736 2074 vel
760 2000 869 2096 ipsius
898 1999 1028 2091 judicis
1054 2007 1116 2070 aut
1138 1998 1301 2070 coactoris
1330 1999 1454 2091 alleget
1480 1999 1668 2092 nequitiam

257 2135 363 2218 atque
383 2133 564 2218 propterea
586 2124 770 2196 terminum
788 2124 907 2215 exigat
925 2122 1122 2217 prorogari3
1144 2121 1227 2216 [non
1245 2121 1343 2194 aliter
1375 2121 1422 2196 ad
1457 2121 1524 2195 boc
1554 2123 1668 2220 ipsum

256 2246 370 2320 audiri
394 2247 614 2320 decernimus
631 2269 737 2344 quam
764 2247 794 2319 si
814 2247 904 2320 inira
921 2247 1113 2342 predictum
1138 2247 1320 2320 terminum
1339 2247 1405 2318 boc
1428 2247 1552 2342 alleget
1572 2251 1668 2344 quod

256 2371 345 2444 inira
362 2371 524 2445 eumdem
537 2371 629 2444 diem
641 2372 754 2464 judex
770 2371 820 2466 (a)
838 2372 894 2444 vel
912 2382 1048 2445 coactor
1064 2371 1153 2444 alius
1172 2371 1247 2444 dari
1267 2381 1439 2466 poscatur,
1454 2374 1553 2467 tunc]
1574 2383 1667 2468 post·

255 2517 362 2588 quam
390 2496 477 2591 perti
505 2496 601 2568 alteri
629 2496 731 2569 luerit
759 2518 820 2592 per
844 2497 1082 2593 cognoscentis
1108 2496 1237 2568 litteras
1262 2496 1476 2583 intimatum,
1506 2519 1551 2569 ex
1572 2499 1668 2590 justa

255 2640 359 2692 ceusu
384 2629 420 2692 et
446 2620 639 2694 necessaria
666 2621 860 2716 prorogatio
885 2622 1020 2696 termini
1048 2621 1171 2718 poterit
1194 2621 1381 2717 impetrari.
1410 2623 1442 2694 ls
1471 2633 1584 2696 umen
1612 2625 1667 2696 cui

256 2746 439 2818 commissa
457 2755 509 2818 est
531 2745 708 2819 audientia
731 2743 812 2846 [seu
830 2743 982 2846 coactio]
1006 2749 1143 2821 testium
1170 2747 1422 2843 predictorum,
1450 2749 1480 2820 si
1504 2748 1541 2820 in
1565 2771 1667 2822 com-

253 2869 360 2943 misso
387 2871 455 2944 sibi
482 2871 595 2944 officio
625 2871 766 2946 dolosus
792 2883 855 2945 aut
882 2873 1062 2968 negligens
1088 2873 1251 2946 inventus
1275 2872 1399 2962 luerit,
1426 2872 1524 2944 curio
1552 2883 1666 2947 nostro

253 2993 292 3066 in
322 2995 419 3068 tertia
454 3007 549 3092 parte
577 2995 758 3070 mobilium
787 2996 1053 3089 condemnetur,
1086 3005 1121 3070 et
1149 2996 1374 3070 nihilominus
1403 2997 1491 3091 parti
1527 2997 1597 3068 lese
1627 2997 1662 3069 in

252 3138 391 3190 omnem
416 3120 534 3194 damni
558 3122 808 3196 estimationem
832 3123 1028 3195 satisfacere
1055 3131 1221 3194 teneatur.
1246 3119 1378 3194 Eadem
1409 3141 1499 3216 pena
1520 3121 1663 3194 testibus

255 3241 438 3338 irroganda
461 3247 490 3318 si
510 3268 570 3342 per
588 3256 848 3342 cognoscentem
865 3248 912 3344 (d)
931 3246 1096 3320 admoniti
1115 3246 1234 3320 venire
1254 3247 1464 3336 detrectent,
1486 3248 1552 3320 uisi
1571 3258 1662 3320 certa

251 3389 343 3463 pene
362 3369 408 3441 nb
425 3391 468 3443 eo
489 3371 546 3444 cui
569 3371 634 3444 boc
651 3373 872 3445 commissum
899 3372 1000 3445 luerit
1022 3373 1166 3445 testibus
1188 3371 1231 3443 sit
1249 3371 1395 3462 indicta,
1415 3393 1484 3465 que
1508 3371 1663 3466 predicta

251 3513 343 3588 pena
361 3493 405 3566 sit
422 3497 530 3588 major
550 3519 559 3564 r
580 3519 650 3591 quo
667 3519 750 3570 casu
766 3521 856 3594 pena
873 3497 1031 3593 imposita
1048 3497 1218 3590 exigetur.
1229 3497 1299 3568 Hec
1316 3496 1354 3568 in
1371 3495 1531 3568 civilibus
1549 3499 1664 3571 causis

251 3617 441 3690 vendicant
464 3619 531 3692 sibi
556 3621 688 3714 locum3
709 3623 745 3694 in
771 3623 1007 3696 criminalibus
1029 3632 1144 3694 autern
1166 3621 1350 3716 inquibus
1373 3621 1578 3715 aliquando,
1600 3623 1662 3695 vi-

251 3741 379 3816 delicet
404 3767 483 3816 cum
506 3746 586 3841 quis
610 3749 798 3843 capitaliter
820 3758 1015 3842 accusatur,
1035 3747 1205 3820 estimatio
1230 3767 1334 3820 cause
1357 3745 1475 3820 baberi
1498 3769 1567 3821 non
1590 3769 1661 3846 po-

251 3875 333 3957 test,
359 3891 449 3964 pena
467 3871 564 3942 tertie
589 3873 695 3966 partis
721 3872 901 3946 mobilium
920 3873 1060 3946 omnino
1078 3873 1173 3944 curie
1191 3881 1305 3944 nostre
1321 3871 1450 3961 soluta,
1472 3880 1573 3945 testes
1599 3886 1661 3946 aut

246 3989 384 4082 jndices
402 3993 602 4088 impetratos
616 3994 661 4090 (c)
680 3998 767 4092 parti
791 3997 861 4070 lese
880 3997 915 4069 in
935 3997 1069 4070 viaticis
1087 4007 1121 4069 et
1141 3997 1337 4092 sumptibus
1357 3996 1426 4067 litis
1447 4009 1660 4072 sacramento

250 4133 316 4186 suo
337 4137 416 4189 oum
438 4118 614 4192 taxatione
626 4120 758 4212 judicis
779 4121 1008 4212 declarandis,
1024 4122 1186 4195 volumus
1208 4143 1283 4195 esse
1305 4121 1535 4211 damnandos3
1557 4126 1659 4220 prin-

290 4329 337 4411 (α)
357 4334 469 4396 lnocd.
485 4345 564 4398 ⁴625
579 4341 621 4400 lta
634 4343 821 4418 conclpltur:
837 4339 1026 4417 dacmimnr,
1042 4341 1093 4404 red
1117 4351 1231 4406 tantum
1248 4341 1414 4424 predictum
1436 4343 1592 4404 marinum
1608 4341 1659 4404 dor

247 4433 353 4518 alleget
366 4439 487 4520 quodie
499 4445 582 4505 curia
596 4444 806 4528 dicturjudea,
820 4455 870 4508 etc.
886 4450 952 4510 Non
966 4457 1065 4510 nmen
1080 4451 1231 4527 liquidlus.

290 4543 334 4624 (d)
353 4546 402 4608 Slc
415 4564 447 4608 se
459 4551 557 4626 lpsum
571 4555 710 4616 emendat
723 4555 870 4618 Cmeunus
883 4563 1105 4638 prouocantem,
1120 4575 1157 4617 ex
1171 4575 1276 4635 graeco
1288 4562 1335 4616 τοῦ
1350 4553 1575 4637 διαγινώσκοντας.

289 4649 328 4730 (c)
355 4653 465 4716 Graece
483 4674 491 4716 ι
508 4655 812 4724 malvernensem
836 4669 934 4723 autem
955 4670 983 4724 ct
1007 4669 1090 4725 tester
1110 4661 1252 4738 nolumus,
1277 4672 1334 4727 etc.
1352 4664 1424 4726 Cod.
1441 4672 1543 4726 tots:
1563 4663 1657 4724 Tertor

246 4764 347 4819 auum
365 4779 386 4820 a
395 4760 543 4843 Μίαῠω
556 4767 715 4847 impetrati.
787 4799 790 4806 ·
1189 4765 1191 4772 ’
