4360 5908
212 575 313 636 lunser.
329 576 376 654 5.]
667 573 867 635 HISTORIA
892 573 1186 638 nlvtome'rtcrl.
1571 573 1632 636 287

212 708 911 809 episcoporumbeneplacitostatuuntur,
926 732 1148 806 quocumque
1159 732 1222 807 per
1236 707 1470 783 diversitatem
1480 710 1632 784 locorum

212 836 353 910 nomina
383 833 812 908 conmendalrrttamus
834 834 1078 909 nichilominus
1106 845 1140 908 et
1163 856 1340 908 cassamus
1364 835 1549 927 cujuslibet
1570 857 1631 907 ar-

212 960 309 1035 tificii
327 959 622 1034 confraternitates
647 981 709 1032 seu
736 960 918 1034 societates
938 983 1159 1057 quocumque
1182 959 1322 1033 nomine
1347 959 1539 1054 vulgariter
1559 982 1629 1056 ap-

79 1126 83 1137 ·
211 1087 394 1182 pellentur.
418 1087 501 1194 imm
526 1083 593 1157 hac
617 1093 734 1158 nostra
757 1084 894 1158 edictali
922 1087 1099 1159 sanctione
1123 1085 1253 1182 placuit
1278 1083 1502 1158 statuendum
1527 1095 1566 1156 ut
1593 1083 1630 1157 iu

212 1211 306 1285 omni
326 1210 464 1283 civitate
488 1210 544 1283 vel
566 1209 697 1306 oppido
724 1209 784 1282 ubi
810 1221 947 1284 moneta
968 1212 1048 1304 jure
1071 1210 1212 1284 cuditur
1233 1210 1541 1283 nec-mercimonia
1565 1230 1630 1282 nec

212 1335 374 1410 victualia
393 1335 511 1432 aliquo
529 1335 663 1430 argenti
676 1333 997 1430 pondereemantur
1011 1357 1072 1408 seu
1091 1335 1307 1428 vendantur,
1324 1341 1543 1430 preterquam
1561 1331 1628 1406 illis

212 1459 364 1535 denariis
394 1459 456 1555 qui
485 1458 627 1533 cuilibet
657 1457 790 1532 civitati
824 1460 881 1532 vel
910 1459 1040 1556 oppido
1064 1469 1145 1532 sunt
1171 1481 1381 1533 communes.
1408 1458 1505 1532 Sicut
1533 1458 1627 1531 enim

211 1587 425 1682 temporibus
447 1587 624 1660 retroactis
648 1586 820 1660 ordinatio
842 1587 1020 1660 civitatum
1047 1598 1081 1660 et
1107 1587 1276 1660 bonorum
1301 1585 1457 1659 omnium
1482 1604 1553 1680 que
1579 1585 1625 1657 ab

210 1710 380 1806 imperiali
403 1711 611 1786 celsitudine
635 1712 874 1804 conteruntur,
892 1712 938 1786 ad
955 1711 1230 1808 archiepiscopos
1251 1720 1286 1784 ot
1308 1711 1487 1807 episcopos
1511 1709 1624 1806 perti·-

210 1835 337 1926 nebat,
363 1837 414 1909 sic
438 1835 595 1910 eamdem
631 1836 884 1911 ordinationem
910 1835 957 1910 ad
982 1837 1075 1933 ipsos
1103 1847 1139 1910 ct
1165 1859 1285 1911 eorum
1310 1836 1475 1912 officiales
1500 1836 1545 1909 ab
1573 1837 1623 1910 eis

209 1961 406 2056 specialiter
427 1961 599 2035 institutos
617 1971 785 2059 perpetuo
815 1963 977 2035 volumus
1004 1961 1190 2056 pertinere,
1225 1961 1480 2035 nonobstante
1510 1961 1622 2033 abusu

208 2085 327 2179 aliquo
346 2086 375 2157 si
392 2085 472 2180 quis
489 2085 524 2157 iu
544 2086 659 2181 aliqua
678 2087 823 2159 civitate
839 2087 926 2158 torte
942 2087 1134 2160 contrarius
1148 2087 1335 2179 extitisset3
1350 2086 1447 2181 quod
1466 2085 1511 2159 de
1533 2088 1622 2160 lacto

207 2211 444 2305 potiusquam
462 2209 601 2303 dejure
617 2232 814 2284 censemus.
832 2211 876 2284 Ut
893 2211 999 2306 igitur
1021 2211 1097 2285 talis
1116 2213 1257 2286 omnino
1275 2221 1496 2284 removeatur
1514 2232 1624 2287 anor-

209 2333 311 2406 mitas
329 2343 363 2406 et
386 2334 602 2409 abususneo
621 2335 834 2409 auctoritatis
850 2335 967 2431 aliquo
987 2336 1161 2410 velamine
1179 2335 1351 2434 pallietur,
1373 2335 1486 2408 omnia
1508 2334 1624 2432 privi-

210 2458 316 2552 legia,
333 2457 462 2531 litteras
475 2469 612 2556 apertas
625 2461 683 2534 vel
696 2461 832 2534 clausas
847 2481 934 2556 quas
948 2461 1005 2534 vel
1016 2471 1132 2534 nostra
1144 2463 1255 2556 pietas
1268 2461 1324 2534 vel
1340 2460 1621 2556 predecessorum

208 2585 783 2682 nostrorum„arcbiepiscoporum
807 2587 966 2660 etiam-et
991 2587 1232 2683 episcoporum
1257 2591 1364 2682 s'uper
1381 2585 1618 2676 societatibus,

207 2709 449 2782 communibus
464 2732 527 2784 seu
545 2711 698 2784 consiliis
718 2711 754 2784 in
770 2711 999 2808 prejudicium
1019 2711 1215 2808 principum
1234 2721 1268 2784 et
1286 2710 1421 2807 imperii
1443 2710 1519 2783 sive
1541 2711 1620 2805 pri-

207 2841 287 2905 vate
310 2855 456 2928 persone
474 2833 572 2910 dedit
588 2835 665 2910 sive
676 2836 819 2910 cuilibet
835 2836 984 2929 civitati,
1005 2837 1051 2910 ab
1073 2837 1139 2909 hac
1166 2835 1224 2909 die
1249 2836 1285 2907 in
1306 2845 1408 2908 antea
1426 2835 1462 2906 in
1485 2835 1618 2908 irritum

205 2979 409 3031 revocamus
438 2981 480 3033 ac
508 2960 632 3034 frivola
658 2961 796 3057 penitus
822 2970 857 3034 et
887 2961 1003 3035 inania
1031 2971 1249 3056 reputamus;
1280 2967 1504 3056 protestantes
1528 2959 1618 3034 hanc

205 3091 321 3156 nostro
344 3085 597 3159 constitutionis
620 3107 682 3159 seu
701 3085 886 3159 sanctionis
913 3086 1037 3182 seriem
1063 3085 1271 3180 exquisitam
1288 3105 1334 3158 ex
1358 3083 1496 3158 decreto
1518 3084 1619 3180 prin-

204 3206 322 3304 cipum
340 3219 375 3281 et
397 3231 442 3283 ax
459 3220 574 3284 nostra
596 3221 688 3284 certa
706 3210 851 3284 scicntia
869 3195 905 3282 in
922 3213 1032 3285 forma
1045 3211 1169 3305 judicii
1192 3209 1408 3308 processisse.
1429 3210 1618 3283 Statuimns

205 3333 312 3428 igitur
328 3343 363 3408 et
380 3335 548 3432 imperiali
567 3336 754 3410 sanctimus
775 3335 890 3410 edicto
907 3333 1080 3431 quatenus
1102 3335 1198 3408 nulla
1218 3335 1360 3410 omnino
1383 3335 1452 3408 alta
1474 3336 1530 3410 vel
1549 3334 1615 3407 bu-

205 3459 314 3552 milis,
335 3461 563 3536 ecclesiastica
588 3463 645 3536 vel
665 3461 839 3536 mundana
865 3482 1023 3558 persona·
1037 3461 1120 3532 huic
1151 3469 1266 3533 nostre
1294 3459 1525 3532 constitutioni
1553 3480 1617 3531 seu

203 3585 372 3657 sanctioni
391 3587 461 3659 ullo
483 3587 692 3661 adveniente
710 3596 863 3683 tempore
881 3587 1100 3682 aliquatenus
1116 3586 1286 3659 contraire
1301 3586 1358 3658 vel
1372 3585 1513 3658 obviare
1530 3604 1617 3679 pre-

203 3717 331 3781 sumat.
363 3709 464 3796 Quod
489 3712 550 3808 qui
581 3713 842 3808 presumpserit,
864 3723 977 3810 preter
996 3711 1268 3805 indignationem
1286 3721 1459 3803 nostram,
1477 3711 1563 3782 sciat
1580 3731 1617 3782 se

203 3835 266 3908 XV
292 3836 459 3910 librarum
488 3837 563 3910 auri
586 3837 664 3934 puri
695 3861 785 3936 pena
810 3838 1069 3930 mulctandum,
1095 3859 1182 3934 quas
1205 3838 1288 3914 fisco
1315 3847 1430 3910 nostro
1455 3835 1618 3910 volumus

202 3961 383 4055 applicari.
404 3961 460 4035 Ad
483 3963 587 4057 hujus
607 3973 723 4036 autem
746 3964 998 4036 constitutionis
1019 3972 1053 4035 et
1070 3963 1257 4035 sanctionis
1283 3972 1396 4034 nostre
1417 3960 1618 4034 memoriam

203 4093 238 4156 et
262 4085 368 4158 robur
384 4097 550 4185 perpetuo
573 4089 778 4180 valiturum,
797 4098 993 4186 presentem
1011 4087 1160 4161 divalem
1184 4087 1346 4183 paginam
1373 4085 1444 4158 fieri
1467 4095 1502 4160 et
1524 4086 1616 4158 bulla

202 4232 309 4283 aurea
324 4214 459 4310 typario
476 4223 591 4289 nostre
607 4216 794 4309 maJestatis
811 4215 978 4314 impressa
993 4214 1161 4308 jussimus
1177 4212 1395 4287 communiri.

252 4335 363 4429 HuJ'us
381 4339 431 4411 rei
450 4347 553 4414 testes
570 4351 651 4413 sunt
670 4368 678 4413 :
704 4343 744 4414 Β,
766 4341 960 4438 patriarcha
976 4339 1237 4435 Aquilegensis,
1259 4339 1302 4410 A.
1321 4337 1612 4432 Maidburgensis,

206 4513 270 4533 ...
298 4462 496 4559 Ravennae,
518 4467 558 4538 B.
581 4467 841 4542 Panormitanus
867 4465 1134 4562 archiepiscopi,
1156 4465 1197 4537 Ε.
1226 4463 1541 4556 babenbergensis,
1570 4461 1611 4532 ll.

205 4585 481 4684 Wormaciensis,
501 4593 537 4664 S.
559 4593 815 4689 Ratisponensis
834 4593 1021 4688 imperialis
1037 4593 1117 4665 aule
1132 4591 1367 4681 cancellarius,
1389 4587 1613 4674 Brixinensis,

203 4709 493 4811 osenburgensis,
523 4717 716 4810 Curiansis,
743 4721 911 4816 Reginus,
938 4719 1135 4810 imolensis,
1161 4719 1383 4808 Mutinensis,
1409 4713 1616 4789 Faventinus
