4288 5912
389 485 390 490 Ν
522 535 583 598 ers
1024 527 1237 590 unrnnnrcr
1262 527 1435 592 sucurnr
1744 529 1924 610 [mersas

573 667 769 762 Gregorius,
786 675 869 750 etc,
886 663 1078 756 frederico,
1099 675 1162 736 etc.
1178 666 1243 738 Pru
1258 676 1316 738 tue
1330 665 1546 738 celsitudinis
1558 666 1782 754 incremento,
1803 649 1867 739 etsi
1884 667 1928 738 ab

526 793 713 888 aliquibus,
729 791 789 885 qui
809 789 936 862 scirent
951 788 1055 860 etiam
1074 787 1120 859 de
1137 788 1280 860 balsami
1298 811 1512 862 murmurare
1527 789 1710 882 fragrantia
1724 797 1760 860 et
1774 789 1811 860 in
1830 789 1928 861 melle

528 917 661 991 causari
671 913 865 988 dulcedinis
880 915 1084 1000 ubertatem,
1099 913 1187 984 forte
1200 913 1409 984 contrarium
1426 923 1593 1000 teneatur,
1607 912 1696 984 dnos
1710 933 1757 984 ex
1768 913 1929 984 fratribus
2022 953 2024 956 ·

528 1039 654 1114 nostris
668 1061 755 1134 quus
772 1035 964 1110 laudabiles
977 1037 1089 1108 effecit
1103 1037 1299 1130 multiplicis
1316 1035 1491 1110 evidentia
1509 1036 1703 1130 probitatis,
1730 1037 1930 1109 lombardis

530 1165 670 1237 omnino
695 1159 937 1250 renitentibus,
963 1183 1025 1255 pro
1041 1171 1075 1230 te
1099 1161 1133 1230 in
1151 1161 1390 1233 Lombardium
1411 1161 1585 1249 misimus,
1607 1181 1755 1254 quornm
1773 1159 1931 1252 diligenti

530 1289 643 1362 studio
657 1297 822 1380 quantum
837 1285 1021 1358 difficultas
1037 1285 1164 1377 negotii
1185 1285 1410 1376 concedebat,
1437 1285 1506 1357 tuis
1521 1285 1712 1357 accrevisse
1725 1285 1932 1379 profectibus

531 1411 751 1508 probabiliter
763 1411 974 1482 estimamus.
995 1408 1170 1495 Ceterum,
1187 1409 1251 1480 etsi
1267 1409 1358 1481 bona
1371 1412 1559 1482 referamus
1575 1409 1672 1480 inviti
1692 1429 1763 1502 que
1776 1407 1821 1479 de
1835 1408 1933 1482 Sedis

533 1537 724 1630 Apostolice
736 1534 950 1626 benignitate
962 1532 1165 1627 procedunt,
1185 1533 1334 1626 eoquod
1349 1535 1504 1628 impensa
1512 1533 1680 1606 beneficia
1695 1554 1764 1605 non
1777 1533 1847 1604 sint
1862 1534 1952 1632 lar-u

533 1662 651 1754 gitoris
673 1660 837 1731 relatibus
855 1657 1082 1752 publicanda,
1106 1667 1221 1728 tenmn
1239 1668 1278 1728 ut
1295 1658 1468 1730 innocenti
1484 1659 1656 1731 maculam
1672 1677 1744 1730 non
1762 1657 1934 1751 impingas

531 1795 565 1856 et
579 1784 667 1856 scias
680 1793 713 1854 te
727 1781 773 1853 ed
790 1781 1023 1854 retributionis
1039 1780 1211 1871 debitum,
1230 1801 1299 1852 non
1315 1781 1362 1852 ad
1373 1782 1515 1876 querele
1527 1781 1716 1854 convitium
1728 1779 1932 1871 obligatum,

535 1907 707 1980 reminisci
723 1915 756 1977 te
771 1906 931 1976 volumus
945 1903 1040 1996 quod
1056 1903 1093 1974 in
1117 1904 1274 1998 pluribus
1291 1927 1362 1999 que
1381 1915 1517 1977 tuorum
1537 1905 1721 2000 prudentia
1737 1905 1935 1974 nuntiorum

534 2053 595 2104 seu
611 2032 794 2100 multarum
811 2028 1112 2100 serieslitterarum
1126 2049 1150 2100 a
1164 2029 1480 2102 nubistuonomine
1491 2029 1615 2102 diebus
1625 2028 1795 2122 preteritis
1810 2049 1937 2120 expos·

534 2165 669 2243 cerunt,
690 2153 884 2226 faciendum
892 2173 1025 2245 semper
1033 2153 1281 2246 assumpsimus
1295 2153 1391 2246 qnod
1404 2153 1551 2247 dignum
1567 2163 1603 2225 et
1619 2153 1704 2225 utile
1715 2151 1934 2225 videbamus.

535 2279 602 2352 Sed
621 2299 719 2367 ecce,
738 2277 837 2370 quasi
856 2277 957 2348 arbor
975 2276 1078 2368 gratis
1094 2285 1218 2348 onusta
1236 2277 1404 2348 fructibus
1424 2299 1471 2349 ex
1488 2299 1530 2349 eo
1549 2251 1696 2348 dicenda
1713 2275 1759 2346 sit
1772 2277 1896 2347 sterilis
1907 2276 1937 2346 si

534 2423 601 2474 non
620 2423 681 2496 per
697 2411 806 2472 totum
824 2409 987 2494 appareat
1003 2400 1200 2491 uniformis,
1221 2403 1396 2494 autquasi
1412 2401 1566 2474 defectus
1581 2400 1704 2472 ascribi
1723 2399 1936 2472 firmamento

535 2527 658 2598 debeat
673 2528 702 2596 si
718 2547 807 2620 equa
826 2527 998 2596 stellarum
1022 2525 1156 2596 claritas
1174 2547 1243 2596 non
1260 2527 1401 2611 existat,
1423 2525 1590 2598 oblivioni
1610 2526 1790 2596 commissa
1805 2523 1937 2615 gratia-

535 2674 610 2722 rum
629 2650 787 2744 congerie
808 2671 911 2742 quam
931 2649 1002 2720 suis
1027 2650 1238 2744 temporibus
1257 2650 1348 2724 circa
1367 2659 1400 2724 te
1419 2651 1602 2724 recolimus
1619 2649 1798 2739 effudisse,
1823 2649 1938 2720 innuis

536 2775 720 2868 exscripto
736 2773 946 2846 lamentabili
961 2771 1056 2866 quod
1072 2792 1140 2844 non
1155 2773 1267 2865 nobis,
1281 2773 1343 2848 sed
1356 2775 1480 2847 nostris
1493 2775 1656 2846 fratribus
1672 2773 1863 2860 destinasti,
1877 2793 1938 2844 nos

537 2898 646 2970 taliter
666 2920 769 2992 super
786 2896 987 2969 lombardie
1001 2898 1138 2990 negotio
1150 2897 1343 2994 providisse
1361 2908 1399 2970 ut
1413 2899 1458 2972 de
1475 2898 1575 2970 illatis
1589 2897 1724 2990 injuriis
1740 2920 1761 2968 a
1779 2897 1939 2968 Lombar-

539 3023 592 3096 dis
609 3023 693 3094 nihil
710 3023 753 3093 sit
764 3021 823 3092 tibi
840 3020 1081 3092 satisfactionis
1096 3021 1275 3114 prestitum
1294 3032 1355 3095 aut
1370 3021 1414 3096 de
1428 3031 1486 3094 tuo
1502 3023 1558 3096 vel
1577 3021 1709 3094 honore
1726 3021 1860 3114 imperii
1879 3041 1940 3092 co-

539 3148 681 3240 gitatum
695 3173 704 3237 3
727 3147 832 3217 immo
846 3144 940 3240 quod
953 3165 1016 3240 pro
1030 3145 1117 3216 miro
1131 3145 1260 3238 geritur
1272 3147 1301 3218 si
1314 3168 1491 3242 processus
1501 3145 1701 3238 hujusmodi
1716 3143 1940 3218 cardinalium

540 3270 679 3342 consilio
690 3269 860 3358 fulciatur,
868 3270 966 3362 quasi
976 3269 1101 3341 talibus
1109 3268 1313 3342 inconsultis
1326 3271 1417 3343 soliti
1431 3271 1541 3342 simus
1550 3271 1683 3344 cllicere
1692 3289 1762 3364 quc
1774 3267 1942 3340 debemus

540 3405 574 3466 et
590 3393 749 3488 cupimus
767 3395 918 3488 ipsorum
937 3393 1092 3465 consulta
1117 3393 1338 3488 providencia
1363 3395 1526 3468 diffinire.
1552 3394 1608 3468 Ad
1628 3395 1693 3466 bec
1717 3402 1832 3465 autern
1856 3390 1942 3486 quid

540 3517 755 3590 rescribentis
789 3517 984 3590 innocentie
1019 3517 1267 3612 respondebit?
1292 3519 1390 3594 Unde
1411 3519 1622 3614 presumptio
1645 3517 1740 3613 quod
1760 3523 1943 3610 sequentes

539 3643 717 3714 arbitrium
736 3642 872 3736 proprie
895 3641 1098 3724 voluntatis,
1124 3643 1224 3735 quasi
1249 3643 1393 3716 rationis
1415 3643 1559 3718 consilio
1585 3664 1654 3714 non
1671 3641 1857 3728 ducamur,
1883 3637 1944 3733 qui

539 3766 618 3838 licet
635 3765 794 3837 immeriti
814 3766 926 3837 locum
948 3766 1088 3859 superni
1111 3767 1245 3858 judicis
1269 3769 1462 3842 obtinentes
1488 3768 1524 3839 in
1552 3767 1668 3856 terris,
1695 3762 1943 3862 plenitudinem

535 3890 669 3983 justitie
685 3888 863 3962 studemus
877 3889 1037 3962 omnibus
1049 3889 1235 3982 exhibere,
1260 3893 1406 3987 principi
1424 3890 1649 3990 preemincnti
1661 3899 1695 3963 ct
1710 3889 1860 3962 Ecclesie
1876 3887 1945 3960 lilio

442 4093 449 4103 ,
540 4015 680 4108 speciali
696 4013 905 4086 Lombardos
919 4015 955 4085 in
970 4014 1104 4108 aliquo,
1124 4014 1276 4088 maxime
1295 4015 1355 4089 ubi
1374 4015 1418 4090 de
1432 4019 1511 4110 jure
1525 4015 1651 4110 agitur,
1672 4015 1791 4086 relicto
1806 4011 1946 4086 rectitu-

541 4138 633 4209 dinis
650 4138 782 4210 tramite
797 4138 1049 4232 preponamus?
1070 4136 1187 4229 Absit,
1211 4139 1302 4211 absit
1317 4162 1339 4212 a
1353 4139 1453 4213 nobis
1469 4140 1531 4233 qui
1549 4149 1669 4212 testem
1692 4138 1728 4208 in
1748 4137 1830 4210 celis
1856 4145 1891 4208 et
1910 4135 1946 4206 in

541 4262 688 4333 excelsis
704 4262 878 4334 conscium
894 4262 1102 4354 obtinemus,
1115 4261 1210 4355 quod
1226 4263 1263 4334 in
1274 4263 1363 4354 juris
1375 4261 1604 4357 prejudicium
1616 4262 1718 4335 nobis
1734 4261 1780 4333 sit
1794 4259 1947 4353 acceptio

540 4406 778 4479 personarum.
793 4384 862 4457 Sed
881 4386 985 4457 infers
1003 4405 1051 4458 ex
1067 4386 1266 4480 quingentis
1283 4387 1450 4459 militibus
1467 4409 1558 4482 qnos
1580 4387 1723 4482 quidem
1739 4384 1784 4458 de
1805 4386 1947 4456 fratrum

540 4517 731 4580 nostrorum
761 4509 901 4581 consilio
927 4509 963 4580 in
987 4517 1075 4582 terre
1099 4519 1214 4584 sancte
1241 4511 1434 4586 subsidium
1462 4535 1483 4586 e
1510 4511 1710 4586 Lombardis
1734 4507 1947 4606 providimus

540 4632 741 4726 prefigando
758 4633 803 4705 ab
823 4633 974 4706 Ecclesia
998 4637 1149 4708 Romana
1171 4637 1317 4710 termino
1338 4635 1578 4727 destinandos,
1602 4637 1688 4710 forte
1704 4635 1867 4728 injuriam
1886 4629 1947 4704 tibi
