4360 5908
220 587 378 674 inorme]
668 585 875 650 ottsroettt
899 585 1192 650 oletolldutctl.
1580 583 1637 650 ttt

221 725 334 822 scopi,
354 725 396 799 Ε.
416 722 723 822 Papinbergensis,
745 725 782 799 S.
803 723 1061 821 lietisponensis
1081 721 1268 820 imperialis
1294 721 1374 795 aule
1395 721 1634 816 cancellarios,

220 851 264 923 Η.
286 849 567 940 wormatiensis,
671 847 930 946 Herbipolensis
953 847 1125 945 episcopi,
1238 846 1469 941 Frisingensie
1491 847 1634 935 electus,

220 971 330 1047 abbas
350 971 466 1046 Sancti
482 972 591 1065 Galli,
613 973 781 1066 saxonie,
807 971 961 1048 Menenia
982 981 1017 1045 et
1040 969 1221 1046 Kariathie
1243 972 1369 1061 donee,
1390 992 1505 1044 comes
1525 971 1569 1044 ll.
1593 970 1639 1045 de

219 1095 448 1188 Hortenbero,
463 1094 618 1170 marchio
635 1095 681 1171 de
700 1097 837 1188 Endon,
859 1095 1011 1170 marchio
1028 1095 1073 1170 de
1089 1097 1256 1192 Burgow,
1276 1095 1479 1170 Wernerins
1494 1095 1538 1170 de
1552 1096 1639 1170 Bol-

219 1221 350 1314 landia,
371 1219 595 1314 Guuzelinue,
615 1220 657 1294 G.
676 1230 712 1294 et
726 1220 764 1294 C.
784 1220 829 1296 de
844 1220 1021 1296 Hohenloe
1039 1219 1102 1318 (a),
1122 1221 1286 1317 pincerna
1304 1219 1349 1294 de
1363 1219 1635 1312 Winterstetten,

220 1346 386 1445 pincerne
406 1344 452 1420 de
476 1345 708 1442 Clingenburc
723 1343 789 1441 (l),
807 1344 1000 1420 Richardus
1020 1346 1248 1437 camerarius,
1268 1355 1303 1418 et
1320 1345 1380 1418 alii
1399 1346 1634 1440 quamplures.

269 1471 358 1546 dcta
387 1479 469 1545 sunt
496 1470 563 1544 hec
591 1492 684 1544 anno
712 1469 887 1545 dominice
915 1471 1159 1544 incarnationis
1189 1471 1371 1544 millesimo
1400 1469 1637 1544 ducentesimo

220 1594 411 1690 trigesimo*
429 1593 602 1689 secundo,
623 1617 743 1670 mense
769 1595 870 1686 maii,
891 1594 1011 1691 quinte
1038 1595 1254 1688 indictionis,
1282 1592 1473 1692 imperante
1495 1595 1636 1669 domino

221 1728 337 1793 nostro
354 1719 528 1796 liriderioo
542 1719 709 1813 secundo,
731 1721 791 1794 Dei
810 1720 921 1815 gratia
938 1719 1164 1793 invictissimo
1181 1721 1412 1793 Romanorum
1432 1720 1637 1816 imperatore

221 1864 359 1940 semper
382 1854 549 1940 angusto,
576 1843 764 1919 Jerusalem
786 1853 822 1918 et
843 1843 959 1918 Sicilie
983 1865 1085 1940 rege,
1114 1865 1205 1917 anno
1230 1843 1375 1918 Romani
1403 1844 1538 1940 imperii
1561 1845 1637 1937 ejus

221 1965 447 2062 duodecimo,
471 1967 571 2065 regni
592 1969 780 2043 Jerusalem
803 1968 949 2066 septimo
971 1977 1007 2042 et
1029 1968 1129 2064 regni
1152 1969 1269 2044 Sicilie
1295 1947 1633 2064 tricesime'quarto,

220 2091 377 2167 feliciter.
397 2091 522 2168 Amen.

269 2219 397 2292 Datum
409 2217 507 2316 apud
518 2218 661 2296 Utinam
671 2217 708 2292 in
718 2217 805 2294 Foro
818 2217 914 2312 iulii,
926 2239 1031 2314 anno,
1041 2240 1161 2294 mense
1174 2228 1208 2294 et
1221 2217 1408 2294 indictione
1423 2219 1632 2318 prescriptis.

274 2771 503 2879 fridericus,
519 2773 780 2860 Romanorum
797 2773 1019 2887 imperator,
1040 2775 1089 2858 ad
1107 2775 1328 2860 instantiam
1346 2776 1471 2862 Adolfi
1489 2779 1638 2864 comitis
1662 2806 1842 2916 pnpgpppp.

222 2906 435 3015 dolentius,
456 2907 636 3019 antiquae
661 2907 801 2994 ciuitati
818 2909 859 2994 iu
876 2909 1078 3021 llamburg
1095 2909 1295 2994 confirmat
1320 2913 1580 3000 concessiones
1600 2923 1639 2999 et
1683 2931 1687 2942 '
1721 2917 1787 2960 ”¹¹⁰-

222 3039 420 3153 privilegie
436 3067 460 3126 u
477 3049 586 3153 patre
601 3041 774 3153 ejusdem
791 3043 941 3130 comitis
954 3044 988 3128 ei
1003 3042 1232 3156 jampridem
1248 3043 1411 3130 indulta.

305 3243 317 3325 l
325 3245 403 3308 Edit.
415 3262 463 3326 ap.
478 3245 699 3323 harenosae,
711 3243 932 3330 Hamlurpieclr.
942 3241 1138 3320 urkundenb„
1149 3263 1177 3326 p.
1194 3245 1523 3330 aaa,n⁰coxcvl11.)

271 3418 485 3511 fridericus,
505 3421 568 3494 Dei
586 3420 696 3518 gratia
714 3421 945 3494 Romanorum
963 3421 1149 3517 imperator
1170 3440 1306 3515 semper
1323 3431 1509 3515 augustus,
1532 3424 1637 3496 Jeru-

221 3543 329 3617 salem
343 3553 379 3618 et
393 3545 508 3619 Sicilie
524 3567 601 3620 rex.
620 3544 686 3620 Per
699 3567 842 3643 presens
859 3545 1027 3642 scriptum
1047 3555 1167 3617 notum
1183 3545 1347 3631 iacimus,
1364 3555 1431 3618 etc.
1453 3545 1636 3643 (Sequitur

222 3667 269 3742 de
288 3669 399 3744 verbo
414 3670 462 3746 ad
478 3671 626 3745 verbnm
651 3681 692 3744 nt
715 3671 752 3744 in
776 3669 1019 3766 praecedente,
1039 3691 1120 3743 cnm
1138 3668 1270 3744 eisdem
1286 3671 1432 3744 testibus
1453 3681 1488 3744 et
1504 3672 1635 3746 eisdem

222 3793 314 3868 notis
343 3793 610 3891 chronologicis,
634 3795 703 3868 nisi
725 3794 822 3890 quod
840 3795 877 3867 in
899 3793 964 3868 hoc
986 3795 1112 3890 legitur
1137 3820 1147 3866 ε
1177 3791 1315 3868 Civilem
1339 3797 1636 3892 dentiendique

220 3918 258 3988 in
275 3917 458 3992 Homborclr
476 3933 507 3993 et
529 3919 668 3992 indolet
687 3923 724 3994 io
743 3921 849 4008 dono,
870 3929 961 4014 etc,
986 3929 1022 3993 et
1047 3919 1135 3994 inira
1156 3919 1272 3994 denuo
1294 3947 1303 3992 :
1327 3921 1489 3995 Prodictis
1511 3925 1635 3998 civibus

221 4045 363 4118 oetam
378 4046 511 4140 antipae
529 4047 566 4120 in
583 4047 798 4143 Hombmclt.)

269 4168 359 4242 Acta
375 4179 457 4243 sunt
472 4169 538 4245 hec
554 4192 645 4246 auno
662 4171 837 4246 dominice
855 4170 1101 4246 incarnationis
1117 4169 1299 4245 millesimo
1317 4169 1554 4247 ducentesimo
1572 4174 1637 4247 tri-

221 4292 355 4387 gesimo
372 4292 540 4386 secundo,
562 4303 629 4369 etc.

270 4417 397 4490 Datum
412 4417 509 4515 apud
525 4419 667 4493 Utinum
687 4420 723 4493 in
741 4419 828 4494 Foro
846 4420 946 4515 lolii,
964 4429 1032 4495 etc.

265 4620 309 4704 (n)
327 4623 386 4704 dp.
401 4623 499 4706 Lunig
515 4623 547 4688 G.
564 4623 757 4708 lodesrmr'r,
769 4627 906 4707 pessime.

266 4728 307 4812 (l)
326 4732 442 4796 ibidem
456 4731 492 4795 dc
504 4731 651 4818 maylan,
664 4737 799 4816 pessime.
