4360 5908
241 631 342 692 nova.
358 627 422 706 5.]·
693 617 890 682 ntsronrn
915 613 1214 678 nrrccunrrcn.
1593 619 1654 685 309

240 763 302 849 vel
327 771 450 846 terras
481 783 506 840 a
531 755 669 840 comite
694 753 912 839 Provinciae
937 761 974 836 et
1000 748 1230 834 Fulkalkerii
1256 757 1389 834 tenens
1412 777 1590 862 guerram
1617 764 1662 870 et·

242 895 466 980 seditionem
492 897 625 975 contm
649 888 885 999 praedictum
911 885 1089 971 comitem
1115 883 1294 992 moverit,
1318 885 1461 970 eisdem
1488 889 1655 999 privetur

243 1055 342 1142 quae
358 1028 408 1112 ad
422 1025 601 1112 comitem
611 1023 879 1108 devolvantur.

283 1243 420 1324 (Xdlder.
434 1243 556 1316 Paron,
571 1239 644 1302 rtet
660 1239 755 1320 ulad.
775 1233 810 1298 de
823 1237 979 1313 Ρνουωιισ,
994 1241 1018 1298 t.
1033 1235 1081 1310 Π,
1095 1251 1235 1315 preuves,
1247 1251 1279 1313 p.
1296 1243 1350 1311 ot,
1366 1236 1449 1301 arch.
1465 1235 1571 1314 d'Alx,
1586 1244 1655 1302 tour

359 1349 405 1412 du
414 1346 531 1421 Trmor,
550 1355 590 1410 ι’*
602 1361 702 1424 quar„
718 1353 749 1406 ²·
762 1345 900 1408 llatae.-
907 1344 1017 1418 Pmrz,
1030 1343 1161 1404 Monam.
1176 1341 1269 1406 um
1280 1342 1404 1420 fleto,
1418 1349 1443 1406 t.
1455 1345 1508 1420 lv,
1521 1362 1553 1423 p.
1565 1345 1651 1426 28⁹.)

287 1538 497 1630 Fridericus,
516 1536 579 1611 Dei
597 1534 708 1632 gratia
723 1534 954 1608 Romanorum
969 1532 1164 1628 imperatur,
1185 1553 1322 1628 semper
1338 1543 1519 1626 augustus,
1541 1531 1652 1634 [leru-

239 1665 347 1738 salem
365 1674 400 1738 et
417 1663 532 1736 Sicilie
550 1657 645 1760 rem]
665 1660 760 1733 Sicut
777 1658 923 1754 dignum
941 1666 993 1730 est
1010 1659 1163 1730 vassalos
1178 1665 1213 1730 et
1230 1656 1386 1731 subditos
1404 1656 1508 1732 fidem
1527 1682 1650 1756 puram

239 1801 275 1864 et
294 1788 514 1863 devotionem
535 1787 704 1860 sinceram
726 1783 799 1858 suis
820 1782 969 1857 dominia
992 1781 1195 1856 exhibentes
1216 1781 1332 1877 dignis
1352 1784 1553 1858 meritorum
1571 1807 1650 1884 pre·

240 1915 318 1987 miis
339 1911 522 2003 honorari,
546 1911 593 1984 ita
614 1909 755 1984 videtur
780 1917 1048 1984 consentaneum
1070 1907 1195 1981 rationi
1220 1907 1378 1984 infideles
1406 1930 1448 1983 ac
1470 1909 1651 1986 indevotos

239 2037 369 2133 privari
386 2037 559 2112 concesds
573 2033 752 2109 beneficiis
769 2043 804 2108 et
821 2033 946 2128 subjici
963 2033 1079 2107 debite
1100 2033 1234 2108 ultioni.
1252 2033 1469 2131 Quapropter
1486 2034 1551 2110 hac
1572 2037 1651 2131 lege

238 2163 286 2234 in.
300 2161 669 2236 comitatuProvincie
695 2181 736 2234 ac
760 2159 962 2234 Fulcalkerii
990 2167 1158 2256 perpetuo
1180 2159 1328 2234 valitura
1353 2161 1530 2235 sancimus
1554 2169 1592 2234 ut
1619 2164 1648 2236 si

237 2308 308 2382 qua
329 2285 536 2360 universitas
560 2283 618 2360 vel
640 2284 867 2359 communitas
889 2285 946 2358 vel
964 2283 1151 2380 singularis
1171 2306 1317 2380 persona
1332 2285 1478 2360 lendum
1498 2287 1554 2360 vel
1572 2297 1649 2363 ter-

236 2433 309 2485 ram
327 2433 390 2485 seu
402 2410 680 2506 jurisdictionem
698 2411 755 2484 vel
773 2409 957 2484 senioriam
975 2410 1034 2482 vel
1049 2431 1091 2482 ea
1108 2431 1178 2504 que
1199 2407 1390 2484 consistunt
1408 2411 1445 2482 in
1462 2434 1558 2486 mero
1575 2414 1648 2486 im-

237 2536 334 2632 perio
362 2537 421 2609 vel
450 2535 561 2610 mixto
591 2538 649 2608 vel
675 2534 812 2609 modica
839 2534 1042 2609 cohercione
1067 2544 1187 2608 tenens
1211 2557 1233 2608 a
1259 2536 1383 2609 comite
1409 2537 1588 2615 Provincia
1614 2551 1649 2615 et

236 2659 440 2734 Fulcallrerii
463 2660 499 2734 in
520 2659 623 2734 dictis
644 2659 866 2734 comitatibus
887 2659 943 2732 vel
967 2659 1004 2732 in
1025 2660 1143 2754 aliquo
1160 2659 1409 2756 predictorum,
1428 2661 1561 2760 absque
1579 2664 1644 2736 im·

237 2786 357 2883 periali
379 2785 519 2861 licentia
541 2795 577 2860 et
598 2786 764 2860 mundato
788 2807 949 2881 guerram
970 2795 1005 2858 et
1025 2785 1247 2879 seditionem,
1274 2795 1389 2883 spreta
1411 2784 1481 2861 lide
1504 2797 1539 2860 et
1559 2789 1648 2863 reli-

236 2913 339 3008 gione
365 2911 495 3008 prestiti
519 2911 721 3006 juramenti,
749 2909 859 2985 movit
886 2912 942 2984 vel
971 2911 1118 2984 moverit
1141 2913 1178 2983 in
1207 2912 1381 3004 loturum,
1411 2923 1644 3008 sacramenta,

236 3036 525 3131 conspirationes,
545 3036 712 3112 lectiones
733 3037 791 3110 vel
816 3035 953 3109 illicitas
971 3035 1150 3110 societates
1171 3035 1274 3108 inivit
1292 3037 1347 3110 vel
1372 3036 1461 3111 inire
1479 3059 1567 3112 ausu
1588 3050 1647 3115 te-

236 3161 383 3235 merario
404 3160 584 3236 attentabit
606 3170 724 3234 contra
742 3160 933 3256 predictum
958 3163 1116 3234 comitem
1139 3161 1276 3258 imperii
1296 3163 1402 3236 nostri
1425 3162 1591 3238 devotum
1612 3177 1647 3240 et

236 3283 573 3381 fidelempomnibus
589 3307 660 3382 que
679 3295 774 3360 tenet
789 3295 825 3360 et
841 3285 947 3359 hahet
967 3285 1173 3383 supradictis
1192 3287 1249 3360 vel
1266 3287 1343 3360 aliis
1362 3287 1646 3386 quibuscumque

235 3410 349 3488 modis
369 3411 406 3484 in
424 3411 528 3486 dictis
545 3411 782 3502 comitatibus,
802 3419 985 3507 postruam
1004 3411 1050 3485 de
1068 3433 1187 3484 eorum
1211 3409 1282 3508 (sic)
1299 3413 1453 3508 nequitia
1474 3415 1641 3511 patuerit,

234 3534 310 3632 ipso
328 3536 408 3630 jure
426 3535 620 3632 priventur,
644 3545 679 3610 et
694 3557 738 3609 aa
760 3534 878 3609 omnia
897 3534 945 3608 ad
962 3534 1164 3608 comitatum
1190 3544 1225 3608 et
1249 3529 1380 3610 dictum
1401 3539 1560 3612 comitem
1576 3537 1646 3614 de-

234 3661 433 3734 volvantur.
452 3660 508 3736 Ad
532 3662 637 3755 hujus
657 3662 775 3755 itaque
793 3659 1069 3735 reimemoriam
1090 3660 1306 3735 etstabilem
1329 3661 1541 3755 firmitatem,
1563 3685 1647 3761 pre·

235 3805 314 3862 tens
329 3786 496 3882 scriptum
514 3785 589 3860 lieri
601 3787 770 3881 jussimus
787 3786 974 3880 maiestatis
991 3795 1107 3859 nostre
1122 3785 1235 3882 sigillo
1254 3787 1437 3860 munitum.

283 3911 407 3982 Datum
426 3911 609 4001 Ravenna,
635 3931 728 3986 auno
756 3910 929 3987 dominice
949 3910 1194 3987 incarnationis
1215 3911 1263 3986 M.
1279 3911 1340 3986 CC.
1355 3913 1498 4002 XXXII,
1524 3935 1645 3990 mensa

234 4034 363 4126 martii,
378 4037 501 4132 quinta
516 4035 716 4111 indictione.

451 4339 1194 4352 fflm—n—
1199 4341 1432 4354 Μαι-ι...

288 4609 519 4716 FridericuS,
540 4609 802 4698 Romanorum
819 4613 1040 4724 imperator,
1057 4613 1196 4700 laccho
1214 4615 1381 4728 leupolo
1408 4618 1496 4702 duci
1518 4627 1556 4702 et
1577 4620 1645 4704 toti
1704 4617 1817 4718 paup.

233 4743 377 4854 populo
393 4743 637 4832 Venetiarum
660 4747 874 4833 libertatem
891 4749 1107 4834 commercii
1125 4749 1165 4834 in
1183 4777 1303 4864 regno
1322 4778 1392 4838 suo
1410 4752 1558 4838 Siciliae
1574 4754 1644 4836 in-
