<?xml version="1.0" encoding="UTF-8"?>
<!DOCTYPE html PUBLIC "-//W3C//DTD XHTML 1.0 Transitional//EN"
    "http://www.w3.org/TR/xhtml1/DTD/xhtml1-transitional.dtd">
<html xmlns="http://www.w3.org/1999/xhtml" xml:lang="en" lang="en">
 <head>
  <title>
</title>
<meta http-equiv="Content-Type" content="text/html;charset=utf-8" />
  <meta name='ocr-system' content='tesseract 3.04.00' />
  <meta name='ocr-capabilities' content='ocr_page ocr_carea ocr_par ocr_line ocrx_word'/>
</head>
<body>
  <div class='ocr_page' id='page_1' title='image "./historiadiploma07fredgoog_0232.png"; bbox 0 0 4298 5906; ppageno 0'>
   <div class='ocr_carea' id='block_1_1' title="bbox 522 575 1491 642">
    <p class='ocr_par' dir='ltr' id='par_1_1' title="bbox 522 575 1491 642">
     <span class='ocr_line' id='line_1_1' title="bbox 522 575 1491 642; baseline 0.004 -4"><span class='ocrx_word' id='word_1_1' title='bbox 522 575 583 638; x_wconf 73' lang='lat'>218</span> <span class='ocrx_word' id='word_1_2' title='bbox 976 579 1115 642; x_wconf 76' lang='lat' dir='ltr'>Notis</span> <span class='ocrx_word' id='word_1_3' title='bbox 1139 577 1491 642; x_wconf 72' lang='lat' dir='ltr'>consuituriouss</span> 
     </span>
    </p>
   </div>
   <div class='ocr_carea' id='block_1_2' title="bbox 521 715 1935 1434">
    <p class='ocr_par' dir='ltr' id='par_1_2' title="bbox 521 715 1935 1434">
     <span class='ocr_line' id='line_1_2' title="bbox 522 715 1933 816; baseline 0.006 -28"><span class='ocrx_word' id='word_1_4' title='bbox 522 715 799 788; x_wconf 88' lang='lat' dir='ltr'>authenticorum</span> <span class='ocrx_word' id='word_1_5' title='bbox 823 715 930 788; x_wconf 89' lang='lat' dir='ltr'>robur</span> <span class='ocrx_word' id='word_1_6' title='bbox 956 738 1064 812; x_wconf 88' lang='lat' dir='ltr'>penes</span> <span class='ocrx_word' id='word_1_7' title='bbox 1088 737 1314 812; x_wconf 88' lang='lat' dir='ltr'>quoscunque</span> <span class='ocrx_word' id='word_1_8' title='bbox 1337 715 1566 790; x_wconf 87' lang='lat' dir='ltr'>remanserint</span> <span class='ocrx_word' id='word_1_9' title='bbox 1587 716 1771 811; x_wconf 86' lang='lat' dir='ltr'>habituris;</span> <span class='ocrx_word' id='word_1_10' title='bbox 1793 721 1887 816; x_wconf 92' lang='lat' dir='ltr'>quod</span> <span class='ocrx_word' id='word_1_11' title='bbox 1905 724 1933 796; x_wconf 89' lang='lat' dir='ltr'>si</span> 
     </span>
     <span class='ocr_line' id='line_1_3' title="bbox 522 840 1933 936; baseline 0.006 -24"><span class='ocrx_word' id='word_1_12' title='bbox 522 841 733 913; x_wconf 89' lang='lat' dir='ltr'>notariorum</span> <span class='ocrx_word' id='word_1_13' title='bbox 759 841 1034 935; x_wconf 79' lang='lat' dir='ltr'>singularitatem</span> <span class='ocrx_word' id='word_1_14' title='bbox 1062 841 1324 917; x_wconf 77' lang='lat' dir='ltr'>insufficientem</span> <span class='ocrx_word' id='word_1_15' title='bbox 1350 841 1437 915; x_wconf 89' lang='lat' dir='ltr'>iorta</span> <span class='ocrx_word' id='word_1_16' title='bbox 1460 841 1634 934; x_wconf 81' lang='lat' dir='ltr'>videritis,</span> <span class='ocrx_word' id='word_1_17' title='bbox 1660 840 1852 936; x_wconf 84' lang='lat' dir='ltr'>adjactione</span> <span class='ocrx_word' id='word_1_18' title='bbox 1874 868 1933 920; x_wconf 92' lang='lat' dir='ltr'>no·</span> 
     </span>
     <span class='ocr_line' id='line_1_4' title="bbox 521 965 1934 1062; baseline 0.007 -27"><span class='ocrx_word' id='word_1_19' title='bbox 521 985 645 1036; x_wconf 91' lang='lat' dir='ltr'>vorum</span> <span class='ocrx_word' id='word_1_20' title='bbox 675 985 793 1038; x_wconf 89' lang='lat' dir='ltr'>corum</span> <span class='ocrx_word' id='word_1_21' title='bbox 826 965 1105 1040; x_wconf 90' lang='lat' dir='ltr'>insufficientiam</span> <span class='ocrx_word' id='word_1_22' title='bbox 1136 967 1265 1038; x_wconf 83' lang='lat' dir='ltr'><strong>utiliter</strong></span> <span class='ocrx_word' id='word_1_23' title='bbox 1292 966 1494 1061; x_wconf 81' lang='lat' dir='ltr'>suppleatis.</span> <span class='ocrx_word' id='word_1_24' title='bbox 1511 966 1581 1039; x_wconf 89' lang='lat' dir='ltr'>llos</span> <span class='ocrx_word' id='word_1_25' title='bbox 1609 976 1784 1062; x_wconf 85' lang='lat' dir='ltr'>preterca,</span> <span class='ocrx_word' id='word_1_26' title='bbox 1806 971 1934 1044; x_wconf 87' lang='lat' dir='ltr'>notarie</span> 
     </span>
     <span class='ocr_line' id='line_1_5' title="bbox 522 1087 1935 1190; baseline 0.004 -28"><span class='ocrx_word' id='word_1_27' title='bbox 522 1087 688 1162; x_wconf 87' lang='lat' dir='ltr'>Mirabilis</span> <span class='ocrx_word' id='word_1_28' title='bbox 707 1097 743 1161; x_wconf 92' lang='lat' dir='ltr'>et</span> <span class='ocrx_word' id='word_1_29' title='bbox 761 1088 876 1182; x_wconf 87' lang='lat' dir='ltr'>judex</span> <span class='ocrx_word' id='word_1_30' title='bbox 892 1089 1146 1184; x_wconf 88' lang='lat' dir='ltr'>Bartholomcc,</span> <span class='ocrx_word' id='word_1_31' title='bbox 1166 1091 1287 1164; x_wconf 87' lang='lat' dir='ltr'>oculos</span> <span class='ocrx_word' id='word_1_32' title='bbox 1307 1097 1445 1186; x_wconf 86' lang='lat' dir='ltr'>apertos</span> <span class='ocrx_word' id='word_1_33' title='bbox 1468 1089 1662 1187; x_wconf 76' lang='lat' dir='ltr'>specialiter</span> <span class='ocrx_word' id='word_1_34' title='bbox 1684 1091 1811 1166; x_wconf 88' lang='lat' dir='ltr'>haberc</span> <span class='ocrx_word' id='word_1_35' title='bbox 1826 1094 1935 1190; x_wconf 86' lang='lat' dir='ltr'>preci-</span> 
     </span>
     <span class='ocr_line' id='line_1_6' title="bbox 522 1213 1932 1316; baseline 0.006 -32"><span class='ocrx_word' id='word_1_36' title='bbox 522 1213 638 1308; x_wconf 86' lang='lat' dir='ltr'>pimus</span> <span class='ocrx_word' id='word_1_37' title='bbox 656 1235 760 1309; x_wconf 91' lang='lat' dir='ltr'>super</span> <span class='ocrx_word' id='word_1_38' title='bbox 773 1215 896 1310; x_wconf 80' lang='lat' dir='ltr'>pelago</span> <span class='ocrx_word' id='word_1_39' title='bbox 912 1215 1084 1288; x_wconf 82' lang='lat' dir='ltr'>ratiocinii</span> <span class='ocrx_word' id='word_1_40' title='bbox 1096 1215 1224 1289; x_wconf 86' lang='lat' dir='ltr'>Thome</span> <span class='ocrx_word' id='word_1_41' title='bbox 1240 1213 1285 1288; x_wconf 88' lang='lat' dir='ltr'>de</span> <span class='ocrx_word' id='word_1_42' title='bbox 1306 1214 1505 1288; x_wconf 84' lang='lat' dir='ltr'>Brundusio</span> <span class='ocrx_word' id='word_1_43' title='bbox 1518 1225 1553 1288; x_wconf 90' lang='lat' dir='ltr'>et</span> <span class='ocrx_word' id='word_1_44' title='bbox 1566 1214 1779 1290; x_wconf 88' lang='lat' dir='ltr'>siclariorum</span> <span class='ocrx_word' id='word_1_45' title='bbox 1791 1216 1932 1316; x_wconf 78' lang='lat' dir='ltr'>Apulia,</span> 
     </span>
     <span class='ocr_line' id='line_1_7' title="bbox 522 1337 1650 1434; baseline 0.002 -24"><span class='ocrx_word' id='word_1_46' title='bbox 522 1347 561 1410; x_wconf 93' lang='lat' dir='ltr'>ut</span> <span class='ocrx_word' id='word_1_47' title='bbox 574 1360 635 1434; x_wconf 87' lang='lat' dir='ltr'>per</span> <span class='ocrx_word' id='word_1_48' title='bbox 650 1339 820 1414; x_wconf 90' lang='lat' dir='ltr'>incuriam</span> <span class='ocrx_word' id='word_1_49' title='bbox 833 1349 983 1414; x_wconf 86' lang='lat' dir='ltr'>vestram</span> <span class='ocrx_word' id='word_1_50' title='bbox 997 1341 1033 1413; x_wconf 93' lang='lat' dir='ltr'>in</span> <span class='ocrx_word' id='word_1_51' title='bbox 1049 1361 1109 1415; x_wconf 89' lang='lat' dir='ltr'>eos</span> <span class='ocrx_word' id='word_1_52' title='bbox 1125 1349 1240 1415; x_wconf 85' lang='lat' dir='ltr'>nostra</span> <span class='ocrx_word' id='word_1_53' title='bbox 1256 1341 1355 1415; x_wconf 89' lang='lat' dir='ltr'>curia</span> <span class='ocrx_word' id='word_1_54' title='bbox 1371 1361 1441 1414; x_wconf 92' lang='lat' dir='ltr'>non</span> <span class='ocrx_word' id='word_1_55' title='bbox 1462 1337 1650 1413; x_wconf 78' lang='lat' dir='ltr'>fraudetur.</span> 
     </span>
    </p>
   </div>
   <div class='ocr_carea' id='block_1_3' title="bbox 1207 1685 1255 1758">
    <p class='ocr_par' dir='ltr' id='par_1_3' title="bbox 1207 1685 1255 1758">
     <span class='ocr_line' id='line_1_8' title="bbox 1207 1685 1255 1758; baseline -0.042 0"><span class='ocrx_word' id='word_1_56' title='bbox 1207 1685 1255 1758; x_wconf 90' lang='lat'>11.</span> 
     </span>
    </p>
   </div>
   <div class='ocr_carea' id='block_1_4' title="bbox 517 1912 1937 3890">
    <p class='ocr_par' dir='ltr' id='par_1_4' title="bbox 517 1912 1937 3890">
     <span class='ocr_line' id='line_1_9' title="bbox 570 1912 1936 2012; baseline 0.001 -28"><span class='ocrx_word' id='word_1_57' title='bbox 570 1912 786 2008; x_wconf 88' lang='lat' dir='ltr'>Fredericus‚</span> <span class='ocrx_word' id='word_1_58' title='bbox 797 1923 863 1989; x_wconf 91' lang='lat' dir='ltr'>etc.</span> <span class='ocrx_word' id='word_1_59' title='bbox 878 1913 935 1989; x_wconf 80' lang='lat' dir='ltr'>Ad</span> <span class='ocrx_word' id='word_1_60' title='bbox 945 1915 1202 2012; x_wconf 84' lang='lat' dir='ltr'>expeditionem</span> <span class='ocrx_word' id='word_1_61' title='bbox 1215 1917 1362 1990; x_wconf 88' lang='lat' dir='ltr'>celerem</span> <span class='ocrx_word' id='word_1_62' title='bbox 1372 1925 1566 1990; x_wconf 86' lang='lat' dir='ltr'>nostrorum</span> <span class='ocrx_word' id='word_1_63' title='bbox 1581 1913 1748 2000; x_wconf 88' lang='lat' dir='ltr'>fidelium,</span> <span class='ocrx_word' id='word_1_64' title='bbox 1759 1913 1936 1986; x_wconf 90' lang='lat' dir='ltr'>ratiocinia</span> 
     </span>
     <span class='ocr_line' id='line_1_10' title="bbox 523 2039 1935 2138; baseline 0.003 -28"><span class='ocrx_word' id='word_1_65' title='bbox 523 2039 725 2136; x_wconf 90' lang='lat' dir='ltr'>ponentium</span> <span class='ocrx_word' id='word_1_66' title='bbox 734 2061 848 2116; x_wconf 91' lang='lat' dir='ltr'>coram</span> <span class='ocrx_word' id='word_1_67' title='bbox 859 2040 971 2133; x_wconf 88' lang='lat' dir='ltr'>vobis,</span> <span class='ocrx_word' id='word_1_68' title='bbox 981 2039 1102 2115; x_wconf 88' lang='lat' dir='ltr'>utfisci</span> <span class='ocrx_word' id='word_1_69' title='bbox 1112 2042 1217 2117; x_wconf 86' lang='lat' dir='ltr'>nostri</span> <span class='ocrx_word' id='word_1_70' title='bbox 1226 2043 1400 2138; x_wconf 87' lang='lat' dir='ltr'>proiectus</span> <span class='ocrx_word' id='word_1_71' title='bbox 1408 2042 1444 2115; x_wconf 94' lang='lat' dir='ltr'>in</span> <span class='ocrx_word' id='word_1_72' title='bbox 1453 2041 1504 2114; x_wconf 89' lang='lat' dir='ltr'>eis</span> <span class='ocrx_word' id='word_1_73' title='bbox 1514 2040 1653 2114; x_wconf 81' lang='lat' dir='ltr'>facilius</span> <span class='ocrx_word' id='word_1_74' title='bbox 1659 2049 1694 2113; x_wconf 90' lang='lat' dir='ltr'>et</span> <span class='ocrx_word' id='word_1_75' title='bbox 1702 2039 1847 2113; x_wconf 90' lang='lat' dir='ltr'>celerius</span> <span class='ocrx_word' id='word_1_76' title='bbox 1853 2061 1935 2136; x_wconf 90' lang='lat' dir='ltr'>pro·</span> 
     </span>
     <span class='ocr_line' id='line_1_11' title="bbox 523 2161 1935 2263; baseline 0 -27"><span class='ocrx_word' id='word_1_77' title='bbox 523 2171 676 2254; x_wconf 89' lang='lat' dir='ltr'>curetur,</span> <span class='ocrx_word' id='word_1_78' title='bbox 687 2164 813 2238; x_wconf 85' lang='lat' dir='ltr'>utiliter</span> <span class='ocrx_word' id='word_1_79' title='bbox 825 2174 860 2240; x_wconf 90' lang='lat' dir='ltr'>et</span> <span class='ocrx_word' id='word_1_80' title='bbox 869 2166 1060 2240; x_wconf 89' lang='lat' dir='ltr'>necessario</span> <span class='ocrx_word' id='word_1_81' title='bbox 1068 2166 1284 2263; x_wconf 89' lang='lat' dir='ltr'>providimus</span> <span class='ocrx_word' id='word_1_82' title='bbox 1293 2165 1516 2240; x_wconf 90' lang='lat' dir='ltr'>statuendum</span> <span class='ocrx_word' id='word_1_83' title='bbox 1530 2174 1569 2238; x_wconf 95' lang='lat' dir='ltr'>ut</span> <span class='ocrx_word' id='word_1_84' title='bbox 1581 2186 1700 2239; x_wconf 88' lang='lat' dir='ltr'>omnes</span> <span class='ocrx_word' id='word_1_85' title='bbox 1714 2163 1817 2236; x_wconf 88' lang='lat' dir='ltr'>simili</span> <span class='ocrx_word' id='word_1_86' title='bbox 1827 2161 1872 2260; x_wconf 80' lang='lat' dir='ltr'>(i)</span> <span class='ocrx_word' id='word_1_87' title='bbox 1886 2163 1935 2262; x_wconf 81' lang='lat' dir='ltr'>(a)</span> 
     </span>
     <span class='ocr_line' id='line_1_12' title="bbox 523 2287 1935 2388; baseline -0.001 -25"><span class='ocrx_word' id='word_1_88' title='bbox 523 2287 742 2364; x_wconf 87' lang='lat' dir='ltr'>distinctione</span> <span class='ocrx_word' id='word_1_89' title='bbox 755 2291 918 2385; x_wconf 90' lang='lat' dir='ltr'>temporis</span> <span class='ocrx_word' id='word_1_90' title='bbox 933 2311 1003 2365; x_wconf 93' lang='lat' dir='ltr'>non</span> <span class='ocrx_word' id='word_1_91' title='bbox 1016 2299 1163 2384; x_wconf 86' lang='lat' dir='ltr'>attenta,</span> <span class='ocrx_word' id='word_1_92' title='bbox 1178 2313 1282 2388; x_wconf 86' lang='lat' dir='ltr'>super</span> <span class='ocrx_word' id='word_1_93' title='bbox 1294 2289 1506 2388; x_wconf 81' lang='lat' dir='ltr'>recipiendis</span> <span class='ocrx_word' id='word_1_94' title='bbox 1517 2289 1707 2363; x_wconf 85' lang='lat' dir='ltr'>ratiociniis</span> <span class='ocrx_word' id='word_1_95' title='bbox 1719 2289 1887 2363; x_wconf 87' lang='lat' dir='ltr'>instanter</span> <span class='ocrx_word' id='word_1_96' title='bbox 1901 2299 1935 2364; x_wconf 86' lang='lat' dir='ltr'>ot</span> 
     </span>
     <span class='ocr_line' id='line_1_13' title="bbox 522 2413 1935 2511; baseline -0.001 -23"><span class='ocrx_word' id='word_1_97' title='bbox 522 2414 704 2488; x_wconf 91' lang='lat' dir='ltr'>efficaciter</span> <span class='ocrx_word' id='word_1_98' title='bbox 718 2414 903 2490; x_wconf 91' lang='lat' dir='ltr'>intendatis</span> <span class='ocrx_word' id='word_1_99' title='bbox 909 2445 920 2510; x_wconf 89' lang='lat'>;</span> <span class='ocrx_word' id='word_1_100' title='bbox 936 2425 975 2489; x_wconf 90' lang='lat' dir='ltr'>nt</span> <span class='ocrx_word' id='word_1_101' title='bbox 989 2416 1038 2490; x_wconf 92' lang='lat' dir='ltr'>ibi</span> <span class='ocrx_word' id='word_1_102' title='bbox 1055 2417 1099 2490; x_wconf 95' lang='lat' dir='ltr'>sit</span> <span class='ocrx_word' id='word_1_103' title='bbox 1114 2417 1223 2490; x_wconf 92' lang='lat' dir='ltr'>multa</span> <span class='ocrx_word' id='word_1_104' title='bbox 1235 2418 1342 2504; x_wconf 91' lang='lat' dir='ltr'>salus,</span> <span class='ocrx_word' id='word_1_105' title='bbox 1354 2416 1415 2490; x_wconf 95' lang='lat' dir='ltr'>nbi</span> <span class='ocrx_word' id='word_1_106' title='bbox 1429 2417 1538 2490; x_wconf 90' lang='lat' dir='ltr'>multa</span> <span class='ocrx_word' id='word_1_107' title='bbox 1549 2415 1706 2508; x_wconf 90' lang='lat' dir='ltr'>consilia,</span> <span class='ocrx_word' id='word_1_108' title='bbox 1722 2437 1787 2488; x_wconf 90' lang='lat' dir='ltr'>nco</span> <span class='ocrx_word' id='word_1_109' title='bbox 1800 2413 1935 2511; x_wconf 88' lang='lat' dir='ltr'>aliquid</span> 
     </span>
     <span class='ocr_line' id='line_1_14' title="bbox 521 2539 1937 2639; baseline 0.001 -29"><span class='ocrx_word' id='word_1_110' title='bbox 521 2539 761 2636; x_wconf 82' lang='lat' dir='ltr'>inexpeditum</span> <span class='ocrx_word' id='word_1_111' title='bbox 774 2549 986 2637; x_wconf 87' lang='lat' dir='ltr'>pertranseat</span> <span class='ocrx_word' id='word_1_112' title='bbox 1008 2563 1070 2616; x_wconf 90' lang='lat' dir='ltr'>seu</span> <span class='ocrx_word' id='word_1_113' title='bbox 1088 2552 1262 2616; x_wconf 89' lang='lat' dir='ltr'>remaneat</span> <span class='ocrx_word' id='word_1_114' title='bbox 1276 2543 1527 2639; x_wconf 82' lang='lat' dir='ltr'>imperfectum,</span> <span class='ocrx_word' id='word_1_115' title='bbox 1543 2562 1589 2615; x_wconf 88' lang='lat' dir='ltr'>ex</span> <span class='ocrx_word' id='word_1_116' title='bbox 1601 2541 1788 2614; x_wconf 90' lang='lat' dir='ltr'>muitarum</span> <span class='ocrx_word' id='word_1_117' title='bbox 1800 2539 1937 2637; x_wconf 87' lang='lat' dir='ltr'>perspi·</span> 
     </span>
     <span class='ocr_line' id='line_1_15' title="bbox 519 2663 1937 2763; baseline 0 -25"><span class='ocrx_word' id='word_1_118' title='bbox 519 2664 614 2738; x_wconf 90' lang='lat' dir='ltr'>cacia</span> <span class='ocrx_word' id='word_1_119' title='bbox 628 2665 795 2738; x_wconf 90' lang='lat' dir='ltr'>mentium</span> <span class='ocrx_word' id='word_1_120' title='bbox 807 2673 842 2738; x_wconf 92' lang='lat' dir='ltr'>et</span> <span class='ocrx_word' id='word_1_121' title='bbox 853 2665 978 2738; x_wconf 92' lang='lat' dir='ltr'>intuitu</span> <span class='ocrx_word' id='word_1_122' title='bbox 989 2667 1246 2763; x_wconf 87' lang='lat' dir='ltr'>quamplurium</span> <span class='ocrx_word' id='word_1_123' title='bbox 1258 2667 1450 2740; x_wconf 91' lang='lat' dir='ltr'>oculorum.</span> <span class='ocrx_word' id='word_1_124' title='bbox 1466 2665 1634 2752; x_wconf 89' lang='lat' dir='ltr'>Quocirca</span> <span class='ocrx_word' id='word_1_125' title='bbox 1653 2663 1808 2739; x_wconf 85' lang='lat' dir='ltr'>fidelitati</span> <span class='ocrx_word' id='word_1_126' title='bbox 1820 2672 1937 2738; x_wconf 77' lang='lat' dir='ltr'>venne</span> 
     </span>
     <span class='ocr_line' id='line_1_16' title="bbox 519 2787 1937 2888; baseline 0.001 -28"><span class='ocrx_word' id='word_1_127' title='bbox 519 2787 661 2864; x_wconf 85' lang='lat' dir='ltr'>tirmiter</span> <span class='ocrx_word' id='word_1_128' title='bbox 678 2800 713 2864; x_wconf 89' lang='lat' dir='ltr'>et</span> <span class='ocrx_word' id='word_1_129' title='bbox 730 2789 882 2864; x_wconf 90' lang='lat' dir='ltr'>districte</span> <span class='ocrx_word' id='word_1_130' title='bbox 897 2791 1122 2888; x_wconf 88' lang='lat' dir='ltr'>precipiendo</span> <span class='ocrx_word' id='word_1_131' title='bbox 1140 2791 1359 2886; x_wconf 88' lang='lat' dir='ltr'>mandamus,</span> <span class='ocrx_word' id='word_1_132' title='bbox 1377 2800 1561 2887; x_wconf 90' lang='lat' dir='ltr'>quatcnus,</span> <span class='ocrx_word' id='word_1_133' title='bbox 1580 2789 1823 2864; x_wconf 88' lang='lat' dir='ltr'>nonobstante</span> <span class='ocrx_word' id='word_1_134' title='bbox 1837 2788 1937 2885; x_wconf 88' lang='lat' dir='ltr'>quod</span> 
     </span>
     <span class='ocr_line' id='line_1_17' title="bbox 517 2913 1937 3013; baseline -0.001 -24"><span class='ocrx_word' id='word_1_135' title='bbox 517 2913 688 3010; x_wconf 86' lang='lat' dir='ltr'>quosdam</span> <span class='ocrx_word' id='word_1_136' title='bbox 716 2938 763 2990; x_wconf 81' lang='lat' dir='ltr'>ex</span> <span class='ocrx_word' id='word_1_137' title='bbox 781 2915 884 2991; x_wconf 82' lang='lat' dir='ltr'>vobis</span> <span class='ocrx_word' id='word_1_138' title='bbox 904 2917 1038 3013; x_wconf 89' lang='lat' dir='ltr'>pridem</span> <span class='ocrx_word' id='word_1_139' title='bbox 1062 2919 1263 2992; x_wconf 91' lang='lat' dir='ltr'>mandatum</span> <span class='ocrx_word' id='word_1_140' title='bbox 1288 2927 1443 2992; x_wconf 89' lang='lat' dir='ltr'>nostrum</span> <span class='ocrx_word' id='word_1_141' title='bbox 1474 2915 1522 2990; x_wconf 91' lang='lat' dir='ltr'>ad</span> <span class='ocrx_word' id='word_1_142' title='bbox 1546 2913 1723 2990; x_wconf 90' lang='lat' dir='ltr'>audienda</span> <span class='ocrx_word' id='word_1_143' title='bbox 1753 2913 1937 2988; x_wconf 89' lang='lat' dir='ltr'>ratiocinia</span> 
     </span>
     <span class='ocr_line' id='line_1_18' title="bbox 520 3039 1937 3140; baseline 0.001 -29"><span class='ocrx_word' id='word_1_144' title='bbox 520 3039 602 3112; x_wconf 88' lang='lat' dir='ltr'>certi</span> <span class='ocrx_word' id='word_1_145' title='bbox 619 3049 653 3114; x_wconf 88' lang='lat' dir='ltr'>ot</span> <span class='ocrx_word' id='word_1_146' title='bbox 666 3041 881 3116; x_wconf 87' lang='lat' dir='ltr'>determinati</span> <span class='ocrx_word' id='word_1_147' title='bbox 895 3043 1056 3139; x_wconf 90' lang='lat' dir='ltr'>temporis</span> <span class='ocrx_word' id='word_1_148' title='bbox 1071 3043 1302 3140; x_wconf 87' lang='lat' dir='ltr'>deputaverit,</span> <span class='ocrx_word' id='word_1_149' title='bbox 1320 3042 1424 3133; x_wconf 93' lang='lat' dir='ltr'>simul</span> <span class='ocrx_word' id='word_1_150' title='bbox 1442 3039 1569 3114; x_wconf 90' lang='lat' dir='ltr'>amodo</span> <span class='ocrx_word' id='word_1_151' title='bbox 1582 3049 1618 3114; x_wconf 93' lang='lat' dir='ltr'>et</span> <span class='ocrx_word' id='word_1_152' title='bbox 1632 3040 1861 3114; x_wconf 86' lang='lat' dir='ltr'>communiter</span> <span class='ocrx_word' id='word_1_153' title='bbox 1872 3061 1937 3113; x_wconf 89' lang='lat' dir='ltr'>as·</span> 
     </span>
     <span class='ocr_line' id='line_1_19' title="bbox 519 3163 1936 3264; baseline -0.001 -27"><span class='ocrx_word' id='word_1_154' title='bbox 519 3163 644 3239; x_wconf 90' lang='lat' dir='ltr'>sistatis</span> <span class='ocrx_word' id='word_1_155' title='bbox 662 3165 709 3262; x_wconf 86' lang='lat' dir='ltr'>(i)</span> <span class='ocrx_word' id='word_1_156' title='bbox 733 3168 895 3242; x_wconf 88' lang='lat' dir='ltr'>omnibus</span> <span class='ocrx_word' id='word_1_157' title='bbox 915 3168 1119 3242; x_wconf 87' lang='lat' dir='ltr'>officialibus</span> <span class='ocrx_word' id='word_1_158' title='bbox 1145 3168 1322 3242; x_wconf 90' lang='lat' dir='ltr'>ratiocinia</span> <span class='ocrx_word' id='word_1_159' title='bbox 1347 3167 1528 3264; x_wconf 87' lang='lat' dir='ltr'>posituris,</span> <span class='ocrx_word' id='word_1_160' title='bbox 1549 3174 1584 3240; x_wconf 91' lang='lat' dir='ltr'>et</span> <span class='ocrx_word' id='word_1_161' title='bbox 1603 3187 1722 3240; x_wconf 93' lang='lat' dir='ltr'>eorum</span> <span class='ocrx_word' id='word_1_162' title='bbox 1746 3165 1936 3238; x_wconf 82' lang='lat' dir='ltr'>ratiociniis</span> 
     </span>
     <span class='ocr_line' id='line_1_20' title="bbox 519 3289 1932 3390; baseline -0.001 -26"><span class='ocrx_word' id='word_1_163' title='bbox 519 3299 588 3364; x_wconf 93' lang='lat' dir='ltr'>tam</span> <span class='ocrx_word' id='word_1_164' title='bbox 607 3292 707 3366; x_wconf 91' lang='lat' dir='ltr'>novis</span> <span class='ocrx_word' id='word_1_165' title='bbox 721 3315 828 3388; x_wconf 87' lang='lat' dir='ltr'>quam</span> <span class='ocrx_word' id='word_1_166' title='bbox 845 3294 1021 3368; x_wconf 82' lang='lat' dir='ltr'>veteribus</span> <span class='ocrx_word' id='word_1_167' title='bbox 1038 3292 1238 3384; x_wconf 90' lang='lat' dir='ltr'>audiendis,</span> <span class='ocrx_word' id='word_1_168' title='bbox 1259 3303 1362 3390; x_wconf 90' lang='lat' dir='ltr'>prout</span> <span class='ocrx_word' id='word_1_169' title='bbox 1380 3293 1504 3367; x_wconf 89' lang='lat' dir='ltr'>melius</span> <span class='ocrx_word' id='word_1_170' title='bbox 1519 3291 1675 3388; x_wconf 89' lang='lat' dir='ltr'>poteritis</span> <span class='ocrx_word' id='word_1_171' title='bbox 1691 3299 1727 3364; x_wconf 90' lang='lat' dir='ltr'>st</span> <span class='ocrx_word' id='word_1_172' title='bbox 1744 3289 1932 3381; x_wconf 82' lang='lat' dir='ltr'>salubrius,</span> 
     </span>
     <span class='ocr_line' id='line_1_21' title="bbox 518 3413 1935 3515; baseline -0.001 -27"><span class='ocrx_word' id='word_1_173' title='bbox 518 3415 717 3511; x_wconf 90' lang='lat' dir='ltr'>intendatis,</span> <span class='ocrx_word' id='word_1_174' title='bbox 729 3438 833 3514; x_wconf 90' lang='lat' dir='ltr'>super</span> <span class='ocrx_word' id='word_1_175' title='bbox 846 3439 967 3493; x_wconf 90' lang='lat' dir='ltr'>sorum</span> <span class='ocrx_word' id='word_1_176' title='bbox 977 3417 1151 3494; x_wconf 84' lang='lat' dir='ltr'>decisione</span> <span class='ocrx_word' id='word_1_177' title='bbox 1161 3419 1276 3512; x_wconf 90' lang='lat' dir='ltr'>celeri,</span> <span class='ocrx_word' id='word_1_178' title='bbox 1287 3427 1599 3515; x_wconf 89' lang='lat' dir='ltr'>quantumcunque</span> <span class='ocrx_word' id='word_1_179' title='bbox 1610 3414 1765 3513; x_wconf 84' lang='lat' dir='ltr'>poteritis</span> <span class='ocrx_word' id='word_1_180' title='bbox 1779 3413 1935 3488; x_wconf 89' lang='lat' dir='ltr'>solicito·</span> 
     </span>
     <span class='ocr_line' id='line_1_22' title="bbox 518 3539 1935 3642; baseline -0.004 -27"><span class='ocrx_word' id='word_1_181' title='bbox 518 3539 636 3615; x_wconf 87' lang='lat' dir='ltr'>dinem</span> <span class='ocrx_word' id='word_1_182' title='bbox 650 3543 851 3639; x_wconf 83' lang='lat' dir='ltr'>impensuri.</span> <span class='ocrx_word' id='word_1_183' title='bbox 873 3543 1031 3634; x_wconf 86' lang='lat' dir='ltr'>Ceterum</span> <span class='ocrx_word' id='word_1_184' title='bbox 1048 3554 1126 3642; x_wconf 92' lang='lat' dir='ltr'>post</span> <span class='ocrx_word' id='word_1_185' title='bbox 1142 3543 1358 3618; x_wconf 88' lang='lat' dir='ltr'>collationem</span> <span class='ocrx_word' id='word_1_186' title='bbox 1376 3541 1423 3641; x_wconf 82' lang='lat' dir='ltr'>(c)</span> <span class='ocrx_word' id='word_1_187' title='bbox 1442 3541 1479 3614; x_wconf 94' lang='lat' dir='ltr'>in</span> <span class='ocrx_word' id='word_1_188' title='bbox 1495 3539 1622 3615; x_wconf 90' lang='lat' dir='ltr'>talibus</span> <span class='ocrx_word' id='word_1_189' title='bbox 1637 3539 1804 3632; x_wconf 85' lang='lat' dir='ltr'>habitam,</span> <span class='ocrx_word' id='word_1_190' title='bbox 1819 3559 1935 3611; x_wconf 90' lang='lat' dir='ltr'>unus-</span> 
     </span>
     <span class='ocr_line' id='line_1_23' title="bbox 518 3661 1935 3766; baseline -0.004 -24"><span class='ocrx_word' id='word_1_191' title='bbox 518 3667 666 3762; x_wconf 87' lang='lat' dir='ltr'>quisqne</span> <span class='ocrx_word' id='word_1_192' title='bbox 683 3677 836 3741; x_wconf 88' lang='lat' dir='ltr'>vestrum</span> <span class='ocrx_word' id='word_1_193' title='bbox 854 3690 934 3740; x_wconf 90' lang='lat' dir='ltr'>cum</span> <span class='ocrx_word' id='word_1_194' title='bbox 951 3690 1022 3742; x_wconf 94' lang='lat' dir='ltr'>uno</span> <span class='ocrx_word' id='word_1_195' title='bbox 1040 3669 1172 3742; x_wconf 92' lang='lat' dir='ltr'>notario</span> <span class='ocrx_word' id='word_1_196' title='bbox 1185 3689 1246 3765; x_wconf 90' lang='lat' dir='ltr'>per</span> <span class='ocrx_word' id='word_1_197' title='bbox 1260 3689 1299 3742; x_wconf 89' lang='lat' dir='ltr'>se</span> <span class='ocrx_word' id='word_1_198' title='bbox 1310 3677 1345 3741; x_wconf 88' lang='lat' dir='ltr'>et</span> <span class='ocrx_word' id='word_1_199' title='bbox 1357 3667 1485 3762; x_wconf 85' lang='lat' dir='ltr'>singuli</span> <span class='ocrx_word' id='word_1_200' title='bbox 1499 3664 1673 3760; x_wconf 84' lang='lat' dir='ltr'>sigillatim</span> <span class='ocrx_word' id='word_1_201' title='bbox 1685 3661 1808 3738; x_wconf 87' lang='lat' dir='ltr'>eadem</span> <span class='ocrx_word' id='word_1_202' title='bbox 1824 3663 1935 3766; x_wconf 88' lang='lat' dir='ltr'>ratio·</span> 
     </span>
     <span class='ocr_line' id='line_1_24' title="bbox 518 3786 1935 3890; baseline -0.003 -26"><span class='ocrx_word' id='word_1_203' title='bbox 518 3793 607 3865; x_wconf 90' lang='lat' dir='ltr'>cinia</span> <span class='ocrx_word' id='word_1_204' title='bbox 622 3795 723 3890; x_wconf 88' lang='lat' dir='ltr'>pleno</span> <span class='ocrx_word' id='word_1_205' title='bbox 735 3793 933 3888; x_wconf 91' lang='lat' dir='ltr'>discutiant,</span> <span class='ocrx_word' id='word_1_206' title='bbox 945 3803 985 3867; x_wconf 94' lang='lat' dir='ltr'>ut</span> <span class='ocrx_word' id='word_1_207' title='bbox 996 3817 1042 3869; x_wconf 84' lang='lat' dir='ltr'>ex</span> <span class='ocrx_word' id='word_1_208' title='bbox 1055 3794 1121 3868; x_wconf 93' lang='lat' dir='ltr'>hoc</span> <span class='ocrx_word' id='word_1_209' title='bbox 1133 3795 1276 3868; x_wconf 91' lang='lat' dir='ltr'>celerior</span> <span class='ocrx_word' id='word_1_210' title='bbox 1285 3791 1462 3890; x_wconf 81' lang='lat' dir='ltr'>expeditio</span> <span class='ocrx_word' id='word_1_211' title='bbox 1476 3799 1688 3888; x_wconf 90' lang='lat' dir='ltr'>procuretur.</span> <span class='ocrx_word' id='word_1_212' title='bbox 1700 3789 1811 3890; x_wconf 88' lang='lat' dir='ltr'>Super</span> <span class='ocrx_word' id='word_1_213' title='bbox 1820 3786 1935 3884; x_wconf 76' lang='lat' dir='ltr'>qnasi</span> 
     </span>
    </p>
   </div>
   <div class='ocr_carea' id='block_1_5' title="bbox 518 3913 1935 4264">
    <p class='ocr_par' dir='ltr' id='par_1_5' title="bbox 518 3913 1935 4264">
     <span class='ocr_line' id='line_1_25' title="bbox 520 3913 1931 4014; baseline -0.005 -24"><span class='ocrx_word' id='word_1_214' title='bbox 520 3915 688 3992; x_wconf 90' lang='lat' dir='ltr'>dubitatio</span> <span class='ocrx_word' id='word_1_215' title='bbox 705 3920 777 3994; x_wconf 92' lang='lat' dir='ltr'>ulla</span> <span class='ocrx_word' id='word_1_216' title='bbox 791 3920 980 4014; x_wconf 88' lang='lat' dir='ltr'>emerserit,</span> <span class='ocrx_word' id='word_1_217' title='bbox 992 3919 1038 3994; x_wconf 93' lang='lat' dir='ltr'>ad</span> <span class='ocrx_word' id='word_1_218' title='bbox 1052 3921 1252 3994; x_wconf 87' lang='lat' dir='ltr'>alterutrum</span> <span class='ocrx_word' id='word_1_219' title='bbox 1268 3926 1420 3994; x_wconf 86' lang='lat' dir='ltr'>recurret</span> <span class='ocrx_word' id='word_1_220' title='bbox 1437 3926 1471 3990; x_wconf 88' lang='lat' dir='ltr'>ot</span> <span class='ocrx_word' id='word_1_221' title='bbox 1483 3915 1709 3989; x_wconf 88' lang='lat' dir='ltr'>communiter</span> <span class='ocrx_word' id='word_1_222' title='bbox 1720 3913 1931 3998; x_wconf 82' lang='lat' dir='ltr'>conferatur,</span> 
     </span>
     <span class='ocr_line' id='line_1_26' title="bbox 518 4039 1935 4140; baseline -0.006 -24"><span class='ocrx_word' id='word_1_223' title='bbox 518 4043 710 4116; x_wconf 89' lang='lat' dir='ltr'>secundum</span> <span class='ocrx_word' id='word_1_224' title='bbox 735 4043 832 4140; x_wconf 92' lang='lat' dir='ltr'>quod</span> <span class='ocrx_word' id='word_1_225' title='bbox 856 4047 946 4119; x_wconf 89' lang='lat' dir='ltr'>inter</span> <span class='ocrx_word' id='word_1_226' title='bbox 964 4067 1084 4120; x_wconf 89' lang='lat' dir='ltr'>omncs</span> <span class='ocrx_word' id='word_1_227' title='bbox 1109 4044 1307 4119; x_wconf 87' lang='lat' dir='ltr'>convenerit</span> <span class='ocrx_word' id='word_1_228' title='bbox 1329 4041 1546 4117; x_wconf 89' lang='lat' dir='ltr'>terminanda</span> <span class='ocrx_word' id='word_1_229' title='bbox 1568 4039 1633 4138; x_wconf 82' lang='lat' dir='ltr'>(d).</span> <span class='ocrx_word' id='word_1_230' title='bbox 1657 4039 1695 4112; x_wconf 92' lang='lat' dir='ltr'>Si</span> <span class='ocrx_word' id='word_1_231' title='bbox 1719 4057 1804 4112; x_wconf 85' lang='lat' dir='ltr'>vero</span> <span class='ocrx_word' id='word_1_232' title='bbox 1826 4058 1935 4133; x_wconf 91' lang='lat' dir='ltr'>snper</span> 
     </span>
     <span class='ocr_line' id='line_1_27' title="bbox 520 4162 1934 4264; baseline -0.004 -24"><span class='ocrx_word' id='word_1_233' title='bbox 520 4169 636 4263; x_wconf 88' lang='lat' dir='ltr'>aliquo</span> <span class='ocrx_word' id='word_1_234' title='bbox 652 4189 716 4243; x_wconf 90' lang='lat' dir='ltr'>vos</span> <span class='ocrx_word' id='word_1_235' title='bbox 733 4191 853 4244; x_wconf 89' lang='lat' dir='ltr'>omnes</span> <span class='ocrx_word' id='word_1_236' title='bbox 872 4171 1031 4246; x_wconf 88' lang='lat' dir='ltr'>dubitare</span> <span class='ocrx_word' id='word_1_237' title='bbox 1052 4171 1250 4264; x_wconf 80' lang='lat' dir='ltr'>contigerit,</span> <span class='ocrx_word' id='word_1_238' title='bbox 1266 4169 1398 4242; x_wconf 86' lang='lat' dir='ltr'>curiam</span> <span class='ocrx_word' id='word_1_239' title='bbox 1416 4175 1570 4242; x_wconf 87' lang='lat' dir='ltr'>nostram</span> <span class='ocrx_word' id='word_1_240' title='bbox 1587 4185 1647 4264; x_wconf 87' lang='lat' dir='ltr'>por</span> <span class='ocrx_word' id='word_1_241' title='bbox 1668 4171 1801 4239; x_wconf 81' lang='lat' dir='ltr'>rostras</span> <span class='ocrx_word' id='word_1_242' title='bbox 1815 4162 1934 4236; x_wconf 90' lang='lat' dir='ltr'>literas</span> 
     </span>
    </p>
   </div>
   <div class='ocr_carea' id='block_1_6' title="bbox 561 4409 1487 4703">
    <p class='ocr_par' dir='ltr' id='par_1_6' title="bbox 561 4409 1487 4703">
     <span class='ocr_line' id='line_1_28' title="bbox 564 4409 1161 4491; baseline 0.007 -19"><span class='ocrx_word' id='word_1_243' title='bbox 564 4409 606 4491; x_wconf 84' lang='lat' dir='ltr'>(a)</span> <span class='ocrx_word' id='word_1_244' title='bbox 627 4412 684 4474; x_wconf 88' lang='lat' dir='ltr'>Sic.</span> <span class='ocrx_word' id='word_1_245' title='bbox 697 4413 833 4476; x_wconf 83' lang='lat' dir='ltr'>Forsitan</span> <span class='ocrx_word' id='word_1_246' title='bbox 846 4413 935 4476; x_wconf 73' lang='lat' dir='ltr'>ainai</span> <span class='ocrx_word' id='word_1_247' title='bbox 944 4417 1008 4478; x_wconf 79' lang='lat' dir='ltr'>sinc</span> <span class='ocrx_word' id='word_1_248' title='bbox 1019 4413 1161 4478; x_wconf 66' lang='lat' dir='ltr'>simidico</span> 
     </span>
     <span class='ocr_line' id='line_1_29' title="bbox 562 4515 1487 4596; baseline 0.008 -19"><span class='ocrx_word' id='word_1_249' title='bbox 562 4515 602 4596; x_wconf 79' lang='lat' dir='ltr'>(b)</span> <span class='ocrx_word' id='word_1_250' title='bbox 623 4519 657 4578; x_wconf 95' lang='lat' dir='ltr'>ln</span> <span class='ocrx_word' id='word_1_251' title='bbox 670 4520 821 4596; x_wconf 85' lang='lat' dir='ltr'>impressis</span> <span class='ocrx_word' id='word_1_252' title='bbox 832 4519 988 4583; x_wconf 73' lang='lat' dir='ltr'>incunda</span> <span class='ocrx_word' id='word_1_253' title='bbox 999 4519 1048 4584; x_wconf 80' lang='lat' dir='ltr'>ci.</span> <span class='ocrx_word' id='word_1_254' title='bbox 1062 4525 1158 4586; x_wconf 88' lang='lat' dir='ltr'>Locus</span> <span class='ocrx_word' id='word_1_255' title='bbox 1172 4524 1237 4586; x_wconf 85' lang='lat' dir='ltr'>sinc</span> <span class='ocrx_word' id='word_1_256' title='bbox 1248 4521 1340 4586; x_wconf 83' lang='lat' dir='ltr'>dubio</span> <span class='ocrx_word' id='word_1_257' title='bbox 1353 4521 1487 4584; x_wconf 84' lang='lat' dir='ltr'>mutilos.</span> 
     </span>
     <span class='ocr_line' id='line_1_30' title="bbox 561 4620 1025 4703; baseline 0.015 -21"><span class='ocrx_word' id='word_1_258' title='bbox 561 4620 598 4703; x_wconf 84' lang='lat' dir='ltr'>(c)</span> <span class='ocrx_word' id='word_1_259' title='bbox 621 4623 657 4684; x_wconf 93' lang='lat' dir='ltr'>In</span> <span class='ocrx_word' id='word_1_260' title='bbox 670 4626 739 4686; x_wconf 91' lang='lat' dir='ltr'>cod.</span> <span class='ocrx_word' id='word_1_261' title='bbox 754 4635 812 4688; x_wconf 79' lang='grc'>202</span> <span class='ocrx_word' id='word_1_262' title='bbox 826 4625 1025 4690; x_wconf 68' lang='lat' dir='ltr'>collectionum.</span> 
     </span>
    </p>
   </div>
   <div class='ocr_carea' id='block_1_7' title="bbox 562 4729 1300 4816">
    <p class='ocr_par' dir='ltr' id='par_1_7' title="bbox 562 4729 1300 4816">
     <span class='ocr_line' id='line_1_31' title="bbox 562 4729 1300 4816; baseline 0.011 -27"><span class='ocrx_word' id='word_1_263' title='bbox 562 4729 605 4809; x_wconf 85' lang='lat' dir='ltr'>(d)</span> <span class='ocrx_word' id='word_1_264' title='bbox 626 4730 674 4792; x_wconf 88' lang='lat' dir='ltr'>Sic</span> <span class='ocrx_word' id='word_1_265' title='bbox 687 4735 718 4792; x_wconf 90' lang='lat' dir='ltr'>in</span> <span class='ocrx_word' id='word_1_266' title='bbox 731 4729 799 4797; x_wconf 89' lang='lat' dir='ltr'>c&#39;od.</span> <span class='ocrx_word' id='word_1_267' title='bbox 814 4743 883 4796; x_wconf 83' lang='grc'><strong>202.</strong></span> <span class='ocrx_word' id='word_1_268' title='bbox 898 4737 934 4798; x_wconf 92' lang='lat' dir='ltr'>ln</span> <span class='ocrx_word' id='word_1_269' title='bbox 947 4738 1095 4816; x_wconf 87' lang='lat' dir='ltr'>impressis</span> <span class='ocrx_word' id='word_1_270' title='bbox 1107 4733 1300 4800; x_wconf 71' lang='lat' dir='ltr'>camimum.</span> 
     </span>
    </p>
   </div>
   <div class='ocr_carea' id='block_1_8' title="bbox 0 0 2154 5906">
    <p class='ocr_par' dir='ltr' id='par_1_8' title="bbox 0 0 2154 5906">
     <span class='ocr_line' id='line_1_32' title="bbox 0 0 2154 5906; baseline 0 2"><span class='ocrx_word' id='word_1_271' title='bbox 0 0 2154 5906; x_wconf 95' lang='lat' dir='ltr'> </span> 
     </span>
    </p>
   </div>
  </div>
 </body>
</html>
