4308 5910
448 567 506 628 108
977 563 1334 626 cousaffutloltus

447 703 572 794 dignos
596 707 631 772 et
656 700 751 773 omni
776 700 979 796 exceptione
994 703 1156 794 majores,
1180 704 1262 796 [qui
1282 704 1367 776 lorls
1392 699 1604 775 concessioni
1620 701 1855 792 interfuerint]

446 825 586 920 probari
604 825 710 918 possit
724 826 872 920 qualiter
890 827 1014 920 petitor
1032 835 1092 898 aut
1110 827 1367 920 predecessores
1384 826 1440 899 sui
1458 825 1607 898 bominis
1629 825 1723 922 petiti
1741 825 1857 898 domi-

446 949 545 1020 nium
567 949 624 1020 vel
648 949 930 1044 predecessorum
957 973 1097 1022 suorum
1123 951 1239 1046 adepti
1261 954 1426 1042 luissent3
1448 951 1478 1022 si
1503 950 1617 1022 nullas
1638 951 1856 1045 exceptiones

447 1081 637 1144 conventus
655 1085 805 1166 opponat
822 1083 857 1144 et
872 1075 1006 1168 probet,
1019 1097 1079 1169 per
1092 1097 1180 1170 quas
1199 1077 1305 1170 possit
1321 1097 1359 1148 se
1373 1077 1419 1148 ab
1435 1076 1511 1167 ejus
1528 1073 1681 1148 dominio
1697 1074 1852 1168 liberare,

448 1219 509 1290 pro
522 1205 636 1268 actore
650 1196 766 1288 judex
784 1209 982 1293 competens
1003 1200 1091 1270 serre
1113 1199 1316 1272 sententiam
1334 1221 1403 1272 non
1421 1209 1585 1271 moretur.
1603 1198 1706 1283 Quod
1723 1199 1753 1272 si
1770 1222 1855 1294 prc-

446 1321 603 1392 bationes
617 1321 770 1414 legitime
788 1311 1004 1394 de'donrinio
1019 1321 1137 1394 baberi
1156 1345 1224 1394 non
1243 1323 1386 1417 possint,
1404 1323 1550 1395 sufficiat
1561 1322 1696 1418 petitori
1711 1322 1854 1418 probare

444 1445 539 1538 quod
557 1443 659 1516 bomo
673 1446 800 1540 petitus
815 1447 1025 1540 temporibus
1039 1468 1159 1540 regum
1171 1445 1451 1540 predecessorum
1467 1454 1661 1518 nostrorum
1675 1445 1854 1540 predeces-

444 1569 579 1642 soribus
593 1570 665 1641 suis
674 1570 730 1642 vel
744 1571 808 1642 sibi
824 1569 998 1642 fidelitatis
1012 1582 1046 1642 et
1060 1571 1211 1663 homagii
1227 1571 1410 1666 prostiterit
1421 1579 1686 1653 sacramentum,
1697 1574 1747 1659 [et
1759 1571 1852 1665 qnod

445 1705 484 1765 ut
504 1696 671 1766 vassallus
688 1697 762 1787 ejus
780 1696 812 1766 ei
831 1696 988 1766 servierit
1004 1695 1039 1765 in
1059 1695 1221 1767 omnibus
1238 1705 1272 1768 et
1295 1717 1356 1790 per
1373 1718 1451 1768 eum
1472 1696 1506 1768 in
1527 1695 1623 1766 curia
1639 1717 1702 1767 sua
1721 1694 1766 1768 de
1779 1717 1853 1790 per·

443 1839 528 1890 sona
555 1827 747 1891 conventus
762 1809 932 1910 justitiam
956 1819 1095 1908 lecerit]
1116 1820 1424 1913 conquerentibus,
1445 1827 1480 1892 et
1498 1818 1594 1913 qnod
1619 1817 1850 1912 predictorum

443 1964 563 2038 regum
583 1953 736 2038 tempore
754 1965 865 2036 usque
881 1943 927 2015 ad
943 1965 984 2016 ca
1003 1953 1156 2040 tempora
1175 1945 1304 2038 quibus
1326 1945 1371 2016 de
1394 1943 1554 2037 homagio
1571 1943 1725 2014 retulerit
1741 1964 1850 2038 ques-

442 2065 582 2157 tionem,
596 2079 717 2138 terram
737 2067 782 2137 ab
799 2077 913 2138 actore
925 2067 1082 2158 tenuerit,
1100 2090 1144 2140 ne
1159 2068 1243 2139 alias
1263 2066 1312 2164 (α)
1327 2067 1621 2140 recommendatus
1636 2077 1851 2161 presumatur

441 2191 677 2288 potiusquam
695 2191 859 2262 vasallus.
879 2193 954 2276 Qus
969 2191 1083 2264 omnia
1102 2193 1138 2262 in
1159 2191 1325 2264 militibus
1341 2202 1376 2264 et
1390 2191 1578 2265 baronibus
1597 2190 1642 2263 de
1665 2191 1849 2284 vasallagio

441 2315 618 2388 conventis
637 2318 797 2388 volomus
812 2316 1002 2388 observari.
1019 2316 1185 2389 Predictis
1201 2329 1315 2390 autem
1331 2318 1492 2389 omnibus
1510 2317 1565 2390 vel
1584 2317 1700 2411 aliquo
1716 2315 1849 2412 predic-

440 2447 554 2509 torum
573 2438 998 2526 cessantibus‚conventus
1013 2439 1210 2512 immediate
1222 2442 1408 2534 majestatis
1425 2451 1538 2514 nostre
1553 2439 1726 2512 communi
1740 2439 1849 2513 domi·

439 2563 499 2635 nio
518 2563 742 2657 relinquatur.
765 2565 803 2634 ln
820 2565 981 2636 omnibus
999 2575 1112 2636 tamen
1133 2565 1295 2659 predictis
1313 2566 1479 2638 libertatis
1497 2567 1649 2638 favorem
1665 2587 1706 2637 ac
1724 2562 1771 2661 (b)
1788 2565 1848 2636 in-

439 2689 714 2782 terpretationem
733 2687 918 2781 benignam
939 2709 999 2784 pro
1017 2688 1171 2761 libertate
1191 2689 1227 2759 in
1253 2688 1370 2763 dubiis
1391 2690 1605 2781 taciendam,
1629 2700 1729 2786 prout
1746 2700 1847 2762 veto-

440 2813 536 2884 ribus
553 2813 687 2908 legibus
705 2824 757 2885 est
774 2813 964 2907 indultum,
984 2813 1116 2908 integre
1131 2836 1358 2887 reservamus.

829 3153 1032 3227 arnonus
1062 3153 1252 3227 xxxvu.
1280 3156 1344 3225 uz
1368 3147 1455 3251 (at).

755 3333 909 3417 Qualiter
925 3333 1110 3426 campiones
1130 3342 1281 3403 terrentur
1293 3354 1447 3428 puprrore
1465 3330 1521 3428 (c).

924 3532 996 3579 unx
1029 3495 1267 3580 cn'rnuuuuns
1297 3506 1361 3604 (d).

483 3681 604 3754 Nullus
624 3683 757 3778 campio
773 3683 803 3754 si
822 3683 982 3757 devictus
1001 3686 1115 3776 luerit,
1138 3686 1198 3776 [ad
1215 3685 1411 3760 faciendum
1430 3685 1572 3776 bellum]
1590 3681 1633 3775 (c)
1652 3681 1767 3756 denuo
1782 3705 1844 3778 pro

435 3806 551 3900 aliquo
571 3807 785 3895 admittatur,
797 3809 861 3879 nisi
882 3830 943 3902 pro
959 3831 1009 3900 se,
1024 3831 1092 3881 non
1109 3831 1190 3881 cum
1208 3810 1283 3906 ipse
1298 3809 1432 3905 impetit
1445 3807 1637 3899 alium‚scd
1652 3829 1729 3880 cum
1744 3809 1844 3880 fucrit

434 3930 479 4002 ab
505 3931 621 4025 aliquo
644 3931 832 4026 impetitus.
866 3934 1054 4006 statuimus
1080 3945 1234 4030 preterea
1258 3943 1299 4005 ut
1321 3933 1448 4007 amodo
1475 3933 1673 4028 campiones
1695 3931 1842 4005 babeant

477 4159 520 4239 (a)
543 4161 578 4221 ln
591 4161 658 4222 cod.
676 4171 753 4222 toas
768 4159 824 4232 vet,
838 4161 959 4223 forsitan
973 4159 1073 4240 velun·
1086 4165 1166 4242 quod
1178 4166 1297 4244 proplm
1310 4179 1415 4242 graeco
1427 4163 1550 4225 aoccdlt.

474 4266 518 4349 (b)
539 4271 573 4330 lu
589 4267 655 4328 cod.
672 4277 748 4329 4626
763 4267 823 4344 ad,·
837 4269 888 4328 sed
902 4273 933 4329 lu
948 4287 1050 4349 graeco
1064 4270 1118 4330 aul

477 4374 513 4454 (c)
542 4376 652 4436 Graece
669 4393 677 4435 τ
693 4375 736 4434 Dc
749 4373 863 4436 deuictis
875 4377 1077 4457 campionllru.

473 4480 518 4563 (d)
539 4485 588 4545 Slc
602 4485 633 4542 ln
647 4482 738 4542 duob.
754 4483 905 4544 codlclbus
919 4485 1027 4563 Parte,
1042 4493 1072 4546 et
1085 4489 1174 4546 recle.

474 4586 514 4668 (c)
540 4589 574 4647 ln
589 4588 656 4648 cod.
673 4597 750 4648 4626
768 4608 776 4649 :
793 4585 899 4650 Nullus
913 4593 1024 4670 campio
1037 4589 1072 4651 de
1084 4587 1278 4672 campionr'buc
1291 4590 1342 4671 qui
1353 4585 1441 4650 semol
1454 4588 1488 4649 ic
1504 4602 1603 4666 campo
1615 4581 1740 4646 deuictus
1743 4580 1839 4663 suerit

432 4692 645 4776 adscciccdum
658 4692 801 4773 ducllum,
815 4703 879 4772 uc,
894 4702 1014 4762 rectlus.
