4288 5912
550 503 612 565 ara
1043 493 1260 564 rarnrarcr
1286 491 1463 560 sacuam
1773 501 1855 582 [aa
1873 501 1958 568 rasa

598 639 742 735 Signum
757 636 889 712 domini
906 633 1078 712 Fredorlci
1092 637 1324 710 Romanorum
1339 631 1555 731 impumtatis
1567 633 1798 710 invictissimi.

596 765 671 860 ligo
684 763 896 838 Christianus
907 762 1092 860 imperialis
1106 761 1202 835 curie
1215 759 1441 834 cancellarius
1455 759 1655 856 recognovi.

597 889 722 962 Datum
739 887 933 981 vor-macie,
957 885 1093 960 decimo
1111 885 1210 960 tertio
1226 883 1394 960 kalendas
1412 883 1577 976 octobris,
1603 903 1697 958 anno
1710 881 1885 959 dominice
1895 883 1960 958 in·

547 1012 753 1087 carnationis
769 1011 950 1086 millesimo
962 1010 1149 1084 contesimo
1166 1009 1384 1103 sexagesimo
1400 1007 1540 1104 quintu,
1565 1007 1755 1082 indictione
1767 1007 1873 1082 tercia
1888 1007 1960 1083 de-

548 1137 655 1230 cima,
682 1144 847 1232 regnante
865 1135 1007 1210 domiuo
1023 1133 1203 1209 Frederioo
1217 1135 1448 1208 Romanorum
1461 1132 1667 1232 imperatore
1688 1132 1957 1228 gloriosissimo,

547 1281 638 1334 anno
652 1261 751 1355 regni
766 1259 842 1353 ejus
855 1259 960 1334 tercio
975 1257 1129 1352 decimo,
1147 1257 1283 1355 imperil
1299 1277 1382 1334 vem
1399 1255 1599 1332 undedmo.
1617 1256 1745 1331 Actum
1761 1257 1799 1330 iu
1811 1255 1957 1352 (bristo,

547 1383 703 1459 feliciter.
722 1382 847 1457 Amen.

413 1593 440 1624 s
594 1507 664 1582 Nos
678 1507 785 1602 igitur
797 1505 1011 1581 attendentes
1025 1505 1271 1602 religionemet
1287 1503 1465 1580 honestam
1479 1505 1774 1580 conversationem
1785 1503 1958 1580 abbatim

547 1651 588 1704 ac
610 1631 810 1706 monialium
833 1630 1065 1728 predictarum
1090 1639 1125 1704 ct
1147 1639 1278 1726 quanto
1302 1628 1497 1706 devotionis
1518 1629 1644 1704 allecta
1665 1629 1797 1704 ibidem
1810 1627 1958 1704 nanim

546 1755 771 1848 famulantur,
801 1777 865 1851 pro
880 1755 991 1829 salute
1004 1775 1144 1852 quoque
1165 1763 1281 1830 nosba
1298 1763 1334 1828 et
1351 1754 1504 1832 remedio
1525 1755 1718 1830 animarum
1737 1753 1957 1828 dominorum

546 1887 770 1973 augustorum
795 1885 976 1974 parentum
1000 1885 1195 1950 nostrornm
1212 1876 1395 1952 recolende
1410 1877 1575 1952 memorie
1591 1897 1711 1952 earum
1729 1877 1957 1974 supplicatio-

545 2001 650 2074 nibus
664 2001 896 2076 favorabiliter
908 2001 1075 2093 inclinati,
1088 2001 1281 2098 predictum
1295 2001 1515 2099 privilegium
1527 1999 1602 2076 divi
1616 2001 1767 2096 Augusti
1776 2002 1836 2076 avi
1849 2001 1955 2076 nostri

546 2125 660 2200 cidem
676 2127 881 2200 monasterio
901 2125 1075 2200 indultum
1091 2125 1137 2200 de
1155 2127 1264 2202 verbo
1286 2125 1334 2200 ad
1360 2126 1506 2202 verbum
1523 2127 1615 2202 sicut
1634 2149 1741 2224 supra
1761 2127 1957 2202 continetur

544 2250 722 2324 transcribi
750 2259 784 2324 et
809 2251 966 2324 innovari
988 2250 1254 2344 mandavimus3
1288 2250 1529 2326 confirmantes
1551 2251 1589 2324 in
1617 2261 1823 2348 perpetuum
1842 2251 1956 2326 eidem

546 2373 752 2449 monasterio
777 2375 893 2448 omnia
918 2395 988 2471 que
1015 2375 1286 2474 suprascriptum
1312 2375 1533 2473 privilegium
1561 2373 1726 2450 continet.
1759 2377 1811 2450 lle
1842 2384 1956 2450 nostro

545 2499 654 2595 gratia
676 2498 860 2594 majestatis
877 2501 1046 2596 presentis
1063 2501 1236 2597 privilegii
1251 2501 1451 2574 audoritate
1468 2499 1672 2576 mandantes
1689 2509 1862 2596 quatenus
1877 2500 1955 2572 unl-

545 2623 600 2696 ius
618 2623 792 2720 prinoeps,
813 2625 907 2718 dux,
926 2626 1097 2718 marchio,
1115 2645 1249 2715 comes,
1263 2623 1511 2718 ministerialis,
1527 2625 1727 2716 sculterius,
1747 2624 1952 2714 advocatus,

546 2749 710 2845 nullaque
723 2771 869 2846 persona
884 2750 953 2824 altu
968 2750 1026 2824 vel
1036 2749 1195 2840 humilis,
1215 2749 1442 2824 ecclesiastica
1456 2749 1514 2824 vel
1527 2749 1722 2839 mundana,
1742 2757 1860 2822 onuba
1875 2769 1954 2845 pre-

546 2872 654 2945 sentis
671 2873 938 2948 confirmationis
954 2881 1070 2948 nostre
1094 2875 1259 2970 paginam
1282 2875 1405 2948 venire
1425 2881 1611 2970 presumat.
1639 2873 1709 2960 Qui
1731 2883 1850 2946 oontm
1874 2893 1953 2970 pre·

546 2997 731 3094 sumpserit
757 2997 1030 3090 indignationem
1065 2998 1224 3074 culminis
1256 2999 1364 3072 nostri
1394 2999 1565 3092 incurrat,
1598 3007 1634 3073 et
1661 3019 1788 3096 mnam
1815 3007 1954 3072 centum

544 3120 707 3193 librarum
723 3123 799 3193 auri
817 3121 893 3216 puri
913 3131 1112 3220 componat,
1132 3143 1282 3218 quarum
1296 3121 1465 3198 medietas
1486 3119 1570 3198 lisco
1587 3123 1756 3220 imperiali
1770 3123 1952 3218 etreliqua

545 3243 711 3318 medietas
732 3245 843 3341 passis
866 3246 1027 3340 injuriam
1050 3247 1277 3343 persolvatur.
1297 3245 1355 3320 Ad
1372 3246 1572 3344 hujusmodi
1588 3255 1704 3322 autem
1723 3247 1954 3322 innovationis

545 3379 577 3441 et
593 3367 861 3444 confirmationis
878 3381 993 3446 nostre
1010 3371 1210 3446 memoriam
1226 3381 1261 3446 et
1275 3371 1382 3446 robur
1398 3371 1436 3444 in
1451 3380 1618 3470 perpetuo
1636 3372 1843 3466 valiturum,
1864 3395 1953 3470 prc-

545 3513 624 3566 sens
640 3493 860 3589 privilegium
874 3493 948 3568 lieri
960 3505 995 3570 et
1010 3497 1123 3588 sigillo
1140 3497 1329 3590 majestatis
1344 3505 1460 3572 nostre
1472 3495 1642 3590 jussimus
1654 3495 1870 3568 communiri.

591 3617 701 3710 liujus
713 3619 763 3690 rci
780 3627 884 3691 testes
902 3627 983 3691 sunt
1005 3645 1014 3692 ε
1035 3619 1183 3693 lacobus
1199 3619 1400 3717 capuanus,
1424 3619 1581 3692 Ceramus
1597 3617 1645 3716 (a)
1660 3619 1896 3694 salernitanus
1918 3630 1952 3696 et

544 3741 682 3814 Obicios
706 3741 912 3816 Cusentinus
935 3743 1198 3840 archiepiscopi,
1227 3743 1405 3818 lticbcrius
1431 3741 1635 3835 llelliensis,
1668 3743 1701 3816 J.
1726 3743 1892 3838 Trojauus
1917 3755 1951 3819 et

542 3868 661 3941 Petras
690 3868 898 3942 ltebclloneis
928 3867 1128 3964 episcopus,
1164 3867 1370 3942 Tbomasius
1399 3887 1514 3942 comes
1538 3867 1760 3962 boemerum,
1795 3867 1951 3945 marcbio

541 3993 683 4078 lancia,
700 4013 816 4066 comes
829 3991 1026 4084 Arduinus,
1044 3992 1211 4066 Heuricus
1226 3992 1271 4068 de
1283 3993 1423 4068 ltavetlo
1442 3993 1489 4092 (i)
1504 3995 1735 4088 mammons,
1754 3993 1949 4089 Vimigner-

583 4299 628 4380 (a)
648 4301 707 4379 Ap.
720 4301 829 4364 llunod
843 4302 993 4376 German,
1006 4304 1095 4366 male.

582 4405 624 4487 (b)
644 4407 897 4471 ttomtnarauam
906 4412 1077 4491 ioedsapnrl
1086 4411 1195 4474 Dunod
1203 4417 1357 4494 corrupta,
1370 4413 1481 4476 salico
1496 4409 1664 4478 Tiamaa
1674 4433 1773 4493 coma,
1785 4415 1942 4484 Aconas

541 4511 678 4592 mardic,
691 4513 816 4578 maara
827 4531 926 4595 morer,
937 4517 1098 4599 arduam,
1110 4521 1252 4584 Banasa
1264 4519 1299 4582 de
1309 4521 1419 4600 naeu,
1432 4519 1471 4585 ad
1479 4537 1579 4586 voram
1587 4521 1740 4587 lectionem
1751 4523 1942 4589 dbccrnlmus

540 4625 571 4682 et
588 4623 781 4686 restituimus.
