4320 5918
236 589 334 649 lsnrcr.
350 585 397 666 8..]
687 583 885 645 HISTORIA
910 583 1203 646 blesouarlce
1589 581 1644 644 501

234 735 351 798 contra
369 721 539 819 presentis
558 719 778 815 obligationis
799 728 914 793 nostre
931 720 1092 817 paginam
1113 721 1277 816 impetere
1296 719 1351 792 vel
1366 717 1545 793 molestare
1559 741 1646 815 pre-

235 858 361 923 sumat.
381 845 484 934 Quod
505 845 567 940 qni
588 845 833 941 presumpserit
852 843 1125 940 indignationem
1150 845 1257 920 nostri
1274 843 1434 918 culminis
1455 845 1647 918 sonaverit

234 974 468 1046 incursurum.
482 968 538 1044 Ad
555 972 654 1063 cujus
670 969 721 1044 rei
734 970 947 1061 memoriam,
961 992 1103 1066 presens
1121 971 1287 1066 seriptum
1301 967 1376 1042 lieri
1387 979 1421 1042 et
1431 969 1525 1043 bulla
1540 990 1646 1044 aurea

234 1097 367 1194 typario
384 1107 500 1169 nostre
515 1095 703 1187 majestatis
720 1093 885 1191 impressa
900 1096 1069 1188 jussimus
1084 1095 1302 1170 communiri.

282 1222 408 1294 Datum
426 1217 523 1314 apud
537 1219 731 1308 Precinam,
752 1241 845 1294 anno
861 1220 1033 1296 dominice
1051 1222 1293 1297 incarnationis
1311 1221 1493 1296 millasimo
1510 1221 1642 1296 ducen-

235 1347 356 1420 tesimo
374 1344 544 1418 tricesimo
559 1353 696 1441 quarto,
713 1365 831 1420 mense
844 1347 1039 1438 novembri,
1054 1357 1175 1422 octave
1189 1347 1399 1422 indictionis.

466 1663 660 1676 ψ’·-

288 1927 316 2009 F
317 1928 525 2037 lidericus,
545 1931 805 2016 Romanorum
833 1933 1055 2042 imperator,
1079 1931 1178 2018 filios
1205 1933 1369 2016 Heinrici
1394 1934 1443 2017 de
1468 1933 1645 2018 Ravens-
1715 2023 1724 2052 Ι
1759 1968 1823 2061 ξω·

236 2062 335 2174 burg
362 2066 412 2148 ad
438 2065 541 2150 bona
567 2065 732 2150 feudalia
758 2078 795 2150 et
821 2067 1067 2178 proprietates
1098 2067 1239 2178 quibus
1265 2079 1420 2178 propter
1445 2069 1645 2152 infamiam
1697 2074 1775 2107 ’Μ
1809 2095 1815 2108 ·

234 2209 436 2308 parentum
464 2225 622 2283 suorum
650 2201 772 2283 multo
803 2212 972 2313 tempore
1001 2201 1153 2286 fuerant
1179 2201 1349 2312 spoliati,
1368 2203 1416 2287 de
1432 2203 1646 2316 principum

236 2333 420 2416 sententia
437 2334 615 2418 restituit.

315 2549 415 2632 (lldtd.
430 2553 565 2627 smmi,
579 2549 748 2614 Auecdotcr.
761 2551 861 2614 butor.
875 2553 969 2634 cajus
976 2549 1059 2634 pult
1076 2549 1185 2616 illustr.
1201 2551 1326 2616 collectio
1340 2552 1460 2634 (Dresde
1472 2561 1503 2617 et
1514 2555 1643 2637 Leipslg,

357 2659 459 2739 tras),
475 2677 507 2738 p.
524 2669 593 2735 tan
608 2661 716 2722 tuclus.
731 2663 764 2722 ln
777 2661 937 2739 diplomate
951 2663 1046 2724 Csrcll
1059 2661 1114 2737 IV,
1129 2662 1167 2724 da
1184 2679 1263 2724 auno
1278 2661 1380 2740 tato.)

283 2847 496 2941 Fridericus,
519 2849 581 2922 Dei
600 2851 709 2944 gratia
728 2851 957 2924 Romanorum
976 2851 1161 2947 imperator
1184 2872 1319 2948 semper
1335 2860 1521 2944 angustus,
1543 2853 1646 2926 Jeru-

235 2974 341 3048 salem
363 2985 398 3048 et
415 2974 528 3048 Sicilie
550 2998 626 3048 rex.
651 2959 717 3049 Per
735 2998 876 3072 presens
896 2975 1060 3072 scriptum
1081 2985 1199 3047 notum
1223 2975 1368 3048 iacimus
1388 2975 1558 3050 universis
1576 2977 1647 3050 im-

235 3100 321 3197 perii
340 3099 502 3175 fidelibus
521 3111 590 3174 tam
616 3100 831 3196 presentibus
847 3124 952 3196 quam
972 3099 1096 3172 tuturis
1118 3099 1214 3196 quud
1232 3101 1521 3196 conquerentibus
1547 3103 1647 3176 nobis

236 3223 397 3298 fidelibus
412 3225 539 3298 nostris
557 3223 636 3298 filiis
649 3224 826 3322 qnondam
839 3225 975 3297 Henrici
991 3225 1036 3298 de
1047 3225 1289 3321 Ravensburg,
1305 3225 1537 3301 intelleximus
1551 3229 1648 3324 quod

235 3359 373 3446 propter
390 3351 567 3425 infamiam
586 3351 644 3425 vel
661 3351 825 3425 delictum
848 3358 1030 3447 parentum
1048 3373 1189 3424 snorum
1214 3373 1282 3424 non
1301 3360 1432 3424 tantum
1451 3327 1646 3428 bonis'iec-

236 3475 394 3567 dalibns,
414 3499 534 3550 verum
554 3477 656 3550 etiam
679 3477 945 3573 proprietatibus
961 3475 996 3547 in
1021 3477 1150 3572 quibus
1168 3477 1234 3573 ipsi
1251 3475 1424 3551 debebant
1439 3479 1642 3572 succedere,

235 3601 304 3675 sint
317 3602 390 3695 jam
404 3603 513 3676 multo
532 3612 684 3698 tempore
702 3602 851 3698 spoliati.
871 3601 972 3675 Unde
991 3603 1204 3676 elementiam
1223 3613 1374 3678 nostram
1390 3605 1563 3678 humiliter
1580 3607 1645 3678 im·

235 3727 414 3822 plorabant
435 3737 474 3800 nt
495 3728 649 3825 ipsorum
677 3729 814 3802 miserie
843 3728 996 3801 miserari
1021 3739 1055 3800 et
1083 3728 1253 3824 imperiali
1281 3729 1468 3804 subvenire
1493 3731 1645 3826 presidio

236 3853 469 3949 dignaremur.
491 3853 576 3926 Cum
594 3853 701 3947 igitur
722 3854 830 3950 patris
849 3853 1064 3948 iniquitatem
1088 3851 1180 3926 filius
1203 3862 1339 3949 portare
1362 3876 1432 3927 non
1457 3853 1583 3930 debeat
1606 3867 1644 3929 ut

236 3978 399 4073 puniatur
416 3979 600 4052 amissione
617 3979 834 4076 proprietatis
851 3988 1010 4075 paterne,
1031 4000 1095 4052 nos
1117 4000 1237 4051 eorum
1260 3978 1569 4074 supplicationibus
1589 3981 1644 4054 in·

236 4102 364 4196 clinati,
385 4104 578 4201 principum
597 4105 700 4177 etiam
721 4103 870 4177 dictante
886 4103 1070 4194 sententia,
1095 4103 1187 4199 ipsos
1212 4101 1259 4176 ad
1284 4104 1374 4178 bona
1401 4126 1471 4200 que
1488 4117 1647 4202 parentas

236 4249 354 4302 sorum
383 4230 600 4326 proprietatis
627 4231 725 4304 titulo
754 4229 977 4326 possidebant
998 4228 1208 4302 restituimus
1234 4229 1413 4322 universa,
1443 4230 1646 4306 mandantes

236 4352 301 4426 snb
327 4354 470 4428 obtentu
495 4353 604 4450 gratie
630 4366 747 4430 nostre
770 4366 805 4429 et
830 4354 970 4429 tirmiter
993 4355 1188 4428 inhibentes
1214 4355 1385 4430 universis
1411 4356 1646 4431 detentoribus

235 4479 435 4555 eorumdem
457 4489 628 4576 quatenus
648 4481 739 4554 bona
764 4481 838 4577 ipsa
862 4481 913 4554 eis
932 4479 1093 4554 ammodo
1114 4502 1183 4554 non
1208 4479 1400 4572 detineant,
1424 4482 1560 4556 sedilia
1578 4483 1644 4556 sibi

235 4606 427 4700 restituant,
448 4607 577 4680 nnllam
594 4605 639 4680 de
653 4616 765 4682 cetero
785 4605 969 4680 inserentes
986 4605 1145 4700 injuriam
1160 4608 1196 4678 in
1213 4607 1359 4700 eisdem,
1380 4607 1469 4680 sicut
1485 4604 1646 4702 indigna·

236 4729 363 4806 tionem
381 4741 532 4806 nostram
545 4732 744 4807 desiderant
763 4733 906 4808 evitare.
924 4732 980 4808 Ad
994 4733 1099 4826 bujus
1112 4733 1229 4828 itaque
1244 4734 1293 4807 rei
1310 4733 1509 4806 memoriam
1521 4742 1556 4806 et
1573 4742 1648 4805 sta·
