4320 5918
268 563 368 626 lunum.
385 561 427 645 7.]
715 557 913 622 HISTORIA
941 560 1236 622 olvtotlaulca.
1623 556 1684 618 475

269 700 485 796 prestiterant
498 701 731 792 juramentum
747 694 813 794 (l).
829 697 873 769 Ut
887 697 991 790 igitur
1009 697 1102 771 idem
1117 697 1284 771 llenrious
1301 694 1496 788 iuventutis
1514 715 1577 768 sue
1601 693 1679 789 pri-

269 823 383 896 mitias
400 843 470 918 que
481 843 543 918 per
558 819 766 892 incrementa
781 819 949 892 virtutum
967 821 1015 894 ad
1030 822 1150 896 altiora
1172 820 1317 918 provehi
1338 818 1497 892 felicibus
1518 817 1681 913 auspiciis

269 954 469 1042 exoptatur,
489 965 676 1040 pravorum
694 942 858 1018 seductus
874 945 1040 1036 consiliis,
1061 945 1139 1019 labe
1162 942 1327 1018 maculari
1345 941 1487 1038 perjurii
1506 961 1576 1016 non
1598 962 1680 1035 per·

269 1071 398 1162 mittat,
420 1069 664 1166 premissorum
681 1067 899 1142 observantie
917 1069 964 1142 ita
982 1069 1120 1144 studeat
1135 1090 1260 1142 vacare
1276 1067 1442 1142 sollicitus
1458 1065 1554 1161 qnod
1568 1064 1682 1138 dictos

270 1196 454 1291 imperator
469 1194 505 1266 in
517 1193 612 1266 nullo
622 1214 772 1288 pereum
781 1194 942 1267 ammodo
955 1194 1115 1268 videatur
1127 1195 1292 1268 offensus.
1301 1191 1404 1277 Quod
1416 1190 1458 1280 si,
1468 1189 1564 1285 quod
1575 1189 1678 1277 absit,

271 1318 435 1413 adjecerit
448 1319 537 1391 ultra
556 1317 768 1412 quibuslibet
783 1317 932 1391 levitatis
944 1319 1082 1414 ineptiis
1096 1315 1440 1406 contraveniendum,
1452 1337 1499 1389 ex
1512 1336 1617 1404 nunc,
1636 1335 1682 1388 oe

272 1443 411 1517 tandem
430 1442 565 1516 causari
579 1441 692 1515 valeat
711 1443 806 1537 qood
819 1443 947 1516 omisso
968 1444 1167 1518 monitionis
1181 1452 1321 1539 paterne
1335 1440 1451 1514 debito
1464 1441 1556 1513 circa
1569 1462 1607 1513 se
1621 1441 1683 1513 vi-

274 1565 418 1639 deamur
431 1569 600 1640 tramitem
618 1566 836 1663 providentie
853 1568 1048 1662 reliquisse,
1074 1590 1137 1664 pro
1152 1567 1252 1639 firmo
1268 1566 1334 1639 sibi
1353 1575 1508 1638 constare
1521 1566 1682 1638 volumus

273 1691 369 1787 quod
384 1692 429 1768 ab
445 1713 487 1764 eo
505 1692 554 1764 ita
567 1691 696 1766 favoris
713 1693 820 1766 nostri
837 1693 982 1786 gratiam
1000 1703 1195 1768 evertemus
1209 1701 1247 1764 ut
1267 1689 1445 1764 evidenter
1463 1691 1629 1785 intelligat
1645 1711 1684 1763 se

274 1815 311 1888 iu
329 1815 395 1890 hoo
409 1815 624 1890 discretionis
640 1817 793 1890 carnisse
806 1817 957 1909 lumine,
980 1818 1009 1890 si
1026 1818 1124 1890 illum
1143 1818 1204 1913 qui
1220 1839 1302 1890 eom
1325 1816 1446 1910 genuit
1463 1824 1498 1888 et
1513 1815 1684 1912 multipli-

275 1942 360 2015 catis
375 1940 563 2014 honoribus
579 1942 758 2036 exaltavit,
773 1944 830 2018 vel
849 1943 886 2016 in
902 1943 1045 2017 minimo
1060 1945 1260 2040 apposuerit
1276 1941 1488 2038 perturbare,
1505 1962 1568 2037 pro
1586 1941 1686 2034 cujus

274 2063 473 2164 amplianda
490 2067 600 2161 gloria
613 2075 648 2140 et
662 2067 793 2141 honore
806 2067 936 2142 nedum
954 2090 1091 2142 omnem
1110 2067 1225 2142 cordis
1242 2067 1403 2140 affectum
1426 2065 1609 2139 liberaliter
1626 2064 1688 2139 de·

274 2191 374 2265 beret
393 2213 583 2288 exponere,
613 2193 683 2266 imo
707 2193 753 2267 ad
776 2193 843 2268 hoo
869 2194 996 2288 vitam,
1023 2195 1053 2267 si
1074 2194 1260 2268 necessitas
1284 2193 1515 2284 incumberet,
1534 2191 1691 2288 quolibet

276 2317 412 2391 sublato
428 2316 593 2413 diffugio,
620 2326 830 2414 spontaneus
855 2318 1040 2416 deputare,
1070 2341 1191 2394 omnes
1215 2319 1385 2393 contraria
1408 2317 1593 2392 suadentes
1619 2339 1699 2390 non-

277 2441 448 2534 homiues,
474 2441 537 2516 sed
557 2441 722 2516 demones
738 2444 1074 2539 potiusarbitrando,
1094 2446 1247 2518 maxime
1258 2465 1337 2516 com
1348 2452 1426 2539 post
1439 2445 1550 2516 Deum
1563 2464 1688 2516 seoun·

277 2564 363 2639 dum
377 2567 467 2640 velle
489 2567 703 2664 imperatoris
718 2567 874 2662 ejusdem
892 2569 1019 2644 babeat
1036 2591 1176 2643 necesse
1198 2567 1321 2663 dirigi3
1348 2567 1458 2662 quisi
1477 2589 1541 2640 sua
1561 2567 1690 2661 impor-

278 2692 423 2764 tunitate
440 2693 614 2784 turbatus,
636 2694 753 2766 oculos
777 2694 822 2766 ab
843 2715 884 2766 eo
906 2695 1005 2769 solite
1026 2695 1278 2790 propitiationis
1301 2703 1434 2767 avertat
1454 2703 1489 2764 et
1510 2692 1691 2764 silentibus

277 2816 379 2889 nobis
382 2869 1686 2892 .................................

278 2941 381 3026 Quod
398 2964 478 3014 cum
503 2943 632 3016 illatam
649 2943 846 3039 imperatori
869 2954 1055 3018 memorato
1082 2945 1244 3036 injuriam
1261 2951 1412 3016 nostram
1434 2941 1557 3016 merito
1580 2963 1692 3036 repu-

279 3075 411 3156 tamus,
434 3089 476 3140 eo
504 3067 601 3161 quod
624 3068 776 3141 Ecclesie
801 3070 962 3164 provisus
988 3091 1010 3142 a
1032 3069 1178 3142 Domino
1209 3068 1253 3140 sit
1279 3067 1456 3158 defensor,
1486 3066 1691 3140 arbitrantes

278 3192 379 3264 nobis
394 3213 589 3265 accrescere
601 3191 777 3287 quidquid
795 3194 861 3266 sibi
882 3194 918 3265 in
937 3194 1037 3268 bonis
1053 3194 1235 3288 contigerit
1249 3192 1434 3284 advenire,
1455 3193 1607 3288 sepefato
1625 3213 1692 3265 no-

279 3316 340 3388 bili
353 3317 382 3389 si
397 3315 510 3390 eidem
524 3317 720 3414 imperatori
739 3319 915 3392 obnoxius
931 3331 965 3393 et
982 3319 1129 3393 devotus
1147 3319 1316 3410 extiterit,
1335 3318 1400 3390 erit
1416 3317 1523 3391 Sedes
1535 3315 1693 3413 Aposto-

277 3442 343 3516 lica
356 3443 393 3513 in
408 3443 566 3516 favorum
583 3465 726 3517 munere
746 3443 908 3518 liberalis.
938 3444 1120 3540 Alioquin,
1142 3465 1187 3517 ne
1205 3445 1320 3539 ipsum
1342 3442 1389 3516 ad
1410 3441 1576 3516 damnum
1591 3441 1691 3536 quasi

281 3569 534 3662 negligentibus
552 3569 653 3643 nobie
665 3569 843 3667 predictus
854 3571 1040 3667 imperator
1055 3579 1174 3644 notum
1189 3569 1255 3642 sibi
1276 3568 1401 3642 sentiat
1413 3567 1540 3662 dequo
1557 3569 1694 3642 exalta-

282 3693 385 3768 tionis
401 3693 542 3767 deberet
554 3694 647 3768 done
660 3695 855 3792 percipere,
877 3715 919 3769 ac
937 3717 997 3790 pre
1010 3695 1166 3790 patribus
1178 3695 1352 3768 universis
1367 3693 1696 3766 cumulatisexalta-
1780 3725 1784 3732 ·

283 3818 433 3890 tionibus
460 3819 657 3907 abundare,
691 3819 848 3915 quinimo
877 3842 922 3894 ne
955 3819 1049 3894 dicto
1075 3819 1182 3893 nobili
1216 3827 1383 3914 sequente
1406 3817 1537 3891 arbitrii
1564 3817 1695 3913 proprii

283 3941 489 4034 libertatem,
503 3943 599 4038 quod
611 3954 744 4020 avertat
756 3946 936 4038 Dominus,
952 3945 989 4019 id
1004 3945 1180 4040 contingat
1190 3945 1347 4018 accidere
1361 3964 1421 4038 per
1437 3942 1533 4037 quod
1545 3943 1696 4016 Ecclesie

284 4077 318 4140 et
334 4067 469 4163 imperii
488 4067 640 4163 dignitas
657 4073 766 4166 possit
783 4073 925 4173 aliquod
944 4072 1190 4146 inconveniens
1208 4070 1396 4154 sustinere;
1419 4069 1622 4142 fraternitati
1639 4077 1698 4140 tue

284 4212 345 4286 per
362 4193 548 4288 apostolica
562 4197 687 4290 scripta
706 4194 847 4270 firmiter
859 4195 1082 4293 precipiendo
1101 4195 1309 4270 mandamus
1323 4202 1509 4289 quatenus,
1521 4195 1610 4268 siout
1621 4215 1699 4268 me·

285 4325 438 4390 moratus
450 4317 575 4391 nobilis
588 4320 782 4394 voluntarie
796 4343 833 4395 se
844 4322 967 4416 ligavit
977 4322 1072 4416 quod
1088 4322 1154 4394 nisi
1168 4321 1264 4416 quod
1275 4321 1310 4392 in
1325 4318 1488 4415 predictis
1507 4320 1700 4393 continetur

284 4437 408 4512 litteris
439 4441 652 4534 observaret,
686 4445 781 4518 nulla
811 4446 999 4519 monitione
1029 4446 1149 4542 previa
1175 4455 1210 4519 et
1248 4445 1381 4540 absque
1407 4444 1551 4539 strepitu
1577 4442 1702 4535 judieii

323 4612 359 4687 (t)
377 4611 444 4673 Vide
462 4630 544 4690 supra
561 4607 771 4679 instrumentum
785 4620 920 4681 bertholdi
939 4619 1107 4696 patriarchae
1123 4619 1318 4695 Aquilegiensis
1335 4625 1363 4680 et
1378 4624 1544 4680 caeterorum
1557 4615 1701 4688 nobilium,

290 4729 318 4788 p.
331 4717 394 4774 ³25.
