<?xml version="1.0" encoding="UTF-8"?>
<!DOCTYPE html PUBLIC "-//W3C//DTD XHTML 1.0 Transitional//EN"
    "http://www.w3.org/TR/xhtml1/DTD/xhtml1-transitional.dtd">
<html xmlns="http://www.w3.org/1999/xhtml" xml:lang="en" lang="en">
 <head>
  <title>
</title>
<meta http-equiv="Content-Type" content="text/html;charset=utf-8" />
  <meta name='ocr-system' content='tesseract 3.04.00' />
  <meta name='ocr-capabilities' content='ocr_page ocr_carea ocr_par ocr_line ocrx_word'/>
</head>
<body>
  <div class='ocr_page' id='page_1' title='image "./historiadiploma07fredgoog_0120.png"; bbox 0 0 4308 5910; ppageno 0'>
   <div class='ocr_carea' id='block_1_1' title="bbox 494 605 1377 672">
    <p class='ocr_par' dir='ltr' id='par_1_1' title="bbox 494 605 1377 672">
     <span class='ocr_line' id='line_1_1' title="bbox 494 605 1377 672; baseline -0.006 -1"><span class='ocrx_word' id='word_1_1' title='bbox 494 607 551 672; x_wconf 77' lang='lat'>1⁰6</span> <span class='ocrx_word' id='word_1_2' title='bbox 1021 605 1377 670; x_wconf 73' lang='lat' dir='ltr'>consulturtottts</span> 
     </span>
    </p>
   </div>
   <div class='ocr_carea' id='block_1_2' title="bbox 488 741 1900 2956">
    <p class='ocr_par' dir='ltr' id='par_1_2' title="bbox 488 741 1900 2956">
     <span class='ocr_line' id='line_1_2' title="bbox 494 741 1900 840; baseline -0.001 -22"><span class='ocrx_word' id='word_1_3' title='bbox 494 746 528 818; x_wconf 83' lang='lat' dir='ltr'>si</span> <span class='ocrx_word' id='word_1_4' title='bbox 550 755 663 817; x_wconf 86' lang='lat' dir='ltr'>tamen</span> <span class='ocrx_word' id='word_1_5' title='bbox 681 756 860 818; x_wconf 86' lang='lat' dir='ltr'>accusator</span> <span class='ocrx_word' id='word_1_6' title='bbox 878 745 936 836; x_wconf 95' lang='lat' dir='ltr'>[in</span> <span class='ocrx_word' id='word_1_7' title='bbox 960 744 1122 834; x_wconf 87' lang='lat' dir='ltr'>crimine]</span> <span class='ocrx_word' id='word_1_8' title='bbox 1141 747 1239 840; x_wconf 89' lang='lat' dir='ltr'>prius</span> <span class='ocrx_word' id='word_1_9' title='bbox 1256 743 1374 816; x_wconf 79' lang='lat' dir='ltr'>offerat</span> <span class='ocrx_word' id='word_1_10' title='bbox 1389 762 1428 814; x_wconf 92' lang='lat' dir='ltr'>se</span> <span class='ocrx_word' id='word_1_11' title='bbox 1441 741 1586 836; x_wconf 90' lang='lat' dir='ltr'>probare</span> <span class='ocrx_word' id='word_1_12' title='bbox 1601 763 1664 840; x_wconf 84' lang='lat' dir='ltr'>per</span> <span class='ocrx_word' id='word_1_13' title='bbox 1681 753 1799 838; x_wconf 87' lang='lat' dir='ltr'>testes,</span> <span class='ocrx_word' id='word_1_14' title='bbox 1821 757 1854 820; x_wconf 91' lang='lat' dir='ltr'>et</span> <span class='ocrx_word' id='word_1_15' title='bbox 1872 749 1900 818; x_wconf 90' lang='lat' dir='ltr'>si</span> 
     </span>
     <span class='ocr_line' id='line_1_3' title="bbox 495 866 1900 965; baseline 0.001 -24"><span class='ocrx_word' id='word_1_16' title='bbox 495 869 530 941; x_wconf 95' lang='lat' dir='ltr'>in</span> <span class='ocrx_word' id='word_1_17' title='bbox 549 891 668 942; x_wconf 86' lang='lat' dir='ltr'>eorum</span> <span class='ocrx_word' id='word_1_18' title='bbox 687 868 888 965; x_wconf 79' lang='lat' dir='ltr'>probatione</span> <span class='ocrx_word' id='word_1_19' title='bbox 905 869 1059 958; x_wconf 80' lang='lat' dir='ltr'>deficiat,</span> <span class='ocrx_word' id='word_1_20' title='bbox 1079 877 1160 942; x_wconf 91' lang='lat' dir='ltr'>tuno</span> <span class='ocrx_word' id='word_1_21' title='bbox 1178 866 1410 962; x_wconf 81' lang='lat' dir='ltr'>inquisitionis</span> <span class='ocrx_word' id='word_1_22' title='bbox 1427 875 1462 938; x_wconf 90' lang='lat' dir='ltr'>et</span> <span class='ocrx_word' id='word_1_23' title='bbox 1479 887 1597 962; x_wconf 82' lang='lat' dir='ltr'>pugne</span> <span class='ocrx_word' id='word_1_24' title='bbox 1613 869 1815 965; x_wconf 79' lang='lat' dir='ltr'>probatione</span> <span class='ocrx_word' id='word_1_25' title='bbox 1831 873 1900 942; x_wconf 91' lang='lat' dir='ltr'>mi-</span> 
     </span>
     <span class='ocr_line' id='line_1_4' title="bbox 496 989 1898 1089; baseline 0.001 -24"><span class='ocrx_word' id='word_1_26' title='bbox 496 993 589 1065; x_wconf 89' lang='lat' dir='ltr'>nime</span> <span class='ocrx_word' id='word_1_27' title='bbox 606 994 720 1066; x_wconf 91' lang='lat' dir='ltr'>locum</span> <span class='ocrx_word' id='word_1_28' title='bbox 738 992 908 1084; x_wconf 89' lang='lat' dir='ltr'>habente,</span> <span class='ocrx_word' id='word_1_29' title='bbox 927 1015 1005 1066; x_wconf 87' lang='lat' dir='ltr'>reus</span> <span class='ocrx_word' id='word_1_30' title='bbox 1020 994 1081 1088; x_wconf 91' lang='lat' dir='ltr'>qui</span> <span class='ocrx_word' id='word_1_31' title='bbox 1099 1015 1225 1066; x_wconf 91' lang='lat' dir='ltr'>nocens</span> <span class='ocrx_word' id='word_1_32' title='bbox 1242 1010 1311 1064; x_wconf 92' lang='lat' dir='ltr'>nou</span> <span class='ocrx_word' id='word_1_33' title='bbox 1328 989 1544 1064; x_wconf 83' lang='lat' dir='ltr'>convincitur</span> <span class='ocrx_word' id='word_1_34' title='bbox 1562 995 1612 1082; x_wconf 90' lang='lat' dir='ltr'>[et</span> <span class='ocrx_word' id='word_1_35' title='bbox 1624 995 1833 1089; x_wconf 82' lang='lat' dir='ltr'>presumitur</span> <span class='ocrx_word' id='word_1_36' title='bbox 1846 997 1898 1067; x_wconf 91' lang='lat' dir='ltr'>in·</span> 
     </span>
     <span class='ocr_line' id='line_1_5' title="bbox 496 1115 1899 1214; baseline 0.004 -26"><span class='ocrx_word' id='word_1_37' title='bbox 496 1122 638 1206; x_wconf 85' lang='lat' dir='ltr'>nocens]</span> <span class='ocrx_word' id='word_1_38' title='bbox 652 1118 851 1190; x_wconf 79' lang='lat' dir='ltr'>absolvatur</span> <span class='ocrx_word' id='word_1_39' title='bbox 868 1145 876 1188; x_wconf 74' lang='grc' dir='ltr'><strong><em>ε</em></strong></span> <span class='ocrx_word' id='word_1_40' title='bbox 894 1119 1055 1212; x_wconf 88' lang='lat' dir='ltr'>quodjus</span> <span class='ocrx_word' id='word_1_41' title='bbox 1069 1119 1157 1192; x_wconf 90' lang='lat' dir='ltr'>inter</span> <span class='ocrx_word' id='word_1_42' title='bbox 1170 1137 1289 1190; x_wconf 89' lang='lat' dir='ltr'>omnes</span> <span class='ocrx_word' id='word_1_43' title='bbox 1301 1125 1371 1188; x_wconf 89' lang='lat' dir='ltr'>tam</span> <span class='ocrx_word' id='word_1_44' title='bbox 1384 1115 1533 1188; x_wconf 80' lang='lat' dir='ltr'>Francos</span> <span class='ocrx_word' id='word_1_45' title='bbox 1543 1139 1648 1213; x_wconf 89' lang='lat' dir='ltr'>quam</span> <span class='ocrx_word' id='word_1_46' title='bbox 1657 1119 1899 1214; x_wconf 79' lang='lat' dir='ltr'>Longobardos</span> 
     </span>
     <span class='ocr_line' id='line_1_6' title="bbox 494 1239 1898 1317; baseline 0.002 -3"><span class='ocrx_word' id='word_1_47' title='bbox 494 1253 530 1314; x_wconf 91' lang='lat' dir='ltr'>et</span> <span class='ocrx_word' id='word_1_48' title='bbox 545 1244 580 1314; x_wconf 94' lang='lat' dir='ltr'>iu</span> <span class='ocrx_word' id='word_1_49' title='bbox 598 1243 712 1315; x_wconf 87' lang='lat' dir='ltr'>causis</span> <span class='ocrx_word' id='word_1_50' title='bbox 729 1243 890 1316; x_wconf 88' lang='lat' dir='ltr'>omnibus</span> <span class='ocrx_word' id='word_1_51' title='bbox 907 1244 1069 1316; x_wconf 89' lang='lat' dir='ltr'>volumus</span> <span class='ocrx_word' id='word_1_52' title='bbox 1085 1263 1162 1316; x_wconf 91' lang='lat' dir='ltr'>esse</span> <span class='ocrx_word' id='word_1_53' title='bbox 1176 1261 1371 1315; x_wconf 90' lang='lat' dir='ltr'>commune.</span> <span class='ocrx_word' id='word_1_54' title='bbox 1391 1239 1481 1312; x_wconf 88' lang='lat' dir='ltr'>Satis</span> <span class='ocrx_word' id='word_1_55' title='bbox 1496 1240 1588 1312; x_wconf 92' lang='lat' dir='ltr'>enim</span> <span class='ocrx_word' id='word_1_56' title='bbox 1605 1243 1770 1316; x_wconf 84' lang='lat' dir='ltr'>militibus</span> <span class='ocrx_word' id='word_1_57' title='bbox 1787 1253 1822 1317; x_wconf 90' lang='lat' dir='ltr'>et</span> <span class='ocrx_word' id='word_1_58' title='bbox 1837 1266 1898 1316; x_wconf 94' lang='lat' dir='ltr'>no·</span> 
     </span>
     <span class='ocr_line' id='line_1_7' title="bbox 493 1361 1898 1462; baseline 0.001 -24"><span class='ocrx_word' id='word_1_59' title='bbox 493 1367 623 1439; x_wconf 84' lang='lat' dir='ltr'>bilibus</span> <span class='ocrx_word' id='word_1_60' title='bbox 648 1367 743 1460; x_wconf 79' lang='lat' dir='ltr'>regui</span> <span class='ocrx_word' id='word_1_61' title='bbox 772 1367 877 1439; x_wconf 90' lang='lat' dir='ltr'>nostri</span> <span class='ocrx_word' id='word_1_62' title='bbox 903 1389 965 1462; x_wconf 91' lang='lat' dir='ltr'>per</span> <span class='ocrx_word' id='word_1_63' title='bbox 989 1365 1229 1462; x_wconf 89' lang='lat' dir='ltr'>probationum</span> <span class='ocrx_word' id='word_1_64' title='bbox 1254 1364 1530 1462; x_wconf 73' lang='lat' dir='ltr'>impugnationes</span> <span class='ocrx_word' id='word_1_65' title='bbox 1548 1361 1598 1460; x_wconf 87' lang='lat' dir='ltr'>(o)</span> <span class='ocrx_word' id='word_1_66' title='bbox 1626 1367 1842 1460; x_wconf 89' lang='lat' dir='ltr'>providimus</span> <span class='ocrx_word' id='word_1_67' title='bbox 1865 1379 1898 1440; x_wconf 90' lang='lat' dir='ltr'>et</span> 
     </span>
     <span class='ocr_line' id='line_1_8' title="bbox 492 1489 1899 1587; baseline 0.001 -23"><span class='ocrx_word' id='word_1_68' title='bbox 492 1491 568 1564; x_wconf 90' lang='lat' dir='ltr'>aliis</span> <span class='ocrx_word' id='word_1_69' title='bbox 583 1493 685 1564; x_wconf 91' lang='lat' dir='ltr'>etiam</span> <span class='ocrx_word' id='word_1_70' title='bbox 699 1491 760 1585; x_wconf 90' lang='lat' dir='ltr'>qui</span> <span class='ocrx_word' id='word_1_71' title='bbox 775 1501 930 1586; x_wconf 89' lang='lat' dir='ltr'>poterant</span> <span class='ocrx_word' id='word_1_72' title='bbox 944 1513 1098 1586; x_wconf 77' lang='lat' dir='ltr'>pugnam</span> <span class='ocrx_word' id='word_1_73' title='bbox 1110 1491 1250 1578; x_wconf 80' lang='lat' dir='ltr'>offerre,</span> <span class='ocrx_word' id='word_1_74' title='bbox 1265 1499 1369 1587; x_wconf 91' lang='lat' dir='ltr'>prout</span> <span class='ocrx_word' id='word_1_75' title='bbox 1382 1489 1517 1562; x_wconf 91' lang='lat' dir='ltr'>novella</span> <span class='ocrx_word' id='word_1_76' title='bbox 1530 1491 1773 1564; x_wconf 88' lang='lat' dir='ltr'>constitutione</span> <span class='ocrx_word' id='word_1_77' title='bbox 1785 1503 1899 1566; x_wconf 86' lang='lat' dir='ltr'>nostra</span> 
     </span>
     <span class='ocr_line' id='line_1_9' title="bbox 491 1611 1897 1719; baseline -0.001 -31"><span class='ocrx_word' id='word_1_78' title='bbox 491 1615 689 1688; x_wconf 85' lang='lat' dir='ltr'>evidentius</span> <span class='ocrx_word' id='word_1_79' title='bbox 707 1625 758 1688; x_wconf 92' lang='lat' dir='ltr'>est</span> <span class='ocrx_word' id='word_1_80' title='bbox 776 1623 954 1687; x_wconf 90' lang='lat' dir='ltr'>statutum.</span> <span class='ocrx_word' id='word_1_81' title='bbox 975 1614 1111 1702; x_wconf 83' lang='lat' dir='ltr'>Crimen</span> <span class='ocrx_word' id='word_1_82' title='bbox 1136 1613 1239 1688; x_wconf 82' lang='lat' dir='ltr'>etiam</span> <span class='ocrx_word' id='word_1_83' title='bbox 1256 1613 1327 1686; x_wconf 90' lang='lat' dir='ltr'>lese</span> <span class='ocrx_word' id='word_1_84' title='bbox 1344 1611 1530 1719; x_wconf 84' lang='lat' dir='ltr'>majestatis</span> <span class='ocrx_word' id='word_1_85' title='bbox 1550 1613 1745 1710; x_wconf 82' lang='lat' dir='ltr'>excipimus</span> <span class='ocrx_word' id='word_1_86' title='bbox 1770 1615 1805 1685; x_wconf 95' lang='lat' dir='ltr'>in</span> <span class='ocrx_word' id='word_1_87' title='bbox 1830 1635 1897 1708; x_wconf 93' lang='lat' dir='ltr'>quo</span> 
     </span>
     <span class='ocr_line' id='line_1_10' title="bbox 494 1736 1895 1836; baseline -0.001 -26"><span class='ocrx_word' id='word_1_88' title='bbox 494 1740 603 1829; x_wconf 82' lang='lat' dir='ltr'>[iutra</span> <span class='ocrx_word' id='word_1_89' title='bbox 628 1738 763 1833; x_wconf 86' lang='lat' dir='ltr'>scriptis</span> <span class='ocrx_word' id='word_1_90' title='bbox 783 1739 943 1834; x_wconf 87' lang='lat' dir='ltr'>capitulis</span> <span class='ocrx_word' id='word_1_91' title='bbox 964 1736 1032 1836; x_wconf 86' lang='lat' dir='ltr'>(b)]</span> <span class='ocrx_word' id='word_1_92' title='bbox 1056 1759 1174 1835; x_wconf 79' lang='lat' dir='ltr'>pugne</span> <span class='ocrx_word' id='word_1_93' title='bbox 1187 1738 1360 1832; x_wconf 89' lang='lat' dir='ltr'>judicium</span> <span class='ocrx_word' id='word_1_94' title='bbox 1382 1759 1611 1810; x_wconf 86' lang='lat' dir='ltr'>reservamus.</span> <span class='ocrx_word' id='word_1_95' title='bbox 1632 1739 1703 1811; x_wconf 89' lang='lat' dir='ltr'>Nec</span> <span class='ocrx_word' id='word_1_96' title='bbox 1720 1738 1846 1810; x_wconf 91' lang='lat' dir='ltr'>mirum</span> <span class='ocrx_word' id='word_1_97' title='bbox 1869 1741 1895 1811; x_wconf 91' lang='lat' dir='ltr'>si</span> 
     </span>
     <span class='ocr_line' id='line_1_11' title="bbox 492 1861 1897 1958; baseline -0.001 -24"><span class='ocrx_word' id='word_1_98' title='bbox 492 1863 563 1935; x_wconf 88' lang='lat' dir='ltr'>lese</span> <span class='ocrx_word' id='word_1_99' title='bbox 578 1863 769 1955; x_wconf 85' lang='lat' dir='ltr'>majestatis</span> <span class='ocrx_word' id='word_1_100' title='bbox 784 1884 880 1946; x_wconf 90' lang='lat' dir='ltr'>reos,</span> <span class='ocrx_word' id='word_1_101' title='bbox 893 1862 1085 1936; x_wconf 86' lang='lat' dir='ltr'>homicidas</span> <span class='ocrx_word' id='word_1_102' title='bbox 1099 1863 1245 1936; x_wconf 84' lang='lat' dir='ltr'>furtivos</span> <span class='ocrx_word' id='word_1_103' title='bbox 1259 1873 1364 1956; x_wconf 85' lang='lat' dir='ltr'>atque</span> <span class='ocrx_word' id='word_1_104' title='bbox 1377 1861 1549 1934; x_wconf 87' lang='lat' dir='ltr'>veneficos</span> <span class='ocrx_word' id='word_1_105' title='bbox 1565 1884 1682 1958; x_wconf 80' lang='lat' dir='ltr'>pugne</span> <span class='ocrx_word' id='word_1_106' title='bbox 1696 1863 1897 1954; x_wconf 87' lang='lat' dir='ltr'>subjicimus</span> 
     </span>
     <span class='ocr_line' id='line_1_12' title="bbox 493 1983 1896 2084; baseline 0.001 -26"><span class='ocrx_word' id='word_1_107' title='bbox 493 1991 578 2076; x_wconf 93' lang='lat' dir='ltr'>[non</span> <span class='ocrx_word' id='word_1_108' title='bbox 596 1995 665 2059; x_wconf 85' lang='lat' dir='ltr'>tom</span> <span class='ocrx_word' id='word_1_109' title='bbox 676 1987 809 2081; x_wconf 89' lang='lat' dir='ltr'>judicio</span> <span class='ocrx_word' id='word_1_110' title='bbox 822 2009 927 2082; x_wconf 88' lang='lat' dir='ltr'>quam</span> <span class='ocrx_word' id='word_1_111' title='bbox 945 1983 1096 2084; x_wconf 86' lang='lat' dir='ltr'>terrori];</span> <span class='ocrx_word' id='word_1_112' title='bbox 1114 2009 1185 2060; x_wconf 92' lang='lat' dir='ltr'>non</span> <span class='ocrx_word' id='word_1_113' title='bbox 1198 1985 1294 2082; x_wconf 93' lang='lat' dir='ltr'>quod</span> <span class='ocrx_word' id='word_1_114' title='bbox 1307 1987 1344 2058; x_wconf 91' lang='lat' dir='ltr'>in</span> <span class='ocrx_word' id='word_1_115' title='bbox 1357 1986 1442 2082; x_wconf 90' lang='lat' dir='ltr'>ipsis</span> <span class='ocrx_word' id='word_1_116' title='bbox 1459 1994 1575 2058; x_wconf 89' lang='lat' dir='ltr'>nostra</span> <span class='ocrx_word' id='word_1_117' title='bbox 1588 1985 1753 2059; x_wconf 85' lang='lat' dir='ltr'>serenitas</span> <span class='ocrx_word' id='word_1_118' title='bbox 1764 1987 1896 2078; x_wconf 86' lang='lat' dir='ltr'>justum</span> 
     </span>
     <span class='ocr_line' id='line_1_13' title="bbox 490 2107 1897 2208; baseline -0.001 -25"><span class='ocrx_word' id='word_1_119' title='bbox 490 2110 626 2184; x_wconf 85' lang='lat' dir='ltr'>estimet</span> <span class='ocrx_word' id='word_1_120' title='bbox 641 2111 737 2206; x_wconf 91' lang='lat' dir='ltr'>quod</span> <span class='ocrx_word' id='word_1_121' title='bbox 759 2112 926 2204; x_wconf 89' lang='lat' dir='ltr'>injustum</span> <span class='ocrx_word' id='word_1_122' title='bbox 952 2111 988 2184; x_wconf 93' lang='lat' dir='ltr'>in</span> <span class='ocrx_word' id='word_1_123' title='bbox 1015 2112 1091 2184; x_wconf 89' lang='lat' dir='ltr'>aliis</span> <span class='ocrx_word' id='word_1_124' title='bbox 1108 2114 1298 2208; x_wconf 88' lang='lat' dir='ltr'>reputavit,</span> <span class='ocrx_word' id='word_1_125' title='bbox 1317 2109 1380 2184; x_wconf 89' lang='lat' dir='ltr'>sed</span> <span class='ocrx_word' id='word_1_126' title='bbox 1400 2107 1495 2205; x_wconf 91' lang='lat' dir='ltr'>quod</span> <span class='ocrx_word' id='word_1_127' title='bbox 1516 2109 1552 2182; x_wconf 94' lang='lat' dir='ltr'>in</span> <span class='ocrx_word' id='word_1_128' title='bbox 1579 2131 1699 2185; x_wconf 87' lang='lat' dir='ltr'>eorum</span> <span class='ocrx_word' id='word_1_129' title='bbox 1722 2131 1846 2206; x_wconf 92' lang='lat' dir='ltr'>penam</span> <span class='ocrx_word' id='word_1_130' title='bbox 1864 2121 1897 2185; x_wconf 91' lang='lat' dir='ltr'>et</span> 
     </span>
     <span class='ocr_line' id='line_1_14' title="bbox 491 2233 1896 2333; baseline 0.001 -27"><span class='ocrx_word' id='word_1_131' title='bbox 491 2234 636 2307; x_wconf 88' lang='lat' dir='ltr'>aiiorum</span> <span class='ocrx_word' id='word_1_132' title='bbox 653 2237 870 2332; x_wconf 85' lang='lat' dir='ltr'>exemplum,</span> <span class='ocrx_word' id='word_1_133' title='bbox 888 2237 1026 2332; x_wconf 87' lang='lat' dir='ltr'>pubiice</span> <span class='ocrx_word' id='word_1_134' title='bbox 1039 2237 1076 2308; x_wconf 93' lang='lat' dir='ltr'>in</span> <span class='ocrx_word' id='word_1_135' title='bbox 1091 2237 1332 2333; x_wconf 86' lang='lat' dir='ltr'>conspectibus</span> <span class='ocrx_word' id='word_1_136' title='bbox 1344 2234 1524 2308; x_wconf 89' lang='lat' dir='ltr'>bominum</span> <span class='ocrx_word' id='word_1_137' title='bbox 1543 2235 1609 2308; x_wconf 92' lang='lat' dir='ltr'>sub</span> <span class='ocrx_word' id='word_1_138' title='bbox 1626 2233 1804 2309; x_wconf 87' lang='lat' dir='ltr'>tremenda</span> <span class='ocrx_word' id='word_1_139' title='bbox 1819 2257 1896 2331; x_wconf 88' lang='lat' dir='ltr'>pro·</span> 
     </span>
     <span class='ocr_line' id='line_1_15' title="bbox 489 2359 1897 2456; baseline 0.001 -26"><span class='ocrx_word' id='word_1_140' title='bbox 489 2359 637 2433; x_wconf 89' lang='lat' dir='ltr'>bationis</span> <span class='ocrx_word' id='word_1_141' title='bbox 650 2361 763 2455; x_wconf 91' lang='lat' dir='ltr'>specie</span> <span class='ocrx_word' id='word_1_142' title='bbox 780 2363 863 2435; x_wconf 89' lang='lat' dir='ltr'>tales</span> <span class='ocrx_word' id='word_1_143' title='bbox 879 2361 1040 2435; x_wconf 87' lang='lat' dir='ltr'>constitui</span> <span class='ocrx_word' id='word_1_144' title='bbox 1055 2362 1217 2435; x_wconf 91' lang='lat' dir='ltr'>volumus</span> <span class='ocrx_word' id='word_1_145' title='bbox 1230 2359 1440 2452; x_wconf 89' lang='lat' dir='ltr'>homicidas,</span> <span class='ocrx_word' id='word_1_146' title='bbox 1459 2360 1521 2456; x_wconf 93' lang='lat' dir='ltr'>qui</span> <span class='ocrx_word' id='word_1_147' title='bbox 1539 2360 1692 2433; x_wconf 86' lang='lat' dir='ltr'>occultas</span> <span class='ocrx_word' id='word_1_148' title='bbox 1709 2368 1813 2456; x_wconf 87' lang='lat' dir='ltr'>atque</span> <span class='ocrx_word' id='word_1_149' title='bbox 1831 2360 1897 2431; x_wconf 84' lang='lat' dir='ltr'>iur-</span> 
     </span>
     <span class='ocr_line' id='line_1_16' title="bbox 491 2483 1892 2581; baseline 0.001 -27"><span class='ocrx_word' id='word_1_150' title='bbox 491 2483 579 2556; x_wconf 87' lang='lat' dir='ltr'>tivas</span> <span class='ocrx_word' id='word_1_151' title='bbox 605 2485 749 2560; x_wconf 86' lang='lat' dir='ltr'>insidias</span> <span class='ocrx_word' id='word_1_152' title='bbox 772 2486 844 2560; x_wconf 87' lang='lat' dir='ltr'>vite</span> <span class='ocrx_word' id='word_1_153' title='bbox 867 2487 1065 2578; x_wconf 89' lang='lat' dir='ltr'>bominum,</span> <span class='ocrx_word' id='word_1_154' title='bbox 1085 2508 1173 2581; x_wconf 90' lang='lat' dir='ltr'>quos</span> <span class='ocrx_word' id='word_1_155' title='bbox 1200 2487 1272 2558; x_wconf 86' lang='lat' dir='ltr'>sola</span> <span class='ocrx_word' id='word_1_156' title='bbox 1299 2493 1410 2580; x_wconf 88' lang='lat' dir='ltr'>potest</span> <span class='ocrx_word' id='word_1_157' title='bbox 1431 2505 1548 2558; x_wconf 86' lang='lat' dir='ltr'>creare</span> <span class='ocrx_word' id='word_1_158' title='bbox 1575 2483 1694 2559; x_wconf 89' lang='lat' dir='ltr'>divina</span> <span class='ocrx_word' id='word_1_159' title='bbox 1725 2484 1892 2580; x_wconf 90' lang='lat' dir='ltr'>potentia,</span> 
     </span>
     <span class='ocr_line' id='line_1_17' title="bbox 488 2608 1894 2704; baseline -0.001 -24"><span class='ocrx_word' id='word_1_160' title='bbox 488 2630 608 2704; x_wconf 88' lang='lat' dir='ltr'>parare</span> <span class='ocrx_word' id='word_1_161' title='bbox 621 2611 761 2683; x_wconf 88' lang='lat' dir='ltr'>minime</span> <span class='ocrx_word' id='word_1_162' title='bbox 778 2611 978 2684; x_wconf 87' lang='lat' dir='ltr'>timuerunt.</span> <span class='ocrx_word' id='word_1_163' title='bbox 993 2613 1060 2684; x_wconf 86' lang='lat' dir='ltr'>Eos</span> <span class='ocrx_word' id='word_1_164' title='bbox 1073 2611 1166 2684; x_wconf 90' lang='lat' dir='ltr'>enim</span> <span class='ocrx_word' id='word_1_165' title='bbox 1179 2621 1278 2684; x_wconf 84' lang='lat' dir='ltr'>extra</span> <span class='ocrx_word' id='word_1_166' title='bbox 1294 2631 1414 2683; x_wconf 89' lang='lat' dir='ltr'>omnes</span> <span class='ocrx_word' id='word_1_167' title='bbox 1429 2608 1599 2684; x_wconf 78' lang='lat' dir='ltr'>modestis</span> <span class='ocrx_word' id='word_1_168' title='bbox 1613 2609 1775 2682; x_wconf 87' lang='lat' dir='ltr'>terminos</span> <span class='ocrx_word' id='word_1_169' title='bbox 1792 2609 1894 2681; x_wconf 88' lang='lat' dir='ltr'>stubi·</span> 
     </span>
     <span class='ocr_line' id='line_1_18' title="bbox 488 2734 1896 2832; baseline -0.002 -26"><span class='ocrx_word' id='word_1_170' title='bbox 488 2735 609 2824; x_wconf 90' lang='lat' dir='ltr'>timus,</span> <span class='ocrx_word' id='word_1_171' title='bbox 624 2735 686 2828; x_wconf 90' lang='lat' dir='ltr'>qui</span> <span class='ocrx_word' id='word_1_172' title='bbox 699 2736 868 2810; x_wconf 83' lang='lat' dir='ltr'>adversus</span> <span class='ocrx_word' id='word_1_173' title='bbox 879 2737 1098 2810; x_wconf 83' lang='lat' dir='ltr'>securitatem</span> <span class='ocrx_word' id='word_1_174' title='bbox 1110 2745 1259 2809; x_wconf 87' lang='lat' dir='ltr'>nostram</span> <span class='ocrx_word' id='word_1_175' title='bbox 1276 2756 1450 2832; x_wconf 82' lang='lat' dir='ltr'>perquam</span> <span class='ocrx_word' id='word_1_176' title='bbox 1464 2734 1628 2808; x_wconf 89' lang='lat' dir='ltr'>omnibus</span> <span class='ocrx_word' id='word_1_177' title='bbox 1638 2735 1715 2808; x_wconf 90' lang='lat' dir='ltr'>aliis</span> <span class='ocrx_word' id='word_1_178' title='bbox 1728 2743 1896 2829; x_wconf 89' lang='lat' dir='ltr'>prestatur</span> 
     </span>
     <span class='ocr_line' id='line_1_19' title="bbox 488 2860 1233 2956; baseline 0 -25"><span class='ocrx_word' id='word_1_179' title='bbox 488 2860 669 2952; x_wconf 86' lang='lat' dir='ltr'>securitas,</span> <span class='ocrx_word' id='word_1_180' title='bbox 690 2862 799 2935; x_wconf 87' lang='lat' dir='ltr'>moliri</span> <span class='ocrx_word' id='word_1_181' title='bbox 815 2860 948 2956; x_wconf 89' lang='lat' dir='ltr'>atiquid</span> <span class='ocrx_word' id='word_1_182' title='bbox 969 2883 1038 2934; x_wconf 95' lang='lat' dir='ltr'>non</span> <span class='ocrx_word' id='word_1_183' title='bbox 1056 2870 1233 2934; x_wconf 85' lang='lat' dir='ltr'>verentur.</span> 
     </span>
    </p>
   </div>
   <div class='ocr_carea' id='block_1_3' title="bbox 885 3175 1503 3449">
    <p class='ocr_par' dir='ltr' id='par_1_3' title="bbox 885 3175 1503 3449">
     <span class='ocr_line' id='line_1_20' title="bbox 885 3175 1503 3272; baseline -0.006 -22"><span class='ocrx_word' id='word_1_184' title='bbox 885 3179 1089 3253; x_wconf 86' lang='lat' dir='ltr'><strong>TITULUS</strong></span> <span class='ocrx_word' id='word_1_185' title='bbox 1118 3179 1289 3252; x_wconf 87' lang='lat' dir='ltr'><strong>XXXIV.</strong></span> <span class='ocrx_word' id='word_1_186' title='bbox 1317 3180 1381 3250; x_wconf 90' lang='grc' dir='ltr'>ΛΔ</span> <span class='ocrx_word' id='word_1_187' title='bbox 1408 3175 1503 3272; x_wconf 77' lang='lat' dir='ltr'>(at).</span> 
     </span>
     <span class='ocr_line' id='line_1_21' title="bbox 993 3351 1396 3449; baseline -0.002 -23"><span class='ocrx_word' id='word_1_188' title='bbox 993 3355 1046 3427; x_wconf 86' lang='lat' dir='ltr'>De</span> <span class='ocrx_word' id='word_1_189' title='bbox 1064 3377 1167 3428; x_wconf 79' lang='lat' dir='ltr'>cauto</span> <span class='ocrx_word' id='word_1_190' title='bbox 1184 3351 1352 3449; x_wconf 77' lang='lat' dir='ltr'>depositi(</span> <span class='ocrx_word' id='word_1_191' title='bbox 1369 3352 1396 3448; x_wconf 77' lang='grc'>).</span> 
     </span>
    </p>
   </div>
   <div class='ocr_carea' id='block_1_4' title="bbox 1029 3556 1350 3607">
    <p class='ocr_par' dir='ltr' id='par_1_4' title="bbox 1029 3556 1350 3607">
     <span class='ocr_line' id='line_1_22' title="bbox 1029 3556 1350 3607; baseline -0.006 -2"><span class='ocrx_word' id='word_1_192' title='bbox 1029 3559 1119 3607; x_wconf 76' lang='lat' dir='ltr'>tunm</span> <span class='ocrx_word' id='word_1_193' title='bbox 1150 3556 1350 3606; x_wconf 74' lang='lat' dir='ltr'><strong>AUGUSTUS.</strong></span> 
     </span>
    </p>
   </div>
   <div class='ocr_carea' id='block_1_5' title="bbox 490 3708 1895 4432">
    <p class='ocr_par' dir='ltr' id='par_1_5' title="bbox 490 3708 1895 4432">
     <span class='ocr_line' id='line_1_23' title="bbox 538 3708 1895 3807; baseline -0.002 -27"><span class='ocrx_word' id='word_1_194' title='bbox 538 3709 575 3780; x_wconf 90' lang='lat' dir='ltr'>ln</span> <span class='ocrx_word' id='word_1_195' title='bbox 601 3731 706 3784; x_wconf 84' lang='lat' dir='ltr'>causa</span> <span class='ocrx_word' id='word_1_196' title='bbox 731 3709 898 3805; x_wconf 87' lang='lat' dir='ltr'>depositi,</span> <span class='ocrx_word' id='word_1_197' title='bbox 920 3711 956 3783; x_wconf 93' lang='lat' dir='ltr'>in</span> <span class='ocrx_word' id='word_1_198' title='bbox 973 3733 1043 3806; x_wconf 88' lang='lat' dir='ltr'>qua</span> <span class='ocrx_word' id='word_1_199' title='bbox 1060 3713 1143 3784; x_wconf 93' lang='lat' dir='ltr'>olim</span> <span class='ocrx_word' id='word_1_200' title='bbox 1165 3731 1283 3807; x_wconf 79' lang='lat' dir='ltr'>pugna</span> <span class='ocrx_word' id='word_1_201' title='bbox 1301 3711 1414 3784; x_wconf 90' lang='lat' dir='ltr'>locum</span> <span class='ocrx_word' id='word_1_202' title='bbox 1432 3708 1602 3798; x_wconf 84' lang='lat' dir='ltr'>babebat,</span> <span class='ocrx_word' id='word_1_203' title='bbox 1624 3727 1741 3804; x_wconf 79' lang='lat' dir='ltr'>pugne</span> <span class='ocrx_word' id='word_1_204' title='bbox 1756 3725 1895 3802; x_wconf 90' lang='lat' dir='ltr'>prorsus</span> 
     </span>
     <span class='ocr_line' id='line_1_24' title="bbox 490 3829 1894 3928; baseline -0.003 -24"><span class='ocrx_word' id='word_1_205' title='bbox 490 3833 728 3908; x_wconf 88' lang='lat' dir='ltr'>interdicimus</span> <span class='ocrx_word' id='word_1_206' title='bbox 747 3836 967 3925; x_wconf 70' lang='lat' dir='ltr'>facultatem</span> <span class='ocrx_word' id='word_1_207' title='bbox 989 3836 1052 3910; x_wconf 88' lang='lat' dir='ltr'>sed</span> <span class='ocrx_word' id='word_1_208' title='bbox 1072 3845 1111 3908; x_wconf 91' lang='lat' dir='ltr'>ut</span> <span class='ocrx_word' id='word_1_209' title='bbox 1129 3836 1175 3910; x_wconf 92' lang='lat' dir='ltr'>de</span> <span class='ocrx_word' id='word_1_210' title='bbox 1189 3857 1231 3910; x_wconf 87' lang='lat' dir='ltr'>ea</span> <span class='ocrx_word' id='word_1_211' title='bbox 1246 3835 1404 3910; x_wconf 84' lang='lat' dir='ltr'>dubietas</span> <span class='ocrx_word' id='word_1_212' title='bbox 1419 3835 1501 3910; x_wconf 91' lang='lat' dir='ltr'>oriri</span> <span class='ocrx_word' id='word_1_213' title='bbox 1523 3855 1593 3908; x_wconf 90' lang='lat' dir='ltr'>non</span> <span class='ocrx_word' id='word_1_214' title='bbox 1611 3831 1732 3928; x_wconf 86' lang='lat' dir='ltr'>possit,</span> <span class='ocrx_word' id='word_1_215' title='bbox 1754 3829 1821 3904; x_wconf 91' lang='lat' dir='ltr'>snb</span> <span class='ocrx_word' id='word_1_216' title='bbox 1838 3829 1894 3902; x_wconf 85' lang='lat' dir='ltr'>tati</span> 
     </span>
     <span class='ocr_line' id='line_1_25' title="bbox 491 3954 1895 4057; baseline -0.003 -27"><span class='ocrx_word' id='word_1_217' title='bbox 491 3959 794 4033; x_wconf 85' lang='lat' dir='ltr'>cautelevolumus</span> <span class='ocrx_word' id='word_1_218' title='bbox 806 3959 1000 4057; x_wconf 88' lang='lat' dir='ltr'>depositum</span> <span class='ocrx_word' id='word_1_219' title='bbox 1014 3960 1140 4036; x_wconf 87' lang='lat' dir='ltr'>amodo</span> <span class='ocrx_word' id='word_1_220' title='bbox 1154 3961 1320 4036; x_wconf 88' lang='lat' dir='ltr'>celebrari</span> <span class='ocrx_word' id='word_1_221' title='bbox 1337 3987 1345 4032; x_wconf 74' lang='grc' dir='ltr'><strong>ε</strong></span> <span class='ocrx_word' id='word_1_222' title='bbox 1360 3959 1522 4034; x_wconf 86' lang='lat' dir='ltr'>videlicet</span> <span class='ocrx_word' id='word_1_223' title='bbox 1533 3967 1572 4032; x_wconf 92' lang='lat' dir='ltr'>ut</span> <span class='ocrx_word' id='word_1_224' title='bbox 1582 3958 1619 4030; x_wconf 92' lang='lat' dir='ltr'>in</span> <span class='ocrx_word' id='word_1_225' title='bbox 1629 3957 1785 4053; x_wconf 88' lang='lat' dir='ltr'>deposito</span> <span class='ocrx_word' id='word_1_226' title='bbox 1796 3954 1895 4046; x_wconf 84' lang='lat' dir='ltr'>cujus</span> 
     </span>
     <span class='ocr_line' id='line_1_26' title="bbox 491 4079 1894 4177; baseline -0.005 -23"><span class='ocrx_word' id='word_1_227' title='bbox 491 4083 662 4177; x_wconf 90' lang='lat' dir='ltr'>quantitas</span> <span class='ocrx_word' id='word_1_228' title='bbox 681 4083 768 4160; x_wconf 85' lang='lat' dir='ltr'>inira</span> <span class='ocrx_word' id='word_1_229' title='bbox 787 4107 893 4158; x_wconf 91' lang='lat' dir='ltr'>unam</span> <span class='ocrx_word' id='word_1_230' title='bbox 911 4085 1035 4160; x_wconf 90' lang='lat' dir='ltr'>libram</span> <span class='ocrx_word' id='word_1_231' title='bbox 1053 4087 1131 4160; x_wconf 93' lang='lat' dir='ltr'>auri</span> <span class='ocrx_word' id='word_1_232' title='bbox 1147 4087 1319 4174; x_wconf 86' lang='lat' dir='ltr'>subsistit,</span> <span class='ocrx_word' id='word_1_233' title='bbox 1339 4094 1407 4158; x_wconf 87' lang='lat' dir='ltr'>tres</span> <span class='ocrx_word' id='word_1_234' title='bbox 1423 4093 1525 4158; x_wconf 85' lang='lat' dir='ltr'>testes</span> <span class='ocrx_word' id='word_1_235' title='bbox 1543 4081 1614 4158; x_wconf 89' lang='lat' dir='ltr'>tide</span> <span class='ocrx_word' id='word_1_236' title='bbox 1630 4081 1729 4176; x_wconf 78' lang='lat' dir='ltr'>digni</span> <span class='ocrx_word' id='word_1_237' title='bbox 1746 4090 1781 4154; x_wconf 89' lang='lat' dir='ltr'>et</span> <span class='ocrx_word' id='word_1_238' title='bbox 1803 4079 1894 4152; x_wconf 93' lang='lat' dir='ltr'>omni</span> 
     </span>
     <span class='ocr_line' id='line_1_27' title="bbox 491 4203 1895 4302; baseline -0.004 -23"><span class='ocrx_word' id='word_1_239' title='bbox 491 4207 696 4302; x_wconf 87' lang='lat' dir='ltr'>exceptione</span> <span class='ocrx_word' id='word_1_240' title='bbox 718 4210 865 4302; x_wconf 89' lang='lat' dir='ltr'>majores</span> <span class='ocrx_word' id='word_1_241' title='bbox 890 4209 1040 4284; x_wconf 81' lang='lat' dir='ltr'>debeant</span> <span class='ocrx_word' id='word_1_242' title='bbox 1066 4211 1243 4285; x_wconf 86' lang='lat' dir='ltr'>interesse.</span> <span class='ocrx_word' id='word_1_243' title='bbox 1274 4209 1367 4281; x_wconf 85' lang='lat' dir='ltr'>Ultra</span> <span class='ocrx_word' id='word_1_244' title='bbox 1384 4208 1506 4282; x_wconf 90' lang='lat' dir='ltr'>libram</span> <span class='ocrx_word' id='word_1_245' title='bbox 1524 4215 1641 4282; x_wconf 88' lang='lat' dir='ltr'>autem</span> <span class='ocrx_word' id='word_1_246' title='bbox 1662 4203 1738 4278; x_wconf 88' lang='lat' dir='ltr'>auri</span> <span class='ocrx_word' id='word_1_247' title='bbox 1755 4203 1786 4276; x_wconf 93' lang='lat' dir='ltr'>si</span> <span class='ocrx_word' id='word_1_248' title='bbox 1805 4223 1895 4276; x_wconf 94' lang='lat' dir='ltr'>con-</span> 
     </span>
     <span class='ocr_line' id='line_1_28' title="bbox 490 4325 1895 4432; baseline -0.006 -29"><span class='ocrx_word' id='word_1_249' title='bbox 490 4331 586 4404; x_wconf 89' lang='lat' dir='ltr'>sistat</span> <span class='ocrx_word' id='word_1_250' title='bbox 609 4332 824 4430; x_wconf 84' lang='lat' dir='ltr'>depositum,</span> <span class='ocrx_word' id='word_1_251' title='bbox 842 4333 945 4409; x_wconf 89' lang='lat' dir='ltr'>debet</span> <span class='ocrx_word' id='word_1_252' title='bbox 968 4335 1041 4408; x_wconf 86' lang='lat' dir='ltr'>fieri</span> <span class='ocrx_word' id='word_1_253' title='bbox 1064 4335 1240 4432; x_wconf 86' lang='lat' dir='ltr'>publicum</span> <span class='ocrx_word' id='word_1_254' title='bbox 1262 4333 1526 4405; x_wconf 91' lang='lat' dir='ltr'>instrumentum</span> <span class='ocrx_word' id='word_1_255' title='bbox 1551 4349 1614 4426; x_wconf 87' lang='lat' dir='ltr'>per</span> <span class='ocrx_word' id='word_1_256' title='bbox 1633 4349 1759 4402; x_wconf 90' lang='lat' dir='ltr'>manus</span> <span class='ocrx_word' id='word_1_257' title='bbox 1783 4325 1895 4402; x_wconf 87' lang='lat' dir='ltr'>tobel-</span> 
     </span>
    </p>
   </div>
   <div class='ocr_carea' id='block_1_6' title="bbox 527 4531 1674 4726">
    <p class='ocr_par' dir='ltr' id='par_1_6' title="bbox 527 4531 1674 4726">
     <span class='ocr_line' id='line_1_29' title="bbox 529 4531 1674 4620; baseline -0.004 -23"><span class='ocrx_word' id='word_1_258' title='bbox 529 4531 573 4614; x_wconf 74' lang='grc' dir='ltr'>(α)</span> <span class='ocrx_word' id='word_1_259' title='bbox 593 4533 703 4596; x_wconf 76' lang='lat' dir='ltr'>Graece</span> <span class='ocrx_word' id='word_1_260' title='bbox 717 4535 879 4616; x_wconf 82' lang='lat' dir='ltr'>elegantius</span> <span class='ocrx_word' id='word_1_261' title='bbox 894 4557 903 4600; x_wconf 74' lang='lat' dir='ltr'>e</span> <span class='ocrx_word' id='word_1_262' title='bbox 914 4556 971 4618; x_wconf 84' lang='lat' dir='ltr'>per</span> <span class='ocrx_word' id='word_1_263' title='bbox 985 4537 1188 4618; x_wconf 80' lang='lat' dir='ltr'>probationum</span> <span class='ocrx_word' id='word_1_264' title='bbox 1200 4539 1275 4600; x_wconf 82' lang='lat' dir='ltr'>citro</span> <span class='ocrx_word' id='word_1_265' title='bbox 1282 4553 1401 4620; x_wconf 76' lang='lat' dir='ltr'>pepone</span> <span class='ocrx_word' id='word_1_266' title='bbox 1415 4533 1510 4598; x_wconf 74' lang='lat' dir='ltr'>atmm</span> <span class='ocrx_word' id='word_1_267' title='bbox 1521 4540 1674 4598; x_wconf 70' lang='lat' dir='ltr'>certamen.</span> 
     </span>
     <span class='ocr_line' id='line_1_30' title="bbox 527 4637 1364 4726; baseline 0.01 -26"><span class='ocrx_word' id='word_1_268' title='bbox 527 4637 570 4720; x_wconf 75' lang='lat' dir='ltr'>(b)</span> <span class='ocrx_word' id='word_1_269' title='bbox 595 4641 675 4702; x_wconf 84' lang='lat' dir='ltr'>llaec</span> <span class='ocrx_word' id='word_1_270' title='bbox 687 4649 749 4704; x_wconf 84' lang='lat' dir='ltr'>tarn</span> <span class='ocrx_word' id='word_1_271' title='bbox 762 4647 795 4704; x_wconf 88' lang='lat' dir='ltr'>tn</span> <span class='ocrx_word' id='word_1_272' title='bbox 807 4645 874 4706; x_wconf 87' lang='lat' dir='ltr'>cod.</span> <span class='ocrx_word' id='word_1_273' title='bbox 890 4655 967 4707; x_wconf 77' lang='lat' dir='ltr'>tots</span> <span class='ocrx_word' id='word_1_274' title='bbox 982 4663 1072 4724; x_wconf 84' lang='lat' dir='ltr'>quom</span> <span class='ocrx_word' id='word_1_275' title='bbox 1085 4650 1117 4708; x_wconf 93' lang='lat' dir='ltr'>tn</span> <span class='ocrx_word' id='word_1_276' title='bbox 1130 4663 1234 4726; x_wconf 61' lang='lat' dir='ltr'>puseo</span> <span class='ocrx_word' id='word_1_277' title='bbox 1247 4649 1364 4711; x_wconf 85' lang='lat' dir='ltr'>desunt.</span> 
     </span>
    </p>
   </div>
   <div class='ocr_carea' id='block_1_7' title="bbox 529 4743 1246 4835">
    <p class='ocr_par' dir='ltr' id='par_1_7' title="bbox 529 4743 1246 4835">
     <span class='ocr_line' id='line_1_31' title="bbox 529 4743 1246 4835; baseline 0.006 -25"><span class='ocrx_word' id='word_1_278' title='bbox 529 4743 567 4825; x_wconf 82' lang='lat' dir='ltr'>(c)</span> <span class='ocrx_word' id='word_1_279' title='bbox 589 4745 699 4811; x_wconf 80' lang='lat' dir='ltr'>Graece</span> <span class='ocrx_word' id='word_1_280' title='bbox 715 4767 724 4811; x_wconf 76' lang='grc' dir='ltr'><strong><em>ε</em></strong></span> <span class='ocrx_word' id='word_1_281' title='bbox 743 4749 965 4832; x_wconf 75' lang='lat' dir='ltr'>Qomrodofiert</span> <span class='ocrx_word' id='word_1_282' title='bbox 976 4750 1098 4816; x_wconf 64' lang='lat' dir='ltr'>datam</span> <span class='ocrx_word' id='word_1_283' title='bbox 1109 4751 1246 4835; x_wconf 58' lang='lat' dir='ltr'>moso.</span> 
     </span>
    </p>
   </div>
   <div class='ocr_carea' id='block_1_8' title="bbox 0 0 2158 5910">
    <p class='ocr_par' dir='ltr' id='par_1_8' title="bbox 0 0 2158 5910">
     <span class='ocr_line' id='line_1_32' title="bbox 0 0 2158 5910; baseline 0 3"><span class='ocrx_word' id='word_1_284' title='bbox 0 0 2158 5910; x_wconf 95' lang='lat' dir='ltr'> </span> 
     </span>
    </p>
   </div>
  </div>
 </body>
</html>
