4320 5918
492 572 553 636 bid
989 571 1206 638 satnsstct
1229 573 1404 640 secubat
1714 575 1794 662 [trs.
1814 575 1900 640 1235.

493 727 571 778 rnns
584 704 835 780 taboremcirca
846 701 933 778 fines
946 704 1127 782 Alsmsnie
1139 706 1322 802 veniendi3
1341 715 1377 784 et
1389 705 1521 805 ipsosd
1533 715 1684 782 nostram
1695 708 1903 804 presentiam

492 830 670 922 veniente,
691 838 869 926 paternam
896 829 933 904 in
965 851 1008 906 eo
1022 833 1268 910 consederam
1296 832 1471 929 egerimus
1489 831 1553 930 (c),
1574 831 1772 929 recipiendo
1792 832 1839 906 ab
1860 854 1903 907 eo

489 957 590 1048 juxta
604 956 652 1052 (b)
666 955 848 1029 consilium
864 955 1061 1054 principum
1073 957 1136 1053 qui
1152 967 1235 1032 tunc
1253 957 1412 1050 aderant,
1426 957 1464 1032 in
1479 977 1599 1034 eorum
1619 958 1804 1053 presentia,
1811 959 1904 1051 jura·

493 1081 612 1154 toriam
628 1080 821 1154 cautionem
839 1080 935 1176 quod
952 1081 1116 1156 mandata
1133 1091 1250 1158 nosne
1265 1091 1300 1158 et
1312 1082 1531 1179 beneplacita
1546 1081 1685 1179 penitus
1703 1081 1903 1156 observaret

491 1215 526 1280 et
549 1204 713 1302 precipue
729 1204 902 1302 principes
926 1205 1068 1302 speciali
1083 1206 1244 1303 diligeret
1259 1217 1296 1282 et
1310 1215 1574 1304 prosequeretur
1590 1207 1721 1280 iasone.
1734 1205 1812 1292 Que
1827 1207 1902 1279 nti-

491 1351 572 1404 nam
597 1337 674 1424 post
691 1350 884 1424 regressum
904 1351 1008 1404 suum
1031 1329 1084 1406 sio
1104 1331 1292 1408 observare
1309 1341 1462 1408 curasset
1482 1330 1580 1428 quod
1603 1331 1635 1404 si
1660 1327 1842 1406 deiecisset
1864 1331 1902 1404 iu

492 1456 581 1547 aliis,
592 1464 726 1530 nosbos
738 1465 851 1530 umen
867 1455 1041 1554 principes
1053 1461 1209 1554 unquam
1224 1457 1400 1534 offendere
1418 1455 1701 1556 presumpsisset!
1719 1457 1815 1546 Quid
1829 1457 1903 1553 ipse

490 1599 640 1674 nequam
658 1578 819 1652 instinctu
838 1580 1057 1676 temptaverit
1071 1591 1106 1655 et
1120 1581 1348 1676 qnatitsrnon
1361 1583 1560 1675 erubescat,
1579 1582 1700 1656 timore
1711 1582 1775 1656 Dei
1793 1591 1904 1678 etpa-

492 1711 589 1776 terna
606 1703 797 1778 resumptis
810 1704 1032 1800 postpositis,
1054 1705 1091 1778 in
1103 1704 1389 1782 honoramnostri
1406 1707 1557 1782 nominis
1571 1705 1746 1782 horribilia
1763 1707 1903 1782 macbi-

492 1827 584 1919 nari,
606 1826 797 1901 auterendo
811 1827 936 1902 nostris
954 1826 1116 1904 fidelibus
1133 1829 1293 1924 obsides,
1318 1830 1526 1928 occupando
1542 1841 1670 1922 castrt,
1692 1841 1727 1905 et
1748 1832 1903 1906 interne-

492 1959 565 2023 rste
582 1948 664 2025 fidoi
681 1951 775 2026 viros
790 1953 827 2024 in
845 1953 1057 2028 oblivionem
1078 1962 1195 2028 nostre
1217 1953 1300 2030 fidei
1315 1955 1570 2052 compellendo,
1590 1964 1627 2030 et
1644 1957 1808 2053 precipue
1825 1967 1903 2052 post

491 2072 682 2148 adventum
702 2075 820 2148 tatium
833 2073 879 2172 (c)
896 2097 985 2172 quos
1002 2075 1050 2151 ad
1068 2085 1220 2152 nosram
1237 2077 1445 2176 presentiam
1460 2077 1662 2171 destinavit,
1684 2100 1747 2176 per
1759 2101 1849 2175 quos
1864 2101 1902 2154 se

492 2199 593 2272 nobis
608 2207 768 2295 paratum
782 2199 945 2297 exposuit
962 2200 1008 2276 sd
1024 2223 1127 2276 omne
1140 2211 1256 2278 nostre
1269 2201 1524 2300 beneplacitum
1541 2203 1744 2298 majestatis,
1771 2203 1902 2278 nedum

491 2323 587 2420 apud
603 2333 637 2398 te
656 2333 691 2398 et
708 2325 794 2398 alios
807 2325 980 2423 principes
996 2335 1131 2401 nostms
1153 2328 1189 2400 in
1205 2327 1469 2404 admirationem
1488 2327 1634 2404 vertitur
1653 2338 1689 2404 et
1705 2339 1898 2426 stuporem,

491 2445 555 2520 ssd
573 2456 892 2546 quantumcumque
919 2452 1009 2526 tanna
1033 2453 1232 2548 pertransit,
1253 2453 1425 2528 humanus
1444 2453 1600 2528 omnium
1615 2453 1819 2550 inquinatur
1833 2475 1901 2529 au·

492 2569 599 2646 ditus.
616 2573 702 2646 Nam
719 2573 765 2646 ab
787 2574 949 2669 aquilone
971 2596 1085 2671 usque
1105 2577 1152 2652 sd
1170 2585 1301 2652 osterse
1316 2577 1442 2653 mundi
1458 2587 1573 2674 partes
1585 2577 1750 2674 panditur
1766 2586 1901 2652 tanturn

407 2713 410 2718 ·
492 2697 601 2770 netas.
618 2697 664 2770 Et
679 2697 764 2792 quia
781 2699 963 2774 temeritati
977 2697 1127 2775 filiorum
1139 2709 1281 2798 paterna
1291 2703 1371 2796 jura
1387 2702 1612 2778 subsistment
1625 2711 1661 2778 et
1675 2701 1902 2799 pernitiosum

490 2823 690 2918 exemptum
716 2832 834 2898 eontra
857 2825 973 2920 plures
992 2847 1015 2900 a
1038 2824 1118 2900 liliis
1138 2837 1314 2902 emanaret
1337 2828 1386 2923 si,
1411 2827 1509 2925 quod
1529 2827 1576 2904 ad
1599 2826 1722 2903 mnudi
1745 2827 1901 2923 maren

490 2956 621 3042 preest,
643 2947 827 3045 imperium
843 2957 914 3022 tam
930 2949 1077 3025 evidens
1092 2950 1206 3026 filialis
1229 2952 1461 3028 inobedientis
1482 2953 1595 3028 sosius
1609 2975 1673 3050 per
1696 2975 1735 3028 se
1749 2963 1785 3028 ct
1798 2953 1902 3049 prin·

491 3071 585 3167 cipes
603 3093 686 3146 suos
699 3072 968 3150 surdissuribns
981 3075 1112 3151 etcecis
1124 3077 1234 3151 ocutis
1244 3077 1280 3151 in
1296 3099 1399 3152 snum
1410 3078 1640 3175 prejudicium
1650 3077 1899 3176 percusisset,

491 3194 573 3290 quia
587 3195 693 3290 igitur
706 3206 743 3270 tn
771 3199 960 3295 ceterique,
983 3200 1044 3296 qni
1067 3201 1221 3276 membra
1244 3203 1327 3276 estis
1351 3202 1504 3300 imperii,
1527 3203 1644 3279 dolere
1661 3203 1795 3279 debetis
1810 3223 1899 3299 qno·

491 3319 581 3392 tiens
599 3330 705 3417 caput
729 3331 882 3396 vestrum
908 3323 1091 3418 affligitur,
1117 3345 1183 3398 nec
1209 3327 1328 3420 vigere
1352 3337 1463 3424 potest
1482 3329 1577 3402 salus
1596 3329 1632 3402 in
1651 3328 1815 3403 membris
1833 3329 1900 3404 nisi

492 3443 612 3538 capitis
622 3443 801 3538 integritas
813 3455 1052 3539 oonservetnr,
1073 3447 1136 3520 tibi
1155 3449 1345 3546 ceterisque
1361 3451 1575 3549 principibus
1590 3451 1817 3528 domesticum
1831 3453 1901 3528 hoc

490 3577 526 3642 et
555 3567 722 3643 familiare
747 3571 876 3644 malum
894 3571 1148 3648 communicare
1174 3572 1413 3670 decrevimus,
1434 3585 1474 3650 ut
1500 3597 1571 3651 una
1594 3577 1775 3652 nobiscum
1804 3579 1901 3654 volut

492 3693 684 3766 membrum
699 3715 780 3767 cum
795 3695 907 3792 capite
921 3694 1039 3771 doleas
1055 3693 1102 3772 de
1122 3705 1216 3772 bute
1233 3699 1447 3774 enormitatis
1464 3721 1625 3793 moeses,
1636 3713 1671 3777 et
1692 3703 1740 3778 ad
1757 3701 1899 3776 obstan·

491 3815 576 3890 dum
594 3817 760 3892 abortivis
775 3819 973 3916 principiis,
992 3821 1194 3917 priusquam
1211 3823 1354 3898 morbus
1371 3824 1554 3902 intestinus
1568 3827 1736 3920 invaleat,
1757 3826 1900 3901 oonsilio

490 3949 524 4014 et
537 3940 683 4035 auxilio,
700 3938 770 4016 fide
787 3941 892 4016 simul
906 3953 942 4017 et
955 3941 1080 4018 affectu
1099 3965 1306 4042 consurgas,
1325 3955 1362 4020 et
1377 3949 1490 4024 zelum
1508 3959 1543 4024 et
1560 3951 1784 4027 oonsuntiam
1799 3951 1901 4048 prin·

491 4065 608 4162 cipum
623 4087 743 4142 omnes
754 4075 941 4162 agnoscant
953 4076 988 4142 et
1000 4089 1063 4165 per
1074 4068 1278 4146 universum
1291 4069 1411 4146 orbem
1428 4071 1512 4150 fidei
1525 4084 1640 4152 vestre
1653 4075 1773 4150 titulus
1786 4077 1899 4152 estot-

490 4189 592 4262 latur.

535 4378 578 4461 (a)
598 4381 635 4442 ln
647 4383 797 4459 impressis
807 4383 948 4465 pmstcs,
959 4386 1156 4450 mtnusrscte.

532 4485 576 4567 (b)
596 4485 656 4566 Ap.
668 4487 801 4549 Martsns
813 4495 845 4549 st
856 4491 888 4550 tn
900 4489 966 4552 sod.
982 4500 1040 4552 tce
1055 4497 1170 4570 matrs,
1185 4495 1274 4558 male.

534 4591 571 4674 (a)
592 4592 662 4657 Vox
682 4595 793 4657 tusae
812 4597 845 4656 tn
865 4596 932 4658 ond.
947 4613 1002 4676 pro
1023 4597 1141 4662 dnobus
1157 4601 1326 4666 nominibus
1338 4619 1416 4684 quas
1427 4605 1550 4684 desunt3
1565 4609 1664 4689 agitur
1676 4607 1787 4671 scilieet
1799 4609 1837 4671 da
1849 4623 1900 4671 sr-

490 4699 674 4780 cbteptscopc
686 4699 861 4782 btcgmduo
873 4707 904 4765 et
912 4702 951 4766 dc
961 4705 1098 4786 episcopo
1110 4705 1329 4791 bambergam.
