4320 5918
232 590 400 672 unsar·
683 588 879 654 ararorua
904 587 1195 650 nrrnounrrca.
1588 590 1649 652 soa

192 717 198 734 “
233 729 340 826 patris
358 727 527 802 amitteret
544 724 596 824 (a)
613 725 710 823 qnod
728 735 822 801 tenet
845 725 890 800 ab
909 725 1031 802 eadem
1049 724 1195 800 ecelesia
1215 745 1279 798 neo
1294 722 1449 798 debitum
1467 725 1645 800 servitium

235 853 379 928 exhibet
399 851 535 943 adem,
560 851 786 948 dignaremur
806 851 995 926 concedere
1017 859 1056 923 nt
1078 850 1123 924 sit
1149 849 1380 924 ministerialis
1404 851 1548 926 ecclesie
1574 874 1646 925 no-

235 977 376 1052 minate.
399 980 469 1053 Nos
491 985 606 1052 autem
634 977 707 1052 suis
730 975 1038 1074 supplicationibus
1056 975 1226 1065 inclinati,
1249 995 1382 1050 necnon
1403 974 1645 1074 indempnitati

235 1103 393 1198 ejusdem
410 1101 473 1178 lilii
488 1103 572 1178 dieti
593 1102 772 1199 quondam
789 1101 908 1177 Sitridi
926 1101 1108 1198 providere
1130 1102 1303 1193 volentes,
1328 1099 1442 1196 ipsum
1461 1099 1573 1176 eidem
1591 1125 1648 1175 ar·

237 1230 457 1328 obiepiscopo
476 1229 679 1324 Magantino
698 1226 865 1302 duximus
879 1226 1152 1320 concedendam,
1175 1235 1215 1299 ut
1230 1225 1345 1300 eidem
1364 1222 1649 1324 [arabi]episoopa

237 1356 368 1430 ratione
386 1354 478 1430 leodi
495 1353 590 1449 qnod
609 1361 701 1428 tenet
719 1353 765 1428 ab
778 1375 821 1427 eo
838 1353 995 1428 debitum
1012 1353 1191 1426 servitium
1209 1353 1388 1426 exsolvere
1406 1361 1574 1426 teneatur.
1593 1353 1649 1429 Ad

236 1481 341 1575 bajus
370 1487 487 1553 autem
508 1477 739 1552 concessionis
762 1486 878 1552 nostre
903 1477 1102 1552 memoriam
1125 1487 1159 1551 et
1177 1476 1409 1551 inviolabilem
1433 1475 1647 1562 firmitatem,

239 1627 380 1703 presens
395 1604 561 1702 scriptum
579 1603 723 1678 lecimus
738 1611 773 1678 et
790 1603 904 1698 sigillo
923 1611 1038 1678 nostm
1050 1603 1218 1697 jussimus
1234 1603 1449 1678 communiri.

286 1727 410 1798 Datum
428 1724 569 1798 Preciae
580 1723 641 1822 (b),
655 1745 747 1798 anno
762 1723 934 1798 dominice
950 1723 1196 1798 incarnationis
1210 1725 1256 1798 Μ.
1270 1723 1331 1796 CC.
1343 1724 1513 1815 XXXllll,
1530 1745 1649 1798 mense

241 1849 450 1940 novembris,
471 1857 592 1924 octava
609 1848 821 1924 indictionis.

295 2373 528 2482 Fridericus,
548 2375 808 2460 Romanorum
835 2376 1056 2487 imperator,
1076 2385 1211 2460 notum
1238 2373 1329 2458 iacit
1355 2400 1396 2458 se
1422 2375 1472 2457 ad
1491 2375 1656 2459 ordina-
1687 2381 1851 2480 „33:352

242 2507 384 2594 donem
403 2508 574 2622 Gregorii
602 2509 744 2594 summi
768 2510 957 2622 pontilicis
984 2511 1235 2622 acceptavisse
1261 2512 1399 2595 ducere
1425 2511 1465 2593 in
1497 2537 1656 2597 uxorem

242 2642 445 2728 isabellam
463 2669 633 2729 sororem
650 2643 753 2756 regis
766 2643 987 2756 Angliae,et
1003 2654 1288 2756 procuratorem
1306 2671 1420 2728 suum
1439 2647 1655 2758 generalem

245 2779 421 2864 statuisse
439 2780 591 2866 Petrum
616 2781 665 2865 de
689 2779 827 2885 Vinea,
849 2805 1014 2892 magnae
1031 2780 1158 2865 curiae
1181 2805 1272 2864 suae
1295 2777 1489 2890 judicem,
1509 2791 1589 2865 tam
1607 2783 1656 2867 de

244 2914 510 3000 constitutione
533 2915 682 3000 dodoni
704 2941 823 3028 quam
840 2915 889 3000 de
906 2916 1059 3001 dotibus
1077 2915 1150 3000 sibi
1167 2915 1306 3001 dandis
1324 2924 1363 3000 ct
1379 2916 1535 3001 caeteris
1553 2917 1656 3002 arti·

246 3049 342 3136 ordis
360 3051 427 3162 qui
441 3076 634 3164 emergere
651 3059 844 3162 poterunt.

329 3241 462 3319 (Elidem
478 3244 604 3320 urna,
617 3237 974 3319 rememoras,
991 3247 1063 3319 eta,
1077 3249 1102 3306 t.
1117 3244 1144 3318 1,
1157 3261 1190 3322 p.
1204 3253 1274 3320 aro,
1287 3245 1319 3305 tn
1334 3243 1405 3306 cult.
1419 3243 1549 3306 mndm.
1566 3252 1655 3306 asae.

365 3383 408 3398 -
420 3351 536 3426 Panna,
549 3350 679 3412 Menum.
699 3347 1003 3428 aaa.uet.,a.1v,
1018 3367 1050 3429 p.
1066 3346 1151 3430 tot.)

296 3510 510 3606 Friderious,
529 3511 734 3607 baignaus,
753 3519 837 3604 eto,
857 3511 1020 3588 omnibus
1036 3519 1211 3608 presentes
1227 3511 1357 3585 litteras
1372 3511 1595 3608 inspecturis,
1617 3510 1659 3584 li·

250 3635 387 3710 dclibns
403 3645 439 3711 et
454 3635 574 3710 amicis
588 3635 680 3729 sais,
696 3636 843 3710 salutem
861 3646 898 3710 et
912 3657 1050 3710 omnem
1068 3635 1357 3709 benevolentiam.
1367 3637 1659 3711 blatrimoniorom

250 3783 347 3836 sacra
363 3761 554 3859 solempnia
572 3783 620 3835 ex
641 3759 857 3836 institutione
880 3760 1001 3834 divina
1018 3759 1159 3835 induxit
1179 3761 1365 3835 necessitas
1388 3771 1422 3836 et
1445 3762 1571 3836 utilitas
1590 3785 1660 3860 ap-

251 3885 423 3984 probavit.
454 3887 655 3961 Necessario
683 3886 777 3961 enim
803 3885 983 3984 oportebat
1008 3907 1121 3980 genus
1143 3887 1335 3961 humanum
1363 3886 1399 3958 in
1424 3909 1660 3961 suceessomm

251 4013 442 4110 propagine
461 4011 594 4106 vivere,
614 4035 660 4088 ne
683 4011 877 4088 sublatione
897 4013 1110 4110 presentium
1135 4025 1299 4110 perpetuo
1325 4013 1425 4086 casui
1448 4013 1657 4107 subjaceret3

251 4138 408 4234 copulam
425 4137 529 4211 etiam
547 4137 737 4212 maritalem
760 4159 823 4236 per
841 4147 1043 4213 ornamenta
1059 4139 1288 4235 solempnium
1306 4147 1342 4212 et
1358 4139 1579 4213 ecelesiastici
1600 4161 1662 4214 sa-

252 4262 419 4336 cramenti
438 4262 568 4336 utilitas
592 4262 737 4338 evidens
760 4264 931 4361 persuasit
957 4273 996 4336 ut
1027 4284 1088 4359 per
1115 4262 1182 4336 boo
1206 4265 1482 4359 conjunctionem
1508 4274 1662 4340 sanctam

252 4395 287 4460 at
301 4387 429 4462 licitam
443 4387 489 4462 ab
507 4387 625 4462 illicita
641 4398 852 4485 segregaret.
864 4387 1006 4463 Noverit
1019 4387 1125 4483 igitur
1138 4389 1349 4484 presentium
1364 4390 1551 4465 multitudo
1565 4392 1661 4486 qood

293 4549 338 4633 (a)
357 4551 424 4614 lloo
435 4553 560 4615 verbum
578 4553 659 4634 quod
676 4571 739 4616 non
760 4555 856 4637 legere
867 4554 965 4633 potuit
981 4552 1135 4645 (iudanos,
1149 4554 1334 4634 suppletura
1352 4557 1524 4633 boehmero,
1538 4557 1662 4640 Rapere,

253 4675 285 4737 p.
303 4667 373 4741 asa,
386 4669 421 4722 n⁰
435 4669 506 4724 aaa.

295 4765 336 4848 (d)
357 4768 416 4848 Ap.
432 4767 591 4832 (iudanam
601 4767 742 4847 Preooe,
757 4769 842 4831 male.
