4308 5910
497 601 554 666 172
1023 595 1381 663 CONS‘l'l'l'll‘l'lONllS

494 747 530 811 et
548 738 577 810 si
604 737 684 831 quis
707 735 753 811 de
774 736 937 832 parochia
957 737 1105 828 alicujus
1127 734 1272 809 ecclesio
1298 735 1344 807 de
1366 731 1535 806 adulterio
1559 741 1741 806 accusatus
1764 737 1820 808 vel
1844 737 1905 812 de·

496 861 687 958 prehensus
704 861 823 950 luerit,
851 861 897 935 ad
917 861 1091 954 judicium
1115 860 1226 956 ipsius
1247 858 1391 931 ecclesio
1414 857 1450 928 in
1473 878 1544 952 quo
1561 855 1637 952 ipsa
1659 857 1828 934 adulteria
1848 864 1905 954 ju·

496 985 603 1060 dicari
619 985 761 1076 debent,
782 985 946 1059 consistat
960 996 994 1059 et
1008 1009 1027 1059 a
1043 985 1139 1058 curia
1154 983 1265 1080 ipsius
1282 981 1426 1056 ecclesie
1441 981 1618 1073 judicetur
1642 991 1677 1055 et
1695 985 1902 1079 corrigatur3

495 1119 641 1206 excepto
658 1109 687 1182 si
706 1131 768 1205 per
781 1109 945 1182 insultum
961 1111 1017 1182 vel
1033 1133 1094 1206 per
1106 1107 1303 1182 violentiam
1321 1105 1529 1180 adulterium
1544 1107 1785 1181 committatur.
1804 1109 1905 1194 Quod

493 1234 522 1306 si
541 1233 717 1324 acciderit,
733 1233 909 1326 judicetur
928 1235 974 1307 ab
992 1233 1136 1307 ecclesia
1155 1233 1200 1305 de
1218 1231 1388 1306 adulterio
1403 1229 1501 1326 quod
1519 1240 1651 1326 spectat
1667 1231 1714 1304 ad
1732 1231 1904 1326 judicium

491 1357 655 1446 ecclesie3
672 1365 707 1430 et
720 1357 785 1429 hoc
806 1355 902 1450 quod
922 1365 1054 1452 spectat
1070 1356 1115 1429 ad
1136 1355 1309 1448 judicium
1333 1353 1506 1444 seculare,
1530 1351 1691 1427 videlicet
1708 1353 1753 1428 de
1774 1355 1903 1428 insultu

491 1493 524 1556 et
541 1481 716 1570 violentia,
734 1481 770 1552 in
788 1491 903 1553 nostra
921 1481 1018 1553 curia
1033 1479 1223 1573 judicetur.
1245 1479 1401 1551 Preterea
1419 1476 1626 1551 mandamus
1643 1479 1805 1553 omnibus
1824 1503 1903 1553 nos·

489 1607 550 1678 tris
572 1605 775 1679 officialibus
796 1605 846 1698 (u)
866 1615 904 1677 ut
923 1604 968 1678 de
984 1603 1162 1676 adulteriis
1183 1599 1382 1676 coercendis
1408 1602 1570 1676 omnibus
1589 1603 1746 1700 prelatis,
1774 1605 1903 1700 quibus

490 1752 578 1827 opus
593 1731 709 1818 luerit,
728 1730 897 1802 auxilium
914 1729 1077 1802 tribuant.

870 2045 1081 2118 TlTULUS
1105 2045 1309 2116 LXXXIV.
1336 2045 1397 2116 ΞΑ
1423 2044 1513 2142 (dl).

1070 2249 1117 2318 lle
1141 2247 1319 2319 leucatem.

941 2473 1158 2523 lnruun'rott
1188 2473 1437 2524 transancos·

535 2656 646 2727 Lenes
664 2654 883 2727 sollicitantes
908 2655 1110 2750 pudicitiam
1129 2677 1290 2748 uxorum,
1310 2641 1474 2744 tiliarum,'
1496 2675 1653 2728 sororum
1671 2664 1706 2728 et
1728 2665 1900 2750 postremo

484 2778 717 2873 quarumlibet
735 2779 911 2872 virginum
928 2780 983 2852 vel
1002 2780 1146 2852 aliarum
1165 2779 1384 2854 honestarum
1397 2779 1596 2864 mulierum,
1612 2800 1701 2872 quas
1717 2779 1900 2852 virbonus

483 2903 609 2997 aliquis
631 2903 720 2975 intra
744 2913 842 2999 septa
860 2903 985 2976 domus
1009 2925 1072 2976 sue
1094 2915 1210 2976 tenere
1232 2903 1400 2993 noscitur,
1426 2901 1686 2976 detruncatione
1708 2903 1781 2976 nasi
1803 2903 1899 2999 ipsas

481 3037 646 3122 tanquam
665 3028 852 3118 adulteras,
867 3028 969 3120 juxta
991 3028 1073 3103 dive
1094 3029 1257 3102 memorie
1279 3029 1372 3124 regis
1388 3028 1523 3122 llogerii
1544 3029 1602 3101 avi
1621 3030 1727 3102 nostri
1745 3039 1894 3118 statuta,

481 3152 597 3246 puniri
615 3173 810 3225 censemus.
820 3150 976 3224 Aliarum
994 3162 1108 3226 tamen
1129 3155 1313 3226 mulierum
1329 3153 1464 3228 animos
1482 3152 1689 3226 attrahentes
1700 3175 1770 3248 que
1785 3154 1897 3248 [volut

481 3276 536 3347 sui
555 3275 685 3350 arbitrii
712 3278 912 3371 existentes]
935 3278 1111 3350 anemine
1136 3278 1306 3352 custodite
1329 3277 1376 3374 (l)
1402 3278 1571 3368 [virorum
1596 3277 1833 3350 voluntatibus
1860 3291 1896 3352 et

480 3401 717 3496 voluptatibus
736 3425 775 3474 se
793 3401 967 3476 dederunt
983 3401 1188 3495 aliquando,
1212 3403 1291 3475 licet
1310 3425 1379 3475 non
1397 3411 1488 3475 esset
1500 3403 1594 3495 juste
1611 3399 1778 3475 credibile
1798 3403 1897 3496 quod

481 3523 565 3598 dare
582 3547 620 3598 se
636 3527 797 3618 vellent‚]
826 3528 935 3622 prima
960 3527 1038 3600 vioe
1057 3525 1205 3626 [qua‘(c)
1231 3527 1312 3600 talia
1338 3536 1574 3624 perpetrantes
1594 3525 1645 3624 (a)
1663 3525 1789 3599 luerint
1806 3527 1895 3622 legi·

479 3649 561 3722 tima
579 3651 779 3744 probatione
798 3647 992 3748 convicte]
1013 3651 1171 3746 fustigari
1189 3673 1383 3746 censemus,
1404 3663 1439 3725 et
1458 3653 1550 3748 ipsas
1568 3651 1605 3724 in
1624 3650 1894 3744 recognitionem

477 3773 582 3846 semel
598 3775 752 3847 attentati
782 3775 942 3848 facinoris
963 3775 998 3846 in
1024 3777 1134 3849 tronto
1158 3775 1300 3872 signari.
1321 3775 1467 3850 Scituris
1485 3773 1627 3848 firmiter
1649 3775 1738 3848 lenis
1762 3775 1892 3867 hujus-

474 3895 570 3970 modi
586 3897 683 3991 quod
701 3899 731 3970 si
749 3897 956 3992 tentaverint
977 3897 1093 3973 denuo
1112 3899 1273 3974 reiterare
1294 3901 1496 3994 commissa,
1521 3899 1793 3974 detruncationis
1814 3899 1890 3972 nasi

476 4044 564 4118 pene
580 4024 702 4119 procul
721 4023 829 4099 dubio
847 4025 1088 4118 subjacebunt.

520 4222 564 4304 (a)
586 4223 622 4284 In
634 4225 701 4286 eod.
719 4234 794 4288 toas
810 4225 963 4290 nasum.

518 4327 563 4408 (d)
587 4330 644 4408 Ap.
659 4331 782 4394 Carcanl
795 4333 919 4398 nutode.
932 4337 968 4398 In
981 4335 1047 4398 cod.
1059 4345 1136 4398 4625
1150 4335 1301 4400 curtodtra.

518 4435 556 4516 (r)
581 4437 644 4515 Ap.'
655 4437 776 4500 Carcanl
790 4443 869 4522 prta.
885 4445 920 4504 ln
933 4445 999 4506 cod.
1016 4453 1094 4504 4625
1109 4463 1175 4524 prro.

518 4541 560 4622 (d)
580 4543 637 4605 lllc
650 4545 768 4606 additur
781 4549 812 4608 ln
826 4548 963 4610 omuibus
980 4549 1019 4624 ri,
1035 4550 1114 4627 quod
1126 4567 1245 4612 sensum
1257 4549 1366 4612 turbat.
