4308 5910
775 589 899 652 ssent
921 589 1113 656 SICILIAE.

697 879 915 954 TITULUS
939 880 1039 952 XXI.
1068 883 1093 952 B
1117 881 1183 976 (2).

603 1055 653 1128 oe
668 1055 847 1148 adjutoriis
861 1079 924 1150 pro
939 1057 1063 1129 militia
1074 1057 1195 1150 [rolris
1212 1055 1226 1150 l
1247 1055 1274 1152 l.

688 1257 910 1308 rursusron
934 1259 1183 1308 unnnnnruus.

283 1410 493 1500 comitibus,
518 1411 708 1486 baronibus
733 1434 776 1486 ac
801 1413 975 1486 universis
998 1414 1164 1487 militibus
1190 1414 1289 1508 regni
1316 1413 1422 1487 nostri
1445 1414 1506 1507 qui
1533 1414 1638 1488 lenda

232 1543 371 1626 tenent,
393 1535 617 1610 concedimus
639 1538 835 1610 facultatem
858 1557 919 1633 pro
941 1538 1062 1610 militia
1080 1539 1214 1629 fratris,
1243 1559 1323 1612 cum
1341 1559 1456 1612 comes
1478 1538 1532 1610 vel
1559 1539 1640 1612 bero

230 1667 293 1732 aut
315 1659 414 1732 miles
440 1659 513 1732 suis
537 1660 700 1757 expensis
721 1661 863 1734 militem
878 1660 1016 1750 lecerit,
1043 1662 1089 1734 ab
1117 1661 1315 1736 bominibus
1340 1661 1414 1734 suis
1430 1660 1638 1753 adjutorium

231 1782 374 1877 exigere
410 1783 625 1858 moderatum
654 1805 716 1880 pro
747 1785 965 1858 facultatibus
998 1785 1178 1858 bominum
1211 1795 1247 1858 et
1275 1806 1505 1881 expensarum
1536 1787 1637 1860 etiam

231 1907 446 2004 quantitate3
468 1918 582 1982 umen
597 1930 661 2004 pro
676 1908 836 1982 faciendo
860 1910 963 1982 tratre
981 1910 1088 1984 milite
1104 1931 1173 1984 non
1194 1909 1308 1982 minus
1325 1931 1430 2004 qnam
1450 1931 1513 2004 pro
1535 1931 1637 1984 scro-

231 2033 329 2105 ribus
344 2031 564 2122 maritandis,
593 2034 774 2106 occasione
798 2055 917 2108 eorum
942 2055 1012 2129 qne
1037 2057 1058 2107 a
1086 2033 1259 2106 communi
1287 2043 1384 2129 patre
1405 2035 1509 2108 irater
1530 2036 1638 2128 major

230 2156 359 2230 bebere
374 2157 612 2252 dignoscitur,
632 2156 807 2231 exdebito
822 2169 978 2232 teneatur
990 2157 1051 2255 (t).
1070 2159 1114 2230 Et
1127 2159 1205 2232 licet
1223 2159 1325 2232 irater
1342 2158 1489 2232 minore
1507 2160 1636 2234 familia

230 2281 359 2371 lratris,
377 2283 481 2354 tratre
496 2283 599 2354 etiam
618 2283 889 2376 contradicente,
906 2283 1113 2374 discesserit,
1135 2281 1220 2356 dum
1236 2282 1322 2356 lorle
1339 2281 1386 2355 ad
1404 2283 1579 2356 mobilium
1592 2284 1635 2380 (c)

229 2413 265 2476 et
280 2405 416 2478 fortune
430 2404 579 2476 melioris
597 2405 839 2502 compendium
854 2407 999 2502 aspirat,
1020 2406 1158 2480 rediens
1179 2417 1293 2479 umen
1312 2406 1466 2501 quolibet
1485 2415 1637 2503 tempore

229 2529 388 2602 militiam
411 2529 475 2602 sibi
501 2530 654 2602 debitam
669 2531 802 2626 absque
826 2531 973 2624 alicujus
996 2532 1134 2627 repulse
1155 2531 1277 2604 timore
1300 2531 1345 2604 de
1371 2532 1469 2606 bonis
1492 2533 1636 2629 patrisa

229 2655 332 2726 fratre
345 2654 473 2746 majore
484 2663 598 2750 petere
614 2655 737 2749 poterit
749 2667 784 2729 et
800 2654 951 2748 babere(
974 2654 1003 2752 ).

271 2843 313 2924 (a)
334 2845 446 2906 (irucce
461 2863 470 2904 ε
484 2845 527 2906 Dc
533 2841 635 2924 srnlre
647 2841 763 2906 buron'u
770 2845 898 2924 patrato
910 2842 1047 2906 militm
1058 2843 1184 2925 usmtre
1197 2845 1313 2927 majore.

269 2949 311 3031 (b)
333 2951 442 3013 Graece
455 2951 585 3026 brevius,
600 2952 653 3014 sed
666 2953 839 3015 obscurius:
854 2971 1003 3036 pampro
1013 2951 1187 3016 motando
1199 2970 1297 3014 corum
1305 2951 1458 3031 mribus,
1470 2973 1542 3036 quos
1551 2961 1636 3016 tenc-

229 3059 384 3138 tursrutrr
396 3060 489 3140 major
501 3077 538 3119 ex
551 3057 596 3120 Itis
608 3079 680 3142 quur
693 3058 778 3124 Iubet
790 3059 875 3122 rebus
889 3065 1040 3124 manure.

270 3165 307 3246 (r)
333 3166 479 3229 Addimus
491 3163 639 3228 mabillam
651 3185 689 3230 cx
704 3169 771 3232 cod.
787 3177 865 3230 46²5
886 3177 917 3230 et
933 3187 971 3231 ex
984 3186 1098 3249 graecu.

262 3457 299 3530 lt)
317 3459 456 3530 Quomodo
474 3460 557 3520 etium
571 3477 622 3534 pro
635 3460 730 3518 militia
744 3460 792 3518 dlii
805 3465 911 3534 patrem
922 3461 1084 3535 adjutorium
1097 3461 1161 3519 dere
1174 3466 1330 3519 renuentem
1348 3461 1562 3536 compellendum
1575 3478 1635 3520 esse

220 3555 333 3632 jusserit
341 3557 505 3630 Fridericus,
516 3558 696 3633 comperimus
707 3575 741 3616 ex
753 3559 870 3633 quodum
884 3560 1011 3618 mandato
1021 3561 1094 3634 quod
1104 3565 1181 3618 extat
1192 3567 1250 3618 turn
1262 3577 1308 3636 ep.
1319 3561 1456 3620 llum
1468 3566 1496 3618 et
1507 3563 1634 3630 Dmtrrm

223 3654 441 3730 trutissant,
455 3661 475 3712 t.
490 3657 532 3729 11,
545 3674 574 3732 p.
588 3659 668 3728 titt,
682 3662 739 3714 tum
751 3658 821 3714 inter
831 3657 921 3732 Epist.
937 3659 1012 3716 Petr.
1024 3657 1056 3716 de
1070 3659 1170 3731 Vincis,
1183 3659 1231 3717 lib.
1245 3660 1279 3732 V,
1291 3674 1350 3733 cup·
1365 3659 1399 3718 V.
1418 3660 1496 3716 Nunc
1508 3658 1635 3717 collatum

224 3753 319 3810 damus
328 3771 363 3811 ex
373 3755 511 3828 impressis
520 3762 548 3813 et
556 3755 681 3814 exremis
690 3755 869 3814 bibliothecae
879 3755 1037 3816 Parisiensis
1048 3758 1185 3816 oodIcibus
1196 3777 1203 3814 :
1214 3778 1227 3812 r
1238 3757 1402 3828 Fridericus,
1415 3763 1479 3828 etc,
1488 3756 1636 3830 justiciario

225 3851 356 3927 ulpmtii
365 3895 372 3924 ,
382 3859 436 3911 etc.
454 3852 524 3912 Olim
539 3854 573 3911 sd
590 3853 811 3930 supplicationem
829 3855 897 3930 Ray.
908 3855 1020 3929 Troguii
1033 3855 1119 3914 tidelis
1130 3855 1214 3914 nostri
1228 3857 1306 3914 Petro
1319 3855 1423 3914 desino
1437 3855 1521 3926 (ulios
1533 3855 1635 3912 Thome

225 3967 238 4004 a
254 3950 289 4008 de
298 3951 389 4025 Cyru),
399 3958 463 4008 tuuc
469 3952 618 4025 justiciario
628 3953 878 4027 ipsorumpartiunt,
888 3955 1070 4030 predecessori
1081 3961 1136 4028 tuo,
1147 3971 1197 4030 per
1206 3955 1309 4012 litteras
1318 3959 1423 4012 nostres
1432 3953 1596 4028 iuiunximus
1605 3961 1635 4010 nt

224 4065 239 4100 s
253 4047 318 4122 qnia
330 4049 363 4106 ll.
378 4054 455 4122 pater
466 4050 525 4123 ejus
537 4049 594 4124 [qui
608 4051 636 4107 in
650 4051 749 4109 nostris
762 4052 878 4110 seruitiIs
891 4053 977 4111 extitit
988 4051 1159 4129 lructuosns],
1175 4069 1256 4128 quem
1270 4053 1297 4109 in
1312 4053 1432 4126 ejusdem
1446 4051 1492 4108 filii
1504 4052 1546 4110 sui
1558 4065 1635 4110 com-

224 4163 238 4197 »
252 4145 334 4203 mode
346 4147 474 4204 naturalis
487 4147 592 4206 ellectIo
611 4163 660 4206 seu
673 4154 782 4222 paterne
796 4149 893 4207 ceritas
913 4151 1010 4210 merito
1023 4166 1077 4208 non
1089 4151 1187 4209 invitat
1202 4157 1233 4207 nt
1249 4151 1345 4223 debet,
1360 4149 1413 4208 sibi
1432 4149 1533 4206 dudum
1544 4151 1572 4206 in
1586 4165 1633 4206 re-

223 4243 376 4318 »eeptione
388 4244 485 4319 cinguli
503 4245 625 4304 militaris
647 4261 729 4320 quarn
750 4251 810 4321 elus
830 4247 960 4306 debuerat
978 4250 1121 4324 prevenire
1141 4249 1293 4319 subventio,
1307 4248 1396 4306 lentus
1414 4253 1461 4306 aut
1481 4247 1582 4321 rigidus
1604 4247 1631 4302 in

222 4359 236 4394 s
252 4341 344 4414 aliquo
356 4357 410 4400 non
421 4343 549 4416 prouidit,
561 4343 631 4400 idem
640 4343 802 4417 justiciarius
814 4347 948 4405 avasalis
959 4347 1055 4421 prelati
1067 4349 1110 4415 n,
1121 4348 1206 4422 jueta
1214 4348 1435 4405 constitutionem
1444 4346 1523 4418 repul
1532 4349 1632 4415 nostri,

222 4459 236 4494 ι
252 4439 414 4516 supplicanti
433 4439 535 4515 meleto
555 4442 759 4502 subventionem
776 4445 834 4502 lieri
855 4446 956 4503 laceret
974 4452 1175 4519 congruentem.
1185 4447 1320 4520 Cumque,
1335 4446 1405 4503 sicut
1415 4461 1447 4503 eo
1460 4460 1546 4519 nuper
1558 4443 1633 4500 rele-
1683 4523 1684 4528 ἵ

221 4557 236 4592 s
251 4547 328 4598 rente
342 4541 536 4615 comperimus,
550 4541 653 4600 dictum
665 4544 822 4601 mandatum
836 4549 956 4602 nostrum
969 4545 1064 4602 ellectu
1078 4545 1168 4603 debito
1181 4545 1325 4613 caruisset,
1341 4543 1459 4602 fidelitati
1479 4550 1524 4600 tue
1541 4542 1631 4616 proci-

222 4639 350 4712 apiendo
363 4640 525 4697 mmdsmus
536 4647 669 4713 quawnus
685 4641 764 4714 juxta
780 4645 902 4699 tenorem
923 4647 1073 4700 nostrarum
1093 4642 1258 4711 litterarum,
1281 4658 1349 4716 quas
1369 4657 1452 4716 super
1473 4641 1525 4698 hoc
1542 4639 1629 4697 eidem

222 4754 236 4788 ι
249 4735 396 4810 jmttciario
408 4737 592 4812 predecessori
605 4745 651 4796 tuo
665 4739 828 4812 direximus,
843 4740 992 4816 predictum
1012 4739 1168 4798 mandatum
1180 4747 1301 4799 nostrum
1313 4739 1437 4798 celeriter
1450 4744 1478 4797 et
1489 4737 1632 4797 efficaciter
