4372 5918
771 595 896 658 nuent
920 595 1108 660 SICILIAE.

700 851 902 926 rruuuus
926 853 1005 926 xv.
1034 858 1085 926 m
1115 850 1220 949 (rs).

463 1013 503 1088 Ilt
520 1013 692 1088 castellani
706 1014 837 1087 mittent
856 1015 1030 1088 servientes
1049 1027 1194 1088 ementes
1208 1037 1270 1112 pro
1285 1012 1407 1110 curie(
1429 1015 1456 1108 ).

787 1202 885 1252 toust
917 1203 1134 1254 lucescet.

302 1357 500 1431 Castellanls
537 1367 573 1431 et
605 1356 836 1431 servientibus
868 1367 1058 1432 castrorum
1093 1367 1305 1449 nostrorum,
1333 1379 1412 1431 cum
1444 1380 1465 1431 a
1495 1359 1668 1454 magistris

249 1481 442 1575 justitiariis
471 1492 508 1556 et
531 1482 712 1576 iustitiarIo
734 1481 780 1580 (b)
803 1491 864 1554 aut
884 1482 961 1554 allis
989 1481 1195 1555 officialibus
1221 1493 1337 1556 nostre
1361 1481 1457 1556 curie
1490 1484 1668 1556 extiteriut

254 1607 410 1702 requisiti
435 1629 497 1703 pro
523 1607 672 1702 negotIIs
695 1607 886 1702 aliquibus,
908 1627 977 1700 quc
1004 1629 1051 1680 ex
1077 1605 1242 1681 mandato
1265 1608 1426 1680 culminis
1454 1608 1579 1697 nostri,
1607 1617 1667 1680 aut

254 1733 453 1806 auctoritate
469 1733 639 1828 imperiali
653 1733 710 1806 rel
723 1731 974 1826 Jurisdicticnis
990 1753 1110 1806 eorum
1134 1732 1219 1828 ipsis
1241 1731 1449 1806 officialibus
1470 1733 1597 1806 uostris
1613 1732 1667 1804 in·

255 1859 436 1948 cumbunt,
456 1868 556 1932 extra
571 1869 682 1932 castra
701 1857 930 1954 permittimus
946 1879 1040 1931 arma
1067 1858 1213 1932 deterre.
1241 1856 1336 1930 Alias
1354 1866 1424 1930 tam
1446 1857 1540 1952 ipsos
1561 1879 1668 1952 quam

256 1983 342 2056 alios
362 1984 543 2077 subJacerc
566 1983 782 2080 disponimus
807 1992 924 2056 nostre
948 1981 1188 2078 prohibitionis
1212 1981 1348 2068 edicto,
1374 1991 1415 2054 ut
1435 1981 1568 2077 absque
1590 2003 1669 2078 epe·

258 2110 334 2182 elali
357 2110 519 2184 mandato
537 2109 752 2184 celsitudinis
768 2117 882 2182 nostro
899 2107 957 2182 vel
979 2109 1137 2199 luentia,
1162 2109 1280 2181 nullus
1298 2108 1455 2182 fidelium
1477 2119 1669 2183 nostrorum

259 2253 352 2308 arma
366 2234 539 2331 prohibita
556 2235 691 2310 deferre
708 2243 897 2332 presumat.

696 2519 897 2593 TITULUS
921 2519 1022 2592 XVI.
1050 2521 1102 2592 ΙΘ
1127 2515 1228 2614 (19).ξ

440 2687 489 2762 Ile
506 2687 648 2781 breuis
663 2685 862 2781 imponendis
868 2717 886 2772 ;
905 2695 937 2756 et
956 2685 1032 2780 quis
1049 2707 1106 2756 ecs
1126 2687 1290 2780 iteponere
1302 2685 1410 2782 possit
1428 2683 1484 2782 (c).

792 2871 888 2922 roua
921 2871 1137 2922 aucusrus.
1189 2937 1190 2940 Ἴ

307 3029 398 3104 luris
420 3029 576 3124 gentium
597 3026 738 3102 induxit
759 3026 945 3100 auctoritas
969 3035 1005 3099 et
1029 3025 1195 3101 naturalIs
1210 3025 1276 3098 hec
1297 3025 1383 3098 ratio
1401 3047 1471 3098 non
1489 3025 1668 3117 abhorret,

258 3163 300 3230 ut
322 3155 429 3228 tutela
457 3153 599 3227 cuilibet
623 3151 678 3224 sui
702 3151 855 3248 corporis
880 3151 1107 3246 permittatur.
1136 3150 1225 3236 Quia
1257 3160 1371 3222 tamen
1396 3171 1479 3246 sepe
1505 3150 1674 3246 contingit

259 3279 471 3377 aggressuris
488 3279 524 3352 in
546 3285 679 3351 tantum
696 3276 951 3373 supereminere
974 3276 1180 3374 potentiam,
1199 3285 1238 3346 ut
1256 3273 1320 3348 etsi
1338 3297 1503 3372 oppresso
1523 3275 1567 3349 de
1593 3277 1672 3368 jure

259 3429 298 3482 se
314 3407 503 3482 defendere
525 3403 643 3496 liceat,
665 3413 779 3477 tamen
804 3403 850 3476 de
869 3405 960 3476 lacto
983 3425 1021 3476 se
1044 3400 1232 3476 defendere
1259 3424 1327 3475 non
1355 3401 1483 3498 possit;
1505 3401 1674 3496 presentis

259 3532 347 3627 legis
362 3530 566 3604 auctoritate
588 3527 729 3602 cuilibet
751 3528 924 3601 licentiam
952 3527 1168 3623 impartimur
1190 3537 1230 3599 ut
1247 3527 1416 3601 adversus
1438 3548 1675 3622 aggressuram

260 3679 364 3731 suum
380 3678 443 3754 per
465 3655 718 3729 invocationem
737 3655 845 3728 nostri
868 3653 1016 3727 uominls
1043 3675 1081 3726 se
1104 3652 1285 3740 detentat,
1312 3652 1495 3748 eidemque
1511 3673 1558 3726 ex
1579 3663 1675 3748 parte

261 3781 432 3879 imperiali
445 3779 497 3878 (d)
514 3779 706 3876 prohibeat,
726 3787 765 3851 ut
779 3779 892 3875 ipsum
906 3777 1082 3851 offendere
1098 3777 1142 3851 de
1156 3787 1269 3851 cetero
1284 3798 1353 3849 nou
1369 3786 1555 3872 presumat.
1573 3775 1675 3860 Quod

261 3929 331 3981 non
340 3917 475 3980 tantum
486 3907 523 3977 in
538 3905 724 4002 prescripto
734 3926 817 3977 casu
827 3905 941 3977 locum
953 3903 1082 3976 habere
1091 3902 1321 3990 decernimus,
1331 3923 1410 3974 cum
1420 3901 1463 3989 is,
1472 3901 1533 3994 qui
1545 3900 1677 3995 predic-

263 4044 333 4106 tam
349 4031 526 4106 defensam
542 4029 701 4126 imponit,
708 4028 837 4103 ollandi
854 4029 967 4102 forsan
984 4027 1107 4100 metult
1117 4027 1153 4098 in
1169 4047 1330 4122 persoua;
1344 4025 1582 4098 verumetiam
1596 4043 1676 4096 cum

304 4206 346 4289 (a)
369 4209 406 4270 ln
419 4225 523 4289 graeco
536 4208 643 4269 mellus
653 4224 661 4267 ε
671 4204 794 4285 Quande
801 4205 912 4287 pernnt
923 4201 1074 4267 mullum·
1087 4210 1115 4266 et
1127 4204 1278 4266 sementes
1290 4200 1377 4266 libere
1389 4220 1475 4264 erote
1489 4200 1615 4283 deserr03
1629 4203 1678 4264 cul

265 4317 441 4395 respondent
453 4317 565 4396 Sugan.
578 4321 608 4378 et
619 4317 724 4380 venet.
740 4315 895 4376 odltloncs.

306 4419 347 4502 (le)
368 4423 481 4486 Graece
493 4424 656 4501 simpllclus
669 4430 700 4484 et
711 4425 820 4484 rcellus
830 4440 851 4482 e
863 4421 1001 4503 mepirtrc
1007 4419 1175 4503 juatielerle
1187 4426 1241 4481 aret
1253 4417 1321 4480 allae
1333 4416 1514 4499 officielldm.

281 4559 285 4566 ‚
305 4527 343 4610 (r)
370 4530 406 4592 In
427 4531 574 4609 plerlsquc
595 4530 773 4592 sdltlcnlbus
795 4529 916 4591 addltur
937 4537 966 4590 et
986 4535 1088 4589 contra
1113 4545 1193 4610 quor.
1218 4529 1329 4590 Graece
1355 4533 1456 4590 numm
1477 4527 1545 4589 :lle
1567 4521 1682 4606 deserere

269 4637 383 4716 (ποινῆς)
397 4637 533 4717 Imposita
546 4645 574 4700 et
586 4635 689 4720 qulbus
703 4644 730 4698 et
744 4634 778 4697 de
791 4635 893 4719 qutun
906 4633 990 4699 eret
1001 4637 1147 4718 imponere
1160 4633 1299 4717 defenser.

306 4741 351 4823 (d)
371 4745 408 4805 In
418 4743 517 4807 codlce
529 4761 536 4806 ε
552 4763 590 4807 ere
603 4751 692 4825 perte
703 4741 836 4805 culminis
848 4744 949 4806 nostrl.

365 4850 419 4914 1v.
1508 4857 1524 4908 a
