4320 5918
511 567 572 628 sle
1013 565 1231 629 salnsnlcl
1258 563 1439 626 sacello!
1741 569 1823 648 [Ass.
1845 571 1929 632 litas.

512 701 677 796 penditiis
699 722 836 794 eorum,
862 704 899 774 iu
926 705 1010 775 villa
1037 701 1227 776 Bnierhalls
1249 721 1471 796 quecumque
1498 724 1519 774 a
1543 702 1669 775 comite
1694 704 1877 778 Pertholdo
1900 719 1932 779 et

515 827 640 900 Ottune
663 828 816 902 Palatino
841 828 934 902 dono
960 829 1017 902 vel
1047 827 1251 901 concambio
1277 825 1523 921 acquisierunt.
1556 827 1611 898 lln
1641 827 1734 901 dono
1764 831 1931 904 nobilium
2079 817 2082 826 ⁴

514 949 687 1045 quidquid
715 951 812 1049 apud
839 954 992 1047 Pergen,
1023 953 1250 1038 lmberbeim,
1277 949 1691 1046 llatiprecbtisprunueu‚
1722 953 1927 1045 llasilbacb,

513 1075 677 1168 Surloch,
704 1077 940 1167 Hesilwancb,
967 1055 1147 1172 Wilpacb,
1175 1073 1414 1166 Wctilcbaim,
1434 1074 1631 1166 Uralsdori,
1651 1075 1873 1172 Crampercb‚
1899 1091 1931 1150 el

513 1221 734 1294 quecumque
756 1201 791 1272 in
814 1201 962 1274 Bavaria
987 1201 1135 1292 babent,
1166 1199 1326 1302 predium
1354 1197 1532 1272 Elsindorl
1540 1254 1550 1288 ,
1569 1199 1666 1294 quod
1688 1201 1754 1270 luit
1777 1201 1880 1273 lllrici
1898 1213 1929 1274 et

513 1325 719 1416 Pemhardi,
742 1336 777 1399 et
793 1327 908 1400 omnia
926 1347 996 1422 qne
1015 1325 1146 1399 ibidem
1160 1333 1331 1398 emerunt.
1351 1325 1424 1397 Hac
1448 1345 1531 1418 ergo
1550 1324 1668 1397 omnia
1687 1345 1756 1419 que
1778 1324 1930 1398 Admon-

513 1449 619 1522 tensis
635 1451 780 1524 ecclesia
795 1451 830 1522 in
846 1449 1036 1546 pretaxatis
1048 1450 1133 1522 lucis
1149 1459 1184 1523 et
1198 1449 1275 1521 aliis
1290 1448 1445 1522 similiter
1458 1449 1612 1542 legitime
1628 1447 1782 1543 possidet
1795 1457 1829 1521 et
1844 1471 1928 1544 que·

512 1595 663 1668 cumque
683 1575 715 1647 ci
734 1575 908 1670 pertinent
925 1575 960 1646 iu
980 1575 1097 1666 terris,
1117 1574 1222 1666 agris,
1241 1573 1370 1664 vineis,
1392 1568 1522 1670 [aquis]
1545 1591 1786 1668 aquarumque
1806 1571 1928 1645 decur-

511 1699 626 1789 sibus,
643 1699 754 1792 silvis,
775 1701 901 1796 pratis,
923 1699 1077 1792 pascuis,
1100 1697 1185 1772 locis
1202 1699 1304 1770 cultis
1319 1707 1353 1770 et
1369 1697 1509 1769 iucullis
1527 1698 1616 1768 inii-a
1633 1706 1758 1768 terram
1778 1706 1812 1768 et
1826 1717 1926 1791 supra

512 1833 655 1913 terram,
670 1833 705 1896 et
719 1845 768 1920 ea·
776 1845 997 1919 quecumque
1009 1833 1088 1920 post
1102 1823 1235 1896 indulta
1247 1823 1298 1894 eis
1315 1821 1497 1918 privilegia
1513 1822 1568 1893 vel
1586 1829 1666 1893 aute
1683 1841 1803 1893 eorum
1825 1821 1925 1892 oolla·

511 1947 639 2018 tlonem
664 1946 760 2037 justo
786 1945 981 2042 adeptionis
1008 1947 1108 2018 titulo
1131 1945 1359 2018 dinoscuntur
1382 1943 1578 2041 possedisse
1597 1943 1653 2016 vel
1670 1953 1847 2039 prestante
1865 1945 1926 2015 Ilo·

510 2067 604 2140 minu
621 2068 658 2140 in
676 2077 850 2163 posterum
865 2070 958 2162 justo
971 2079 1053 2142 sunt
1066 2068 1245 2165 adepturi,
1265 2067 1333 2142 sub
1346 2068 1410 2140 alis
1426 2076 1462 2140 et
1478 2067 1605 2162 aquilis
1623 2065 1841 2162 imperatorie
1858 2087 1925 2138 ma·

506 2193 640 2286 jestatis
658 2193 896 2267 conservanda
911 2195 1128 2289 suscepimus
1153 2203 1188 2266 et
1211 2191 1446 2282 defensanda3
1476 2192 1725 2265 constituentes
1747 2199 1787 2261 ut
1812 2189 1924 2262 debita

510 2339 638 2390 usuum
660 2317 854 2412 integritate
879 2319 1078 2414 possideant
1106 2339 1177 2414 que
1202 2316 1248 2390 de
1275 2315 1450 2412 regalibus
1474 2315 1612 2411 imperil
1640 2335 1661 2388 a
1689 2313 1924 2408 Salzburgeusi

508 2441 653 2516 ecclesia
684 2442 824 2515 nomine
850 2443 1046 2539 elemosyne
1072 2451 1299 2540 susceperuut
1325 2449 1360 2514 et
1389 2439 1568 2536 possidere
1604 2439 1846 2512 dinoscuntur.
1877 2437 1924 2509 Ad

506 2574 730 2660 augmentum
755 2587 896 2662 quoqne
915 2567 1105 2663 imperialis
1132 2567 1241 2662 gratio
1264 2567 1449 2640 clementer
1468 2563 1520 2637 eis
1541 2561 1765 2654 indulgemus
1787 2571 1824 2635 et
1846 2583 1923 2635 con·

507 2691 683 2764 firmamus
706 2701 745 2763 ut
769 2692 805 2763 iu
828 2691 1041 2766 secularibus
1060 2691 1204 2784 judiciis
1226 2712 1288 2787 por
1310 2709 1449 2762 omnem
1470 2687 1598 2764 vallem
1624 2687 1781 2782 ipsorum
1809 2687 1921 2758 nullus

512 2818 755 2892 advocatorum
777 2819 833 2891 vel
856 2819 1002 2893 aliorum
1017 2819 1177 2912 judicum
1197 2817 1376 2914 quippiam
1397 2815 1464 2889 sibi
1481 2814 1569 2908 juris
1585 2811 1765 2904 vendicet,
1786 2810 1850 2884 sod
1863 2811 1925 2884 ab-

511 2945 627 3016 batem
646 2953 681 3014 et
702 2944 821 3016 iratres
839 2943 915 3035 ejus
938 2943 1029 3016 sicut
1052 2943 1219 3016 hactenus
1234 2941 1432 3015 babuerunt
1444 2939 1552 3013 libere
1571 2937 1767 3033 respiciant.
1785 2935 1925 3030 lusupor

512 3066 713 3162 adiicientes
732 3067 919 3164 imperialis
943 3067 1046 3141 edicti
1068 3067 1189 3162 vigore
1212 3075 1251 3137 ut
1273 3063 1568 3160 quemadmodum
1588 3059 1793 3136 Gabhudus
1815 3079 1924 3132 comes

512 3191 557 3266 de
573 3191 806 3284 Purchousen,
827 3192 1018 3266 advocatus
1032 3191 1209 3288 quondam
1222 3189 1435 3282 monasterii,
1456 3197 1491 3261 ct
1505 3207 1682 3261 successor
1694 3188 1770 3280 ejus
1786 3192 1924 3279 patruus

511 3325 626 3390 noster
648 3315 723 3389 dux
749 3315 888 3390 Austris
910 3317 1092 3391 Heinricus
1118 3315 1335 3390 advocatiam
1363 3313 1520 3408 ejusdem
1544 3309 1741 3385 monasterii
1767 3307 1924 3381 habuisse

511 3439 751 3533 dinoscuntur,
770 3452 805 3514 et
825 3441 914 3515 sicut
938 3442 1031 3516 idem
1056 3442 1131 3515 dux
1155 3441 1337 3515 llainricus
1360 3451 1396 3512 et
1418 3437 1511 3512 filius
1534 3441 1610 3532 ejus
1635 3435 1711 3509 dux
1724 3429 1924 3528 Liutpoldus

514 3565 705 3660 privilegiis
727 3567 800 3638 suis
817 3565 929 3640 eidem
951 3565 1242 3640 confirmaverunt
1258 3566 1422 3654 ecclesie,
1446 3565 1494 3636 ita
1514 3559 1793 3654 irrelragabiliter
1812 3557 1924 3628 obser-

513 3700 637 3764 vetur:
660 3689 789 3764 soilicet
806 3691 902 3788 quod
919 3711 983 3764 nec
1000 3689 1066 3786 ipsi
1084 3689 1242 3764 advocali
1259 3709 1323 3762 nec
1340 3687 1459 3762 fideles
1476 3707 1598 3760 eorum
1617 3683 1756 3780 placita,
1776 3681 1921 3758 bannos,

515 3814 650 3888 modios
673 3815 729 3888 vel
748 3815 901 3912 pecudes
923 3839 944 3890 a
970 3816 1133 3889 iratribus
1156 3815 1240 3911 ipsis
1259 3814 1314 3886 vel
1333 3811 1532 3886 hominibus
1555 3829 1673 3883 eorum
1697 3805 1853 3899 exigant.
1873 3803 1923 3874 ln·

514 3957 620 4033 super
641 3947 680 4009 nt
698 3958 762 4011 nco
789 3939 875 4038 ipsis
898 3937 1077 4012 advocatis
1099 3959 1164 4012 nec
1190 3938 1267 4012 aliis
1290 3936 1515 4032 potestatibus
1539 3933 1640 4006 liceat
1663 3927 1845 4004 advocatia
1865 3927 1923 3998 bu·

515 4082 638 4133 norum
658 4058 816 4154 eiusdem
838 4063 983 4136 ecclesio
1005 4063 1204 4158 quempiam
1227 4059 1485 4150 inbeneficiare,
1510 4057 1574 4131 sed
1597 4055 1718 4129 fideles
1745 4062 1780 4126 ct
1800 4052 1923 4124 amicos

517 4207 599 4260 suos
618 4182 810 4260 dilectionis
828 4195 961 4260 lantum
985 4187 1111 4260 intuitu
1129 4197 1258 4260 tutores
1273 4207 1314 4258 ac
1330 4185 1526 4258 defensores
1542 4177 1741 4254 monasterii
1757 4175 1920 4247 instituat.

519 4309 559 4382 ld
573 4309 688 4406 ipsum
704 4331 845 4406 quoque
869 4311 905 4384 in
932 4321 1003 4386 tota
1019 4323 1109 4386 terra
1128 4311 1229 4385 ducis
1250 4309 1411 4384 Stirensis
1435 4303 1682 4401 consanguinei
1699 4299 1806 4375 nostri
1834 4307 1870 4371 et
1891 4299 1923 4369 in

517 4433 696 4507 Kerinthia
713 4435 879 4531 perpetim
894 4437 1153 4511 observandum
1167 4437 1363 4510 statuimus.
1378 4437 1428 4509 lle
1440 4435 1547 4506 libero
1559 4447 1700 4525 quoque
1712 4445 1775 4522 per
1789 4441 1923 4495 omnem

516 4569 640 4632 terram
655 4558 755 4632 ducis
770 4559 945 4656 Styrensis
962 4562 1105 4636 transitu
1122 4571 1157 4634 et
1173 4561 1308 4635 teloneo
1324 4561 1369 4634 ab
1386 4561 1437 4633 eis
1453 4580 1521 4630 non
1538 4551 1726 4649 exigendo,
1746 4547 1837 4621 sicut
1854 4547 1924 4640 ipsa

515 4683 590 4756 dux
609 4683 736 4758 Otalrer
755 4693 790 4758 et
807 4694 906 4782 pater
918 4685 994 4779 ejus
1009 4687 1171 4761 iratribus
1183 4687 1257 4780 jam
1277 4685 1369 4759 dicte
1388 4681 1606 4756 indulserunt
1623 4677 1788 4764 ecclesie,
1809 4679 1844 4743 ct
1864 4689 1923 4740 nos
