4298 5906
747 599 873 662 ssent
893 597 1080 660 stcllltln

585 861 727 936 LIBER
757 862 793 954 l,
824 861 1027 935 TlTULUS
1057 859 1241 935 LXllllll.

610 1017 659 1086 De
676 1014 847 1086 sententiis
864 1014 902 1084 in
919 1014 1054 1108 scriptis
1067 1012 1223 1106 serendis.

254 1169 310 1244 Ab
323 1169 487 1244 omuibus
503 1167 603 1262 regui
619 1165 725 1240 nostri
739 1164 920 1260 judicibus
936 1163 999 1263 (o),
1014 1184 1269 1260 quemcumque
1282 1161 1459 1256 dignitatis
1473 1162 1620 1258 gradum

210 1417 408 1492 definitivas
424 1417 461 1488 iu
478 1417 615 1512 seriptis
630 1417 815 1512 proterant.
840 1413 942 1502 Quod
959 1413 989 1488 si
1009 1416 1096 1488 torte
1112 1416 1225 1487 lacere
1243 1413 1474 1508 neglexerint,
1492 1413 1622 1486 nullius

208 1543 372 1618 momenti
385 1541 543 1616 verbales
558 1548 594 1614 st
610 1561 679 1614 uon
697 1541 823 1636 scripte
840 1539 1007 1612 sententie
1025 1547 1238 1634 reputentur.
1255 1537 1323 1634 Ipsi
1337 1559 1477 1634 quoque
1493 1535 1538 1610 de
1554 1557 1618 1608 suo

210 1667 377 1742 dumurnn
397 1665 578 1764 quodlibet
590 1674 626 1740 st
641 1685 812 1762 expensas
826 1664 1040 1760 litigantibus
1053 1665 1217 1738 resarcire
1230 1673 1408 1758 cogantur.

608 1909 748 1984 LIBER
777 1909 833 1998 11,
860 1907 1065 1984 TITULUS
1093 1909 1224 1982 XLVI.

798 2060 847 2132 lle
864 2061 1030 2156 esperod.
1325 2156 1326 2160 Ἴ

258 2210 424 2284 Divorum
455 2211 651 2308 principum
682 2209 963 2305 predecessorum
993 2219 1187 2284 nostrorum
1220 2207 1376 2304 vestigiis
1404 2208 1620 2299 inherentes,

212 2335 453 2409 universaliter
469 2336 630 2410 omuibus
651 2335 830 2429 judicibus
853 2335 979 2409 nostris
997 2337 1044 2430 iuj
1050 2335 1213 2430 ungimus
1230 2343 1270 2408 ut
1287 2334 1475 2408 victoribus
1492 2334 1619 2425 victos,

211 2479 299 2556 quos
324 2459 517 2554 ignorantie
541 2481 648 2534 causa
673 2459 861 2556 probabilis
885 2469 920 2533 et
946 2459 1091 2534 evidens
1115 2481 1185 2534 nou
1203 2469 1368 2550 excusat,
1394 2457 1623 2532 condemnare

213 2583 361 2658 debeant
376 2585 413 2657 iu
430 2585 606 2680 expensis,
624 2586 714 2658 sicut
730 2606 790 2657 eas
805 2583 928 2657 volunt
949 2583 994 2658 de
1012 2583 1234 2658 facultatibus
1250 2583 1398 2680 propriis
1412 2583 1562 2677 elargiri.
1582 2583 1622 2654 lu

211 2709 352 2784 victoris
373 2730 457 2783 saue
476 2709 613 2802 judicio
634 2709 796 2805 ponimus
818 2718 934 2781 utrum
959 2731 1190 2805 expensarum
1218 2711 1371 2804 ipsarum
1395 2708 1622 2802 quantitatem

212 2835 308 2907 nulla
324 2834 502 2908 taxatione
515 2834 648 2928 judicis
664 2833 888 2907 muniendam
905 2834 1166 2930 probationibus
1181 2833 1373 2908 dilucidare
1385 2833 1549 2926 voluerit,
1564 2833 1621 2906 vel

213 2959 351 3055 proprio
374 2973 590 3034 sacramento
614 2958 770 3052 firmare,
797 2957 943 3055 proinde
960 2957 1136 3053 judicialis
1160 2957 1346 3033 taxationis
1370 2955 1513 3030 arbitrio
1538 2977 1620 3030 ruo-

214 3082 415 3159 derandum.

631 3260 770 3334 LIBER
800 3261 834 3351 l,
865 3259 1067 3335 TITULUS
1096 3258 1206 3334 Lvlt.

327 3413 377 3485 Ne
392 3412 485 3507 filius
500 3433 565 3508 pro
579 3422 677 3510 patre
694 3411 746 3485 cet
762 3421 892 3500 contro,
913 3412 965 3484 ccl
981 3415 1088 3506 frater
1102 3433 1166 3508 pro
1184 3413 1291 3504 fratre
1310 3405 1500 3508 [terwoturl.

259 3562 378 3636 Patres
392 3583 456 3660 pro
477 3559 558 3636 liliis
574 3571 609 3637 et
625 3584 646 3636 e
664 3571 802 3653 eontra,
823 3573 1043 3660 preterquam
1062 3561 1259 3636 incrimine
1278 3560 1485 3654 majestatis,
1504 3559 1625 3633 tratres

214 3707 274 3782 pro
293 3686 457 3760 tratribus
477 3697 539 3761 aut
559 3709 621 3784 pro
640 3687 850 3782 conjugibus
866 3689 1034 3782 conjuges
1049 3685 1241 3762 indolibus
1257 3687 1370 3759 autin
1388 3684 1563 3758 dotalibus
1578 3683 1627 3781 (tr)

211 3811 286 3884 suis
310 3807 531 3907 dispendium
551 3811 695 3886 minime
715 3811 906 3908 patiantur3
933 3812 999 3885 uisi
1025 3813 1112 3886 lcrts
1135 3811 1312 3908 patribus,
1340 3807 1440 3898 filiis,
1463 3809 1627 3882 iratribus

211 3946 273 4010 aut
297 3935 383 4009 viris
407 3936 572 4010 exulibus
601 3938 656 4010 vel
681 3937 823 4011 torsitau
849 3937 1007 4032 fugitivis
1033 3946 1095 4011 aut
1119 3935 1332 4029 iorJudicatis
1355 3943 1530 4030 presentes
1554 3933 1627 4006 ali-

213 4059 367 4134 moniam
389 4061 649 4136 subministrent
664 4062 803 4158 publice
824 4063 882 4136 vel
903 4063 1038 4136 occulte
1057 4087 1067 4135 ε
1088 4082 1159 4156 quo
1178 4059 1322 4157 quidem
1344 4082 1427 4134 casu
1452 4059 1543 4134 bona
1565 4081 1629 4156 per

213 4184 455 4257 excellentiam
484 4195 634 4259 nostram
656 4186 798 4260 dimissa
822 4187 1039 4284 presentibus
1062 4185 1281 4285 publicentur
1302 4183 1366 4282 (l).
1389 4185 1546 4260 Patribus
1566 4195 1627 4259 ta-

255 4357 296 4440 (a)
315 4360 373 4440 Ap.
389 4359 706 4442 caroenumstdelibot,
719 4364 807 4427 mule.

255 4465 296 4542 (b)
316 4467 398 4532 Altus
409 4465 561 4532 dotalitiis.

253 4759 289 4833 (l)
307 4757 348 4817 ct.
361 4775 458 4834 supra,
477 4761 523 4820 lib.
538 4762 577 4836 ll,
595 4761 723 4834 titlllll,
735 4778 764 4836 p.
781 4762 825 4820 82.
