4360 5908
528 577 590 646 sss
662 611 666 618 -
982 643 986 652 ,
1023 575 1242 648 nalnnnlel
1266 575 1439 646 secerni
1489 589 1494 596 ·
1754 572 1832 656 [me
1852 572 1934 634 isan

581 714 604 786 F
607 711 792 801 rodericus,
811 711 871 783 Dei
884 711 993 804 gratia
1008 713 1239 786 Romanorum
1258 713 1441 808 imperator
1457 724 1594 807 sempor
1611 719 1792 804 unguens,
1810 709 1936 788 lhero-

529 837 634 911 salem
664 844 699 908 et
723 834 838 906 Sicilie
863 855 939 908 nex.
967 835 1108 910 Sinoere
1129 833 1323 911 dilectionis
1348 836 1491 913 allectus
1516 845 1619 930 quem
1648 833 1696 908 nd
1725 833 1937 908 mmmmm

526 961 676 1032 amicum
695 967 849 1032 nostrum
873 969 908 1030 et
926 959 1062 1033 fratrem
1085 960 1298 1034 Ludovionm
1316 979 1433 1054 nepem
1454 961 1663 1034 Franoolum
1686 960 1852 1034 illustrem
1869 958 1937 1032 bn·-

525 1085 667 1158 hnimus
689 1093 723 1157 et
746 1083 930 1175 babemus,
958 1085 1103 1158 sollieite
1121 1105 1184 1157 nos
1202 1087 1366 1160 admonet
1381 1095 1418 1160 et
1434 1083 1569 1160 inducit
1588 1094 1627 1155 ut
1648 1096 1772 1158 verum
1789 1081 1937 1164 amicitia

524 1209 625 1282 ledus
640 1207 737 1302 quod
753 1209 783 1282 ei
804 1209 1021 1282 servavimus
1037 1209 1205 1282 haetenus
1224 1210 1414 1295 illibatum,
1433 1209 1620 1287 stabilitate
1633 1217 1799 1304 perpetua
1816 1208 1938 1282 lortius

524 1336 725 1415 roboremus
743 1345 778 1406 et
796 1332 939 1416 firmiter
959 1333 1177 1411 innovemus.
1198 1334 1365 1408 Norerint
1383 1334 1489 1426 igitur
1505 1333 1661 1409 nnivmsi
1681 1341 1855 1428 presentes
1877 1341 1937 1426 pai-1

523 1459 604 1530 riter
621 1472 656 1528 et
671 1457 777 1530 loturi
799 1457 894 1551 qood
919 1478 982 1530 nos
999 1457 1223 1552 subscriptam
1249 1457 1560 1531 eonlederatiooem
1583 1465 1619 1532 el
1644 1455 1832 1534 amioitiam
1856 1477 1939 1534 suns

525 1584 656 1677 prelato
687 1604 768 1676 rege
801 1591 836 1654 et
867 1581 974 1677 ipsius
1005 1581 1195 1656 heredibus
1228 1582 1448 1678 postmodum
1476 1581 1645 1656 duximus
1675 1579 1862 1658 inisndnm.
1898 1579 1934 1652 la

525 1707 644 1802 primis
662 1727 732 1778 non
750 1707 879 1778 erimus
895 1707 1006 1795 dicto,
1027 1707 1133 1796 laeto,
1155 1705 1298 1779 oonsilio
1315 1705 1372 1778 vel
1387 1727 1530 1780 assensn
1546 1705 1695 1800 qualiter
1710 1702 1803 1778 idem
1821 1725 1886 1780 nex
1903 1713 1937 1776 et

525 1830 670 1904 heredes
691 1832 768 1923 ejus
785 1831 890 1902 vitam
913 1839 975 1902 ant
1000 1830 1163 1904 honoiem
1185 1830 1344 1904 amittant
1365 1851 1428 1902 sen
1450 1829 1645 1924 ceptionem
1664 1839 1845 1924 bosporum
1869 1827 1939 1902 ba'-·

525 1955 646 2042 beant,
670 1963 705 2026 el
724 1955 753 2026 si
779 1953 914 2049 aliquid
932 1954 1075 2028 istorum
1095 1955 1315 2046 sciverimus,
1337 1954 1425 2028 illud
1442 1953 1714 2030 disturbnbimus
1733 1955 1828 2028 bone
1846 1953 1938 2044 fides

526 2077 619 2170 quod
642 2077 672 2148 si
690 2077 884 2150 disturbare
907 2101 975 2150 non
997 2077 1203 2173 poterimus,
1229 2077 1503 2172 significabimns
1522 2078 1573 2153 eit
1590 2087 1652 2152 sut
1668 2078 1773 2152 alieni
1790 2079 1847 2152 rel
1867 2077 1936 2152 ali-

524 2201 653 2294 quihus
678 2202 833 2296 personis
856 2201 1034 2276 bonafide
1055 2224 1124 2298 que
1149 2201 1216 2276 hoe
1235 2203 1374 2276 valenm
1394 2201 1591 2276 disturbans
1612 2225 1677 2276 sen
1700 2203 1936 2298 peraliquam

524 2325 579 2398 vel
596 2326 730 2420 aliquas
749 2349 911 2422 personas
929 2326 1201 2422 significabimus
1221 2327 1307 2424 ipsis
1325 2327 1470 2402 eisdem.
1494 2329 1580 2400 ltem
1594 2349 1664 2402 non
1684 2329 1936 2405 eonsentlemns

525 2449 618 2543 quod
646 2449 691 2523 de
707 2451 850 2547 imperio
874 2462 992 2526 nostro
1009 2463 1047 2524 et
1070 2453 1270 2526 bominibus
1287 2452 1444 2546 ejusdem
1464 2453 1601 2548 imperii
1626 2453 1734 2526 nostri
1758 2453 1937 2526 alionirel

525 2573 698 2668 aliquibus
716 2576 777 2670 qni
797 2586 915 2650 eontra
938 2578 1133 2674 predictum
1154 2599 1270 2672 negem
1289 2579 1419 2672 eteius
1437 2577 1587 2650 heredes
1604 2577 1642 2648 in
1667 2577 1842 2672 personis,
1868 2577 1935 2650 ho-

525 2699 668 2808 noribua
687 2709 721 2772 el
740 2700 837 2774 terris
852 2723 971 2777 eorum
992 2703 1179 2798 quiequam
1198 2704 1343 2776 feeerinl
1361 2704 1416 2776 vel
1440 2705 1552 2776 lacere
1569 2703 1846 2798 attemptaverint
1865 2713 1933 2774 tam

526 2821 570 2894 de
587 2825 741 2918 personis
758 2849 864 2920 quam
884 2829 988 2900 rebus
1006 2829 1148 2923 aliquod
1164 2829 1360 2924 subsidium
1381 2829 1573 2916 tribnatnr3
1595 2826 1659 2899 sed
1680 2848 1822 2922 prorsus
1839 2825 1936 2916 inbiss'

526 2945 684 3019 bebimus
712 2949 808 3044 quod
828 2972 897 3021 non
917 2949 1033 3046 liutet
1049 2973 1093 3024 ne
1112 2951 1172 3024 fiat
1195 2951 1469 3026 disturbnbimus
1494 2952 1585 3025 bona
1608 2950 1690 3026 lide.
1712 2953 1855 3046 lnsuper
1876 2973 1934 3024 nos

527 3071 684 3144 homines
701 3075 797 3168 regni
815 3077 870 3148 eui
888 3076 942 3148 vel
959 3076 1005 3149 nd
1022 3099 1168 3172 regnum
1182 3099 1284 3149 sunm
1298 3077 1506 3172 pertinentes
1522 3087 1742 3150 contumaees
1753 3085 1814 3150 ant
1824 3077 1934 3150 eidem

527 3197 672 3270 rebelles
689 3221 752 3272 seu
771 3209 950 3273 moventes
965 3223 1124 3296 guerram
1143 3213 1261 3276 eontra
1280 3204 1393 3299 ipsum
1412 3223 1530 3296 regem
1546 3212 1582 3274 et
1596 3201 1742 3274 heredes
1757 3201 1866 3298 ipsius
1882 3201 1933 3276 vel

529 3321 769 3398 lorishannilos
791 3325 889 3418 regni
911 3325 965 3398 sui
983 3347 1052 3399 non
1073 3327 1413 3424 receptabimnsneo
1433 3327 1598 3423 receptari
1616 3326 1799 3418 faciemus,
1821 3326 1933 3398 neuin

488 3435 490 3442 ’
529 3446 672 3542 imperio
694 3462 811 3521 nostro
836 3449 895 3520 ubi
919 3459 1119 3544 potestatem
1145 3451 1334 3524 babeamus
1360 3473 1422 3546 per
1446 3473 1509 3524 noa
1533 3461 1595 3524 aul
1620 3451 1777 3524 homines
1804 3460 1934 3522 nostros

528 3569 774 3645 sustinebimus
791 3575 971 3668 receptari,
993 3587 1174 3670 postquam
1192 3575 1229 3648 id
1246 3577 1362 3672 ipsum
1375 3597 1422 3648 en
1441 3585 1537 3670 parte
1553 3576 1705 3670 ipsorum
1722 3573 1824 3646 nobis
1837 3573 1936 3648 inerit

529 3693 825 3786 intimaturll;,sed
843 3717 902 3768 eos
918 3695 1128 3792 ubicumque
1145 3697 1292 3770 inveniri
1309 3707 1489 3794 poterunt,
1508 3719 1569 3793 per
1585 3697 1768 3794 imperinm
1786 3707 1937 3770 nostrum

528 3817 605 3915 oapi
624 3819 789 3892 iaciemus
804 3819 963 3893 iurabas
981 3821 1106 3918 pariter
1127 3833 1161 3895 et
1174 3821 1331 3920 personis
1348 3822 1438 3894 hona
1455 3819 1525 3894 fide
1540 3821 1601 3894 nbi
1620 3829 1822 3918 potestatem
1835 3838 1942 3918 super

1485 4015 1941 4034 -ι-ιι-ι--μ--ι--ιη--ι-ιι-ισθ-

528 4124 620 4180 violem
638 4141 728 4198 nepem
741 4125 909 4186 Fronoomtm
932 4129 1063 4188 Ludovior'
1079 4134 1151 4204 repis
1165 4133 1257 4207 lilium
1278 4133 1425 4208 impetrate
1445 4147 1494 4207 pet·
1511 4131 1627 4205 petrem
1647 4127 1798 4186 mmmmm
1819 4129 1949 4202 priorem

528 4219 622 4276 domus
633 4219 778 4294 hospitalis
791 4223 1012 4284 Pheutomiomum
1025 4227 1194 4301 lmFrnnm'u,
1209 4229 1368 4306 Philippum
1386 4227 1418 4288 da
1439 4230 1589 4286 Perusiam
1603 4235 1631 4285 et
1647 4227 1791 4300 Spnrohem
1811 4233 1951 4284 romono

528 4318 621 4374 domm
635 4317 666 4374 de
679 4319 818 4383 Pontium.
837 4341 850 4374 s
865 4322 913 4380 llle
925 4323 1000 4384 Simo
1013 4325 1084 4384 idern
1102 4342 1168 4386 sane
1185 4333 1228 4386 est
1248 4329 1295 4404 qul
1315 4343 1397 4404 snpra
1417 4326 1570 4386 Cawnimsi
1591 4325 1692 4384 foederi
1709 4323 1828 4382 interluit
1841 4331 1872 4380 st
1885 4331 1953 4381 tum

528 4417 685 4491 simpliciter
702 4420 855 4478 nominatur
870 4427 1000 4497 meplsler
1018 4425 1094 4482 Simo
1110 4428 1141 4483 de
1159 4428 1287 4485 homilias
1300 4431 1412 4487 abricus
1424 4429 1457 4503 (t.
1469 4429 1506 4498 11,
1520 4445 1549 4502 p.
1564 4425 1639 4499 tes).
1652 4425 1790 4498 Philippus
1803 4423 1838 4480 de
1852 4415 1959 4498 llesti-⁸

528 4515 600 4572 siaro
622 4520 650 4573 et
668 4517 746 4590 liugn
767 4517 801 4574 de
821 4519 909 4578 Athiis
923 4521 971 4593 (ci.
989 4527 1009 4579 t.
1026 4523 1052 4594 l,
1064 4541 1093 4597 p.
1113 4525 1181 4598 230)
1194 4525 1262 4582 inter
1283 4527 1396 4594 milites,
1408 4541 1462 4582 una
1476 4539 1539 4582 oum
1552 4523 1659 4580 Simone
1675 4522 1710 4578 de
1728 4518 1858 4578 homibus
1871 4519 1955 4576 inser

528 4609 654 4684 clericos,
666 4621 848 4695 memorantur
860 4616 887 4672 in
895 4619 1006 4676 Notltln
1014 4620 1205 4678 mantellorum
1213 4622 1248 4680 nd
1258 4622 1356 4680 lestnm
1366 4623 1537 4681 Pentecosten
1547 4623 1626 4692 liet,
1637 4635 1682 4694 ap.
1692 4620 1842 4688 bonnis,
1851 4615 1955 4683 nolis·

529 4713 719 4784 oromateript„
735 4717 755 4770 t.
769 4711 834 4784 xli,
847 4728 875 4785 p.
889 4717 916 4770 2.
1476 4743 1478 4748 v
