4298 5906
722 515 850 579 unum
877 514 1062 580 stetttaa
1535 515 1597 579 20³

184 651 411 747 judicialibus
445 652 604 744 mulctis,
629 651 755 726 hannis
782 661 843 726 ant
865 651 1078 748 quibuslibet
1100 649 1271 723 similibus
1293 646 1401 748 [que]
1421 649 1594 745 aliquibus

189 780 313 852 nostris
334 777 497 854 fidelibus
520 778 730 870 inferuntur,
761 777 888 872 bajulis
909 799 971 849 sen
996 773 1174 871 judicibus
1196 773 1281 870 ipsis
1301 775 1507 864 obveniunt,
1532 775 1594 847 iu-

188 913 285 998 tegre
308 903 435 978 nostris
454 903 574 976 erariis
591 901 825 1000 applicantem
846 901 1035 996 dequibus
1058 901 1220 974 omnibus
1243 899 1397 994 magistri
1414 901 1593 974 camerarii

189 1047 250 1122 per
270 1027 428 1122 singulos
451 1047 587 1100 menses
605 1047 686 1098 cum
711 1025 835 1120 bajulis
853 1025 1050 1120 diligentem
1071 1025 1238 1098 rationem
1256 1033 1468 1120 expurgent,
1488 1033 1524 1098 et
1538 1046 1598 1100 re-

189 1149 279 1221 lictis
294 1147 362 1221 sibi
380 1169 443 1244 pro
460 1169 511 1241 se,
524 1147 647 1242 judice
662 1155 766 1243 atque
780 1147 914 1221 notar-io
927 1167 989 1243 pro
1001 1155 1075 1220 rata
1092 1146 1253 1242 temporis
1268 1145 1404 1218 statutis
1417 1147 1595 1242 expensis,

189 1271 288 1367 quod
309 1270 478 1368 supererit
494 1291 558 1368 pro
576 1271 673 1344 coria
695 1279 811 1346 nostra
830 1280 980 1344 esmant.
1005 1271 1048 1343 Et
1069 1282 1109 1342 nt
1133 1269 1317 1362 cujuslibet
1334 1270 1515 1365 peculatus
1538 1271 1598 1345 via

189 1396 332 1471 cuilibet
349 1395 570 1493 precludatur
588 1405 623 1470 et
648 1395 790 1490 modus,
813 1395 1030 1493 providimus
1051 1405 1090 1468 ut
1113 1395 1338 1470 obventiones
1358 1395 1509 1491 predicte
1530 1398 1597 1470 sub

192 1521 281 1595 intra
294 1521 423 1618 scripta
440 1522 548 1596 lorma
563 1541 626 1618 per
643 1522 792 1618 prelatos
805 1520 974 1614 bajulum,
986 1519 1140 1614 jndicem
1154 1529 1188 1592 et
1201 1521 1373 1592 notarium
1390 1521 1600 1617 recipiantur

193 1653 227 1718 et
241 1655 382 1742 recepte
405 1656 585 1718 servemur
605 1671 615 1716 a
638 1644 800 1719 videlicet
817 1646 854 1718 in
871 1645 998 1718 scrinio
1017 1666 1087 1717 ono
1105 1656 1173 1717 tres
1192 1645 1306 1718 claves
1324 1643 1478 1719 diversas
1492 1653 1527 1718 et
1543 1646 1600 1719 io-

194 1790 311 1844 ramen
338 1771 518 1866 obliquum
545 1769 592 1844 ad
615 1769 863 1844 immissionem
893 1771 967 1843 auri
998 1769 1163 1861 babente;
1195 1790 1342 1864 quarum
1370 1770 1600 1865 predictarum

195 1893 341 1990 quilibet
357 1915 463 1974 annm
487 1893 584 1990 apud
607 1915 645 1967 se
669 1895 814 1968 retineat
838 1894 900 1967 nbi
925 1903 1086 1990 percepta
1109 1893 1257 1990 pecnnia
1281 1903 1480 1989 reponatur,
1506 1893 1601 1990 qnod

195 2018 333 2092 nonnisi
349 2017 387 2090 in
406 2019 576 2114 presentia
598 2018 752 2114 magistri
770 2017 946 2092 camerarii
966 2039 1028 2114 per
1044 2039 1165 2092 omnes
1184 2015 1354 2113 predictos
1370 2027 1432 2091 aut
1448 2018 1601 2114 ipsorum

196 2143 346 2239 aliquem
370 2143 484 2218 valeat
506 2142 643 2238 aperiri.
670 2143 734 2216 Per
755 2143 911 2238 singulos
935 2141 1038 2215 etiam
1065 2163 1201 2216 menses
1225 2153 1374 2236 quatuor
1396 2164 1417 2217 a
1439 2145 1602 2238 magistro

198 2269 383 2342 camerario
411 2267 457 2342 de
485 2268 614 2362 bajuli,
636 2267 767 2362 judicis
799 2279 904 2364 atque
933 2268 1056 2342 naudi
1082 2268 1300 2364 processibus
1326 2267 1538 2364 inquiretur,
1570 2277 1605 2342 et

199 2390 338 2466 demum
354 2412 447 2465 anno
465 2393 616 2488 perlecto
633 2413 694 2488 per
711 2392 888 2486 generales
902 2392 1121 2487 inquisitores
1135 2412 1158 2465 a
1174 2400 1289 2466 nostm
1304 2393 1400 2467 coria
1418 2393 1606 2468 destinatos

200 2517 417 2591 exactissima
448 2514 508 2590 fiet
538 2516 712 2611 inquisitio
741 2524 859 2590 oonua
887 2536 958 2590 eos.
987 2516 1056 2603 Qui
1085 2527 1199 2590 numm
1228 2517 1359 2590 inventi
1387 2517 1515 2589 fuerint
1544 2538 1605 2612 per

200 2643 400 2738 magistrum
428 2641 654 2716 camerarium
683 2641 920 2739 supradictum
947 2642 1003 2716 vel
1028 2641 1248 2738 inquisitores
1273 2641 1479 2738 culpabiles,
1504 2639 1610 2715 vide-

200 2767 278 2842 licet
294 2767 391 2863 qood
408 2768 490 2844 odio
506 2769 564 2840 vel
581 2789 714 2856 amore,
735 2789 837 2865 prece
856 2768 914 2842 vel
939 2767 1048 2865 pretio
1067 2769 1214 2861 alicujus
1228 2768 1395 2863 iustitiam
1414 2767 1527 2841 lacere
1541 2785 1610 2862 pe-

201 2893 352 2967 tentibus
371 2891 599 2987 denegassent
613 2902 674 2966 aut
690 2913 752 2988 per
772 2891 930 2967 bandem
948 2893 1036 2967 inira
1047 2901 1212 2966 statutum
1227 2901 1363 2988 tempos
1378 2892 1428 2987 (l)
1442 2891 1609 2985 justitiam

202 3017 315 3090 lacere
342 3015 609 3108 detrectassent,
642 3017 699 3091 vel
728 3017 825 3113 qood
848 3039 912 3091 sue
936 3017 1164 3112 jurisdictioni
1186 3017 1358 3112 subjectos
1381 3037 1444 3113 per
1466 3016 1610 3092 venales

201 3138 389 3212 sententias
410 3147 471 3212 ant
491 3139 663 3214 similibus
684 3140 762 3214 aliie
784 3141 1044 3236 gravaminibus
1068 3141 1257 3215 manifestis
1279 3129 1527 3237 oppresserint,
1546 3159 1609 3213 re-

201 3261 308 3335 missa
329 3261 549 3358 inquisitione
571 3264 618 3338 ad
644 3285 804 3360 magnam
827 3265 958 3338 curiam
980 3276 1146 3358 nostram,
1172 3265 1217 3340 de
1238 3266 1390 3362 perjurio
1412 3263 1463 3362 (2)
1486 3285 1609 3338 manus

203 3384 418 3460 mutilatione
434 3388 654 3461 mulctentur.
675 3388 763 3462 Etsi
782 3387 930 3462 durante
947 3390 1059 3464 officio
1076 3411 1138 3486 per
1155 3391 1360 3472 camerarios
1378 3391 1413 3463 in
1432 3390 1611 3464 manifesta

203 3507 341 3584 desidia
356 3508 490 3582 inventi
508 3511 645 3600 luerint,
667 3533 736 3586 non
754 3511 848 3606 dolo,
869 3514 968 3586 tertia
983 3523 1080 3609 parte
1092 3514 1271 3588 mobilium
1286 3514 1484 3610 puniantur.
1506 3515 1547 3586 Et
1564 3513 1610 3589 ad

202 3633 356 3707 officinm
380 3653 484 3706 sunm
512 3634 620 3728 bajuli
641 3645 677 3710 et
699 3637 835 3729 judiees
860 3638 1004 3733 predicti
1027 3640 1196 3736 pertinere
1219 3648 1426 3734 cognoscant
1447 3640 1611 3714 meleiac-
1693 3697 1694 3702 Ν

205 3766 295 3832 tores
315 3757 353 3830 in
370 3757 453 3854 ipsis
469 3757 648 3834 maleficiis
667 3760 900 3857 deprehensos
917 3773 952 3836 et
968 3763 1179 3837 forbannitos
1194 3763 1268 3836 sine
1285 3764 1423 3837 licentia
1439 3766 1534 3838 curio
1551 3785 1612 3838 re-

205 3883 355 3958 deuntes
377 3891 413 3956 et
428 3883 575 3958 scientes
588 3895 781 3982 receptores
799 3907 921 3960 eornm
943 3907 1066 3984 capere
1087 3886 1133 3962 de
1149 3889 1321 3985 personis,
1336 3889 1532 3982 justitiariis
1552 3911 1612 3963 as·

206 4007 408 4104 signandos.
426 4007 482 4082 Ab
497 4009 574 4084 aliie
586 4019 702 4086 antem
716 4012 992 4086 malefactoribus
1007 4016 1043 4086 in
1059 4021 1148 4088 terra
1160 4013 1376 4110 presentibus
1394 4013 1614 4108 fidejussores

208 4131 374 4228 recipiant
394 4131 425 4206 si
442 4153 502 4206 eos
521 4133 605 4208 dara
621 4136 810 4231 potuerint,
837 4146 1053 4233 preterquam
1080 4138 1117 4209 in
1139 4137 1339 4212 criminibus
1356 4140 1517 4236 exceptis
1538 4139 1609 4238 (3),

248 4463 282 4538 (t)
300 4463 409 4524 Scilicet
419 4463 556 4526 bimosbe.
566 4467 628 4526 Vid.
639 4467 710 4527 inira
721 4469 763 4526 tit
774 4469 902 4542 LXXVI,
913 4478 941 4528 et
951 4487 1033 4546 supra
1044 4489 1071 4546 p.
1084 4474 1127 4530 tr.

251 4561 286 4635 (Ξ)
303 4559 409 4621 Scilicet
421 4568 514 4623 eontra
524 4571 721 4623 samameotum
734 4583 813 4624 snum
825 4567 966 4626 veniendo.

252 4659 288 4732 (t)
304 4659 425 4736 Exempli
437 4677 519 4722 causa
531 4663 558 4721 in
572 4663 684 4724 crimine
695 4665 786 4724 laesae
799 4666 954 4740 majestatis.
