4308 5910
500 579 558 642 teo
1028 581 1379 646 cousutnuttouss

499 715 659 811 midium]
688 715 832 792 lendum
854 719 887 792 ei
907 718 942 792 in
965 716 1137 794 dotarinm
1160 721 1369 796 constituere
1391 721 1524 797 licebit.
1549 720 1708 795 Ceterum
1734 723 1764 795 si
1794 745 1903 796 unum

501 842 750 938 tantummodo,
771 865 841 917 non
865 843 900 916 in
919 855 1022 932 terra,
1044 845 1160 920 sedin
1179 847 1325 942 pecunia
1345 847 1529 922 uxorisne
1543 869 1607 944 pro
1622 848 1789 944 qualitate
1810 849 1903 922 tendi

365 973 369 981 ’
499 968 695 1041 facultatem
712 969 940 1042 constituendi
957 968 1130 1044 dotarinm
1147 971 1184 1042 in
1200 981 1375 1068 posterum
1393 973 1541 1047 barones
1555 983 1591 1046 et
1607 972 1732 1046 milites
1749 973 1817 1046 sibi
1839 995 1904 1048 uo-

499 1091 612 1164 verint
629 1093 700 1166 tore
718 1093 930 1188 permissam.
1067 1179 1069 1184 ,
1097 1179 1099 1184 ¹

796 1327 802 1360 ³
849 1323 850 1326 ‘
901 1321 904 1330 ¹
938 1316 1141 1390 urrunus
1169 1299 1266 1390 rtur.
1294 1319 1348 1404 ες
1373 1315 1464 1411 (aa).

932 1495 978 1565 ne
996 1475 1140 1568 arasa
1153 1493 1414 1591 amerianae(
1436 1493 1463 1589 ).

1025 1695 1098 1746 anx
1122 1695 1373 1766 coruncanius.

545 1845 669 1919 Mulier
685 1867 756 1942 que
773 1845 945 1920 doarium
963 1847 1125 1922 babuerit
1138 1848 1175 1921 in
1194 1858 1302 1939 terra,
1322 1859 1399 1945 post
1420 1858 1563 1922 mortem
1582 1847 1649 1920 riri
1667 1846 1830 1922 heredem
1851 1849 1903 1918 vel

498 1968 679 2044 dominnm
694 1970 837 2044 baronio
856 1969 902 2043 de
920 1969 1053 2046 dotario
1070 1993 1268 2046 assecurare
1284 1981 1430 2064 tenetur,
1448 1971 1610 2046 videlieet
1628 1970 1674 2046 de
1692 1971 1778 2060 vita,
1794 1992 1905 2044 mem·

497 2093 569 2166 bris
585 2103 620 2168 et
634 2103 775 2190 captura
787 2095 939 2191 corporis
956 2095 1025 2189 sui,
1043 2105 1079 2170 et
1094 2096 1191 2192 quod
1207 2118 1277 2171 non
1291 2105 1412 2192 querat
1427 2107 1533 2170 artem
1550 2097 1606 2170 vel
1624 2096 1804 2190 ingenium
1818 2117 1904 2190 qna·

496 2216 574 2291 liter
606 2217 799 2316 predictum
824 2218 996 2293 doarium
1025 2220 1070 2294 dc
1099 2220 1242 2294 baronia
1270 2221 1327 2294 rel
1354 2219 1518 2293 comitatu
1547 2219 1781 2310 subtrabatur,
1810 2219 1905 2292 saluo

497 2344 698 2438 peremnia
728 2343 891 2420 mandato
915 2345 1103 2442 superioris
1126 2344 1271 2419 domini.
1296 2345 1400 2418 Filios
1425 2355 1539 2418 tamen
1565 2343 1759 2417 communis
1784 2344 1906 2414 matri-

496 2467 602 2540 monii
629 2467 753 2543 mnlier
780 2490 978 2543 assecurare
1003 2491 1073 2544 non
1099 2479 1247 2544 tenetur.
1267 2468 1324 2542 nd
1343 2467 1631 2542 submonitionem
1658 2476 1812 2563 preterea
1837 2465 1905 2541 do-

497 2591 583 2664 mini
600 2592 763 2682 baronia,
784 2592 925 2666 domina
941 2616 1011 2690 qne
1027 2594 1199 2668 dotarinm
1220 2601 1314 2667 tenet
1336 2593 1499 2686 [tantum]
1526 2591 1705 2666 carutium
1728 2592 1824 2664 curie
1846 2601 1904 2664 te-

498 2725 600 2790 netur
623 2725 795 2811 prestare;
820 2717 916 2813 qood
942 2718 972 2790 si
1000 2739 1070 2792 non
1095 2718 1298 2815 prostiterit,
1332 2727 1385 2790 ter
1411 2715 1608 2789 submonita
1634 2735 1695 2811 per
1729 2713 1905 2787 dominum

496 2839 621 2935 poterit
652 2839 830 2913 dissaisiri.
869 2841 998 2936 injusta
1028 2842 1131 2914 etiam
1172 2839 1377 2936 masmine
1407 2839 1607 2913 hominibus
1638 2836 1761 2911 dotarii
1789 2837 1903 2928 illata,

498 2961 638 3037 domina
656 2985 717 3060 per
735 2964 914 3038 dominum
933 2965 1074 3038 buronie
1091 2967 1148 3039 vel
1169 2964 1268 3039 leudi
1284 2963 1472 3038 emendare
1494 2971 1640 3036 tenetur.
1659 2961 1821 3035 Homines
1836 2959 1907 3033 do-

500 3088 578 3162 tarii
596 3087 726 3161 debent
742 3111 943 3164 assecurare
959 3090 1158 3184 dominam,
1178 3092 1276 3165 salvo
1290 3093 1369 3185 jure
1389 3111 1451 3186 per
1475 3089 1591 3163 omnia
1615 3087 1748 3161 domini
1773 3085 1907 3160 comitis

499 3213 553 3286 vel
574 3213 725 3305 baronis,
745 3213 903 3290 similiter
916 3223 950 3288 et
968 3216 1126 3290 comitem
1144 3237 1206 3289 seu
1224 3216 1386 3290 baronem
1405 3234 1602 3288 assecurare
1620 3221 1792 3302 tenentur,
1810 3211 1907 3284 salvo

494 3339 573 3432 jore
592 3337 717 3413 dotarii
735 3338 875 3414 dominc
888 3340 1100 3438 supradicte.

932 3631 1134 3706 uruunus
1159 3631 1466 3730 xv11.sz(6t).

648 3811 696 3879 lie
717 3809 882 3900 [ratribus
899 3809 1117 3904 obliquantibus
1125 3824 1257 3908 purtem
1268 3809 1366 3906 feudi
1380 3835 1441 3907 pro
1457 3811 1584 3884 dotibus
1598 3829 1760 3882 sororum.

1102 4012 1192 4061 lllssll
1219 4013 1302 4062 REX.

552 4162 728 4235 Fratribus
750 4163 796 4235 ob
820 4163 919 4238 dotes
939 4186 1094 4240 sororum
1120 4187 1280 4254 suornm,
1303 4167 1333 4240 si
1358 4165 1498 4240 mobilia
1523 4163 1580 4239 vel
1600 4157 1814 4252 hamditagia
1839 4175 1908 4227 non

504 4286 670 4378 habeant,
692 4289 867 4361 sororibus
889 4289 962 4362 suis
985 4301 1116 4386 partem
1139 4290 1236 4364 leudi
1258 4291 1486 4386 permittimus
1508 4288 1679 4382 obligare,
1700 4291 1735 4356 et
1754 4281 1783 4355 si
1808 4279 1908 4353 etiam

505 4413 569 4484 tria
599 4411 703 4484 feuda
728 4423 788 4484 aut
814 4415 914 4508 plura
941 4415 1108 4506 habeant,
1134 4439 1243 4488 unum
1267 4439 1313 4489 ex
1339 4415 1390 4489 eis
1413 4417 1450 4487 in
1475 4413 1591 4488 dotem
1615 4408 1805 4484 sororiano
1826 4406 1909 4480 darc

505 4545 670 4632 possunt;
690 4544 729 4608 ut
746 4538 913 4608 tamenin
934 4539 1094 4612 omnibus
1112 4539 1330 4635 supradictis,
1350 4539 1492 4635 quaudo
1512 4537 1655 4614 lendum
1670 4533 1838 4607 alienatur
1854 4529 1908 4601 vel

547 4715 589 4796 (a)
611 4716 719 4795 Aptius
731 4719 763 4778 ln
777 4733 883 4797 graeco
898 4737 906 4778 ι
922 4717 965 4780 Dc
979 4717 1397 4786 neocaesariensem
1409 4723 1443 4784 in
1457 4729 1536 4784 tura
1549 4717 1672 4801 attrujar
1684 4713 1814 4778 amau.
