4320 5918
1001 571 1216 636 salutaret
1242 573 1417 638 secutor
1730 575 1812 655 [Αιι
1830 575 1913 639 1935

717 871 939 884 m

297 1159 475 1262 vestrm,
561 1153 694 1236 Petrus
712 1153 760 1236 de
778 1153 915 1260 Vinea,
935 1154 1141 1264 imperialis
1158 1154 1286 1238 cunae
1299 1153 1437 1266 judex,
1461 1154 1640 1240 Friderici
1657 1155 1914 1240 Romanorum

507 1286 744 1397 imperatoris
779 1301 1001 1398 procurator
1035 1301 1074 1373 et
1108 1289 1295 1394 nuncius,
1324 1297 1562 1376 murreum
1596 1285 1914 1372 matrimonialem

505 1419 605 1506 inter
630 1423 807 1506 eumdem
833 1423 1099 1534 imperatorem
1125 1435 1163 1508 et
1192 1423 1395 1508 isabellam
1421 1424 1523 1536 regis
1554 1423 1715 1536 Angliae
1746 1445 1914 1506 sororem

505 1555 627 1667 redigi
640 1554 765 1667 jubet,
779 1567 818 1641 et
834 1557 883 1641 de
898 1557 1059 1642 dodario
1075 1558 1308 1668 assignando
1321 1557 1584 1669 juramentum
1600 1567 1779 1668 praestat.

588 1771 723 1854 (Edlder.
743 1774 869 1852 Rana,
884 1771 1021 1848 Foedere,
1034 1775 1246 1852 mationa,
1260 1779 1332 1849 etc,
1353 1778 1379 1836 t.
1401 1775 1435 1856 l,
1459 1791 1492 1854 p.
1507 1781 1578 1835 stt.
1597 1805 1638 1819 -
1656 1773 1772 1852 eran,
1784 1769 1911 1832 nam

627 1879 725 1944 dem.
738 1881 863 1959 Herc„
877 1887 901 1944 t.
912 1881 966 1959 tv,
981 1899 1012 1963 p.
1029 1889 1097 1956 aro,
1113 1880 1196 1962 sn.)

553 2080 628 2178 Ego
643 2081 763 2155 Petras
778 2081 823 2156 de
837 2081 965 2174 Vinea,
984 2103 1111 2178 magne
1128 2083 1318 2180 imperialis
1334 2079 1431 2158 curie
1447 2079 1578 2176 judex,
1604 2079 1765 2178 spetialis
1784 2099 1911 2177 procu·

504 2215 595 2280 rator
608 2215 643 2280 et
658 2206 801 2280 nundus
818 2205 950 2281 domini
968 2209 1034 2281 mei
1048 2207 1222 2283 Frederici
1241 2208 1303 2282 Dei
1321 2207 1431 2304 gratia
1448 2205 1666 2281 invictissimi
1682 2206 1912 2280 Romanorum

504 2331 718 2428 imperatoris
727 2353 864 2428 semper
873 2333 1025 2427 augusti,
1038 2333 1226 2408 Jerusalem
1237 2343 1273 2408 et
1283 2333 1399 2408 Sicilie
1413 2333 1518 2428 regis,
1533 2332 1684 2428 presenti
1700 2331 1828 2426 scripto
1839 2350 1912 2426 pro·

504 2455 603 2532 fiteor
614 2455 725 2554 quod,
738 2455 784 2532 de
794 2457 935 2553 speciali
951 2455 1116 2532 mandato
1130 2458 1295 2534 antedicti
1310 2457 1443 2533 domini
1451 2455 1697 2531 meiFrederiei
1708 2465 1743 2529 et
1752 2453 1912 2528 inanima

504 2603 568 2658 saa
581 2582 802 2680 corporaliter
813 2583 955 2680 prestito
970 2593 1197 2678 sacramemc,
1208 2584 1325 2679 juravi
1342 2583 1440 2682 quod
1454 2581 1649 2656 enoedietm
1662 2579 1825 2654 dominus
1841 2579 1912 2652 im-

504 2717 641 2806 perator
659 2704 766 2782 ducet
783 2707 820 2780 iu
837 2729 984 2783 uxorem
1002 2709 1191 2806 legitimam
1209 2706 1389 2785 dominam
1405 2707 1598 2800 imbellem
1608 2725 1760 2780 sororem
1771 2701 1912 2778 blanrie

504 2831 745 2930 regisbngtie,
754 2831 892 2929 etquod
905 2833 1014 2930 ipsam
1028 2833 1065 2907 in
1075 2833 1162 2910 taeie
1174 2834 1327 2910 Ecclesia
1337 2833 1558 2932 solempniter
1569 2839 1605 2906 et
1617 2829 1756 2928 pubbee
1765 2827 1912 2924 despon-

504 2959 594 3034 sebit
611 2967 647 3033 et
659 2958 850 3034 coronabit.
867 2959 917 3033 lie
932 2959 1110 3035 voluntate
1125 2969 1161 3034 et
1179 2959 1319 3056 speciali
1335 2957 1500 3034 mandato
1516 2953 1681 3031 antedicti
1692 2951 1826 3028 domini
1842 2951 1912 3026 im·

505 3083 671 3180 paraturis
682 3083 841 3158 consensi
854 3083 890 3158 in
905 3083 1096 3182 predictam
1106 3083 1282 3159 dominam
1296 3081 1475 3158 &bedam
1489 3103 1553 3179 per
1567 3080 1675 3155 verba
1686 3077 1731 3153 de
1747 3077 1909 3176 presenti,

415 3203 418 3210 ’
504 3217 540 3283 et
556 3217 693 3306 recepto
705 3207 751 3282 ab
759 3209 835 3306 ipsa
848 3209 1003 3284 similiter
1015 3209 1053 3282 in
1064 3209 1341 3306 prenominatam
1353 3229 1471 3284 meum
1483 3206 1665 3283 dominum
1673 3204 1911 3301 imperatorem

505 3355 676 3410 consensu
700 3355 763 3432 per
787 3334 895 3409 verba
921 3333 967 3408 de
990 3335 1157 3432 presenti,
1185 3334 1232 3410 ad
1263 3335 1429 3429 majorem
1455 3333 1560 3410 atium
1584 3331 1911 3408 consummationem

504 3459 711 3534 matrimonii
734 3459 923 3557 supradicti
951 3481 1015 3558 pro
1039 3469 1137 3558 parte
1159 3460 1280 3556 metati
1300 3457 1431 3535 domini
1458 3458 1528 3533 mei
1550 3455 1765 3554 imperaturis
1783 3453 1912 3528 tradidi

505 3584 703 3682 supradicte
719 3583 860 3660 domine
877 3586 1071 3682 sponsionis
1092 3587 1274 3678 annulum,
1290 3595 1325 3660 et
1341 3585 1492 3660 invicem
1514 3583 1629 3681 recepi
1648 3582 1695 3658 ab
1715 3601 1758 3656 ea
1773 3579 1912 3655 nomine

504 3709 718 3804 imperatoris
741 3709 897 3802 ejusdem
923 3711 1090 3784 annulum
1125 3711 1333 3809 sponsionis.
1365 3711 1417 3784 lle
1444 3708 1586 3807 speciali
1613 3707 1717 3782 edam
1747 3703 1912 3780 mandato

502 3833 670 3930 sepedicti
685 3833 818 3909 domini
835 3835 904 3910 mei
919 3836 1134 3933 imperatoris
1150 3835 1279 3912 tradidi
1295 3836 1425 3932 pretate
1442 3833 1582 3908 domina
1596 3831 1738 3907 isabella
1749 3829 1786 3903 ia
1802 3827 1910 3904 doda·

503 3959 593 4032 rium
619 3959 749 4032 Vallem
772 3960 917 4035 Mezada
943 3981 1022 4036 cum
1044 3962 1243 4038 civitatibus
1264 3969 1299 4036 et
1322 3961 1463 4053 castris,
1491 3958 1605 4050 villis,
1630 3956 1731 4030 terris
1751 3953 1855 4030 cultis
1876 3963 1911 4028 et

504 4083 654 4178 incultis,
669 4105 838 4180 aquarum
851 4085 1068 4175 decursibus,
1081 4087 1283 4163 tenementis
1295 4097 1331 4162 st
1340 4083 1687 4178 omnibuejuribuset
1696 4075 1911 4178 pertiuentiis

503 4207 599 4304 eius,
613 4229 747 4282 necnon
763 4217 798 4284 et
808 4208 973 4284 honorem
987 4211 1115 4285 bloutis
1128 4211 1244 4286 Sancti
1260 4209 1388 4307 Angeli
1402 4229 1483 4282 oum
1505 4205 1704 4281 annosus
1718 4211 1754 4278 et
1770 4201 1907 4292 cestris,

504 4332 616 4424 villis,
628 4331 836 4408 terriscmm
848 4345 884 4410 et
895 4335 1046 4429 incultis,
1061 4357 1231 4432 aquarum
1245 4331 1469 4425 decursibus,
1486 4329 1689 4406 manentis
1701 4337 1737 4402 et
1748 4325 1910 4402 omnibus

501 4458 640 4552 juribus
656 4465 691 4531 at
711 4459 926 4554 pertinentiis
940 4463 1036 4556 ejus,
1055 4471 1158 4558 prout
1174 4460 1351 4556 quodlibet
1369 4459 1414 4534 de
1431 4457 1596 4556 predictis
1615 4453 1770 4530 dodariis
1786 4451 1907 4547 regine

502 4582 617 4656 Sicilie
635 4583 768 4678 integre
791 4583 919 4660 babere
936 4595 1202 4660 consueverunt.
1222 4585 1265 4658 Et
1286 4583 1444 4660 eamdem
1469 4580 1645 4659 dominam
1657 4577 1838 4654 lsabetlum
1863 4574 1908 4649 de

507 4705 672 4807 predictis
697 4709 859 4786 omnibus
880 4710 1042 4785 investivi
1068 4733 1131 4808 per
1152 4720 1309 4808 patentes
1329 4709 1522 4806 imperiales
1539 4707 1667 4782 litteras
1690 4723 1797 4778 aurea
1815 4699 1908 4774 balla
