4372 5918
37 589 143 606 ...nn-n

757 575 886 638 esest
911 573 1103 638 SICILIAE.
1595 575 1638 638 ³5

35 747 145 764 --
231 718 368 792 studeat
392 713 490 811 quod
516 710 680 802 intendit3
712 710 778 783 nisi
805 713 891 784 torte
918 713 1039 785 celeris
1062 711 1316 808 protestationis
1345 711 1550 803 necessitas,
1575 719 1637 784 aut

23 909 26 1066 l

23 1158 112 1304 r:-

230 841 324 940 quod
338 842 374 913 in
398 837 586 914 continenti
602 835 683 931 quis
698 833 859 909 advocati
878 836 1048 931 corrigere
1065 837 1149 910 velit
1166 857 1333 928 errorem,
1353 835 1636 933 interruptionem

230 965 386 1056 iuducet,
409 983 490 1035 eum
514 959 632 1032 iulerri
652 957 719 1030 sibi
741 959 972 1054 prejudicium
1002 959 1130 1054 aliquis
1153 980 1200 1034 ex
1225 959 1458 1033 taciturnitate
1485 968 1634 1033 veretur.

230 1092 262 1165 Si
289 1089 370 1184 quis
393 1095 524 1176 autem,
547 1091 731 1180 postquam
757 1093 811 1157 ter
827 1081 906 1184 [per
930 1085 1110 1158 intervalla
1133 1081 1268 1182 aliqua]
1285 1106 1306 1157 a
1326 1084 1444 1178 bajulo
1468 1086 1524 1158 vel
1541 1107 1563 1158 a
1580 1085 1638 1178 ju·

230 1212 306 1287 dice
331 1211 434 1286 luerit
457 1208 672 1301 admonitus,
686 1183 734 1280 'at
749 1229 820 1281 uon
844 1207 988 1281 tacuerit
1007 1185 1075 1306 (a),
1100 1208 1157 1282 vel
1184 1209 1214 1280 si
1239 1209 1284 1282 sit
1302 1208 1428 1305 aliquis
1446 1205 1567 1308 [prout
1582 1231 1639 1282 as-

229 1335 329 1436 solet]
348 1336 458 1431 judici
477 1346 512 1410 et
523 1333 655 1430 judicio
673 1333 848 1428 tediosus,
869 1331 947 1434 [qui
959 1337 1082 1426 munel,
1102 1335 1156 1408 bis
1172 1345 1206 1410 et
1222 1345 1286 1428 ter,
1304 1337 1436 1432 absque
1452 1336 1640 1410 intervallis

230 1459 421 1560 aliquibus]
446 1459 668 1549 interdictus,
689 1468 804 1534 tacere
822 1460 971 1534 noluerit
989 1459 1053 1559 (b);
1073 1461 1102 1534 si
1125 1463 1274 1534 rusticus
1296 1461 1418 1550 luerit,
1441 1483 1551 1534 uuum
1575 1483 1640 1534 au·

31 1591 33 1598 ’
81 1681 84 1690 Ι
102 1613 105 1620 ·
229 1589 414 1684 gustalem;
431 1587 460 1660 si
479 1585 684 1680 burgensis,
702 1584 811 1678 duos;
827 1585 857 1658 si
875 1587 987 1678 miles,
1004 1595 1167 1682 quatuor3
1187 1586 1217 1658 si
1230 1586 1328 1677 baro,
1344 1595 1438 1678 octc;
1461 1586 1491 1660 si
1508 1607 1637 1680 comm,

31 1754 34 1762 ·
61 1739 86 1748 ‘⁴
113 1695 118 1784 fl
230 1711 379 1784 sedecim
403 1711 602 1804 augustales
619 1709 713 1782 curie
730 1718 845 1782 nostre
862 1717 1061 1804 componat;
1080 1710 1219 1782 scituris
1235 1733 1298 1808 pro
1318 1709 1416 1783 lirmo
1430 1710 1641 1805 quibuslibet

55 1819 89 1938 ᾗ
231 1834 433 1908 officialibus
454 1833 600 1926 cosule,
621 1833 717 1928 quod
738 1832 767 1904 si
793 1831 839 1904 ob
861 1833 1004 1924 gratiam
1027 1834 1131 1906 alicui
1157 1854 1281 1931 penam
1310 1834 1410 1908 istam
1433 1833 1637 1926 dimiserint,

87 1940 92 1948 ’
111 1979 115 1986 ·
232 1980 292 2033 nos
306 1957 352 2033 de
368 1957 470 2034 bouis
481 1957 555 2030 suis
577 1956 723 2054 propriis
737 1956 845 2054 ipsam
861 1957 992 2052 integre
1006 1959 1125 2053 procul
1146 1957 1254 2033 dubio
1269 1980 1528 2056 prosequemur.

590 2226 793 2300 TITULUS
817 2227 987 2300 XXXVI.
1013 2229 1085 2300 ΛΗ
1110 2226 1198 2322 (38)
1223 2226 1280 2323 ().

673 2379 722 2450 lte
736 2378 926 2474 officialibus
944 2379 1120 2474 reipublice
1134 2378 1194 2476 (d).

787 2549 861 2598 aux
885 2549 1085 2602 sessurus.

281 2677 450 2752 Officialcs
465 2675 655 2774 reipublice
676 2676 732 2749 vel
746 2675 888 2770 judices
905 2679 966 2774 qui
983 2687 1136 2776 tempore
1153 2677 1460 2752 administrationis
1476 2678 1642 2775 pecunias

33 2801 37 2810 '
85 2833 110 2862 κ
153 2801 157 2808 ’
234 2803 391 2900 publicas
423 2803 678 2892 subtraxerint,
712 2801 858 2876 obnoxii
887 2803 955 2875 sint
988 2803 1132 2876 crimine
1160 2804 1340 2901 peculatus
1366 2825 1407 2876 ac
1434 2802 1546 2899 capite
1572 2826 1641 2898 pu-

235 2929 383 3021 niantur,
404 2927 471 3001 nisi
489 2927 540 3001 eis
557 2926 652 3022 regia
665 2927 793 3022 pietate
811 2925 1059 3026 indulgeatur(
1077 2927 1105 3026 ).

803 3159 868 3230 az
892 3153 982 3256 (er)
1007 3156 1069 3253 (r.

828 3332 925 3380 nn
957 3332 1041 3382 sax.

278 3461 442 3535 Officiulie
463 3460 525 3557 qui
548 3480 612 3534 sua
635 3459 846 3556 negligentia
869 3460 960 3534 bona
981 3459 1119 3557 publica
1138 3457 1292 3554 deperire
1308 3459 1362 3532 vel
1382 3461 1490 3533 minui
1515 3463 1640 3558 permi-

272 3637 315 3718 (α)
336 3639 380 3700 Et
392 3653 452 3698 nou
465 3637 587 3700 uacet
598 3635 736 3700 eddlmns
749 3654 767 3698 c
778 3653 892 3716 graeco.

272 3744 313 3827 (d)
335 3747 371 3808 ln
385 3761 490 3824 macco
501 3761 510 3804 a
521 3745 548 3806 ri
560 3745 625 3826 quir
636 3751 735 3806 cutm
742 3749 898 3825 postquam
913 3751 957 3805 ter
967 3763 988 3805 a
1001 3740 1151 3826 bajulocel
1160 3741 1286 3826 ujudice
1296 3741 1355 3828 [rit]
1366 3741 1540 3821 admonitae,
1548 3751 1643 3810 waere

235 3849 425 3929 eaerum
436 3853 606 3935 plicamque
617 3849 695 3914 clun
706 3853 746 3914 rit
757 3851 911 3935 injudicio
923 3859 952 3916 et
957 3851 1055 3936 judici
1068 3851 1208 3916 ιαιάἰωω
1220 3859 1249 3915 et
1260 3849 1494 3914 udmmituruou
1508 3855 1641 3918 uuae.

234 3961 362 4022 Plurima
375 3961 426 4022 blo
437 3962 470 4020 ln
483 3960 573 4022 latino
586 3960 782 4022 lulerduutur
794 3977 871 4040 quae
884 3961 992 4023 desum
1004 3963 1036 4021 lu
1051 3977 1165 4040 mero.
1180 3961 1228 4022 Ad
1240 3977 1326 4022 casus
1342 3966 1441 4022 nmen
1454 3961 1641 4043 dlstlnguen·

235 4066 285 4130 dos
295 4067 517 4130 luterrallorum
529 4068 634 4128 ncdtla
646 4083 707 4128 non
720 4066 833 4128 abmna
845 4067 892 4128 llt.

273 4173 310 4254 (c)
335 4177 476 4240 Nostrum
489 4175 623 4238 ordlnem
636 4192 675 4237 ex
688 4175 789 4236 codlce
807 4175 902 4237 latino
916 4184 994 4237 aeae
1008 4181 1039 4236 et
1051 4192 1088 4236 ex
1103 4191 1206 4254 graeco
1218 4177 1381 4254 sequimur,
1396 4180 1483 4238 novls
1496 4179 1640 4240 consdtu·

233 4283 360 4344 mnibus
372 4283 411 4344 ad
425 4289 542 4360 empus
553 4285 681 4359 omissis,
695 4283 824 4362 generali
837 4290 937 4344 emen
949 4299 1072 4342 numero
1087 4280 1227 4344 adlidere
1240 4283 1402 4344 millenum
1415 4289 1543 4346 mrvatc.

272 4386 316 4469 (d)
337 4389 447 4451 Graece
460 4407 469 4450 ε
481 4389 524 4450 ea
531 4406 628 4470 poeste
640 4387 809 4470 officialium
821 4387 1042 4470 subripientium
1054 4385 1169 4469 aliquid
1180 4386 1214 4448 de
1225 4385 1346 4468 publicis
1357 4389 1451 4452 redut.

273 4493 311 4576 (ι)
336 4497 373 4557 ln
386 4496 452 4558 cod.
468 4505 546 4558 teas
562 4515 571 4553 ι
586 4498 797 4578 adempturus
806 4498 882 4580 repis
892 4494 1060 4566 indulserit,
1078 4497 1159 4575 quod
1171 4502 1289 4575 propius
1303 4515 1408 4578 graeco
1420 4498 1545 4561 accedit.

273 4599 322 4682 U)
337 4604 373 4665 ln
388 4620 492 4682 graeco
509 4609 593 4666 mla
604 4606 678 4666 alter
695 4606 744 4668 blo
756 4608 862 4668 titulus
873 4623 942 4667 oum
957 4607 1012 4666 bac
1026 4606 1145 4666 rubrica
1161 4622 1168 4662 :
1185 4605 1227 4665 Ite
1236 4623 1330 4685 poena
1343 4604 1509 4686 denudum
1521 4609 1573 4690 qui
1584 4626 1635 4670 aa·

238 4705 349 4791 qlipuut
360 4727 407 4771 rer
414 4709 546 4790 publium
551 4756 561 4788 ‚
576 4715 703 4792 priorem
714 4715 798 4778 ledul
810 4717 889 4778 tltull
902 4723 1015 4794 purtem
1029 4715 1185 4777 antecedit.
