4308 5910
754 601 878 663 nsunt
902 601 1088 664 slclllau.

683 877 883 950 rrronus
910 877 981 947 nv.
1009 878 1073 946 nn
1099 871 1189 968 (st).

540 1055 589 1128 Da
610 1057 811 1128 uttiotulibus
836 1058 871 1127 io
889 1058 1026 1150 pascuis
1048 1053 1226 1150 uffidoodis
1245 1049 1306 1146 lo).

783 1257 874 1306 luunt
905 1257 976 1306 m
1003 1233 1062 1328 p).

263 1407 351 1482 Cum
364 1432 427 1505 per
442 1422 556 1508 partes
568 1411 694 1508 Apulia
712 1413 855 1486 feliciter
870 1411 1106 1502 transiremus,
1124 1411 1317 1484 eommunis
1332 1409 1487 1504 undique
1501 1409 1629 1482 clamor

214 1544 249 1605 et
269 1535 490 1628 querimonia
511 1537 685 1632 proposita
708 1547 760 1610 est
782 1537 976 1610 eelsitudini
1004 1546 1138 1628 nostre,
1157 1535 1319 1610 videlicet
1343 1533 1438 1629 qnod
1462 1535 1628 1607 forestarii

214 1658 440 1748 gravissimas
461 1659 635 1734 molestias
652 1671 688 1733 et
704 1661 831 1752 injusta
849 1662 1052 1756 gravamina
1072 1661 1221 1756 plurima
1242 1660 1446 1754 generaliter
1467 1659 1627 1732 omnibus

213 1781 412 1886 inferebant
428 1794 463 1857 et
484 1784 591 1857 variis
611 1807 653 1857 ao
675 1784 823 1860 diversis
844 1785 1084 1858 exactionibus
1101 1795 1205 1858 totam
1231 1795 1354 1858 terram
1373 1784 1627 1856 intolerabiliter

212 1907 471 2002 opprimebant.
496 1907 656 1982 Volentes
680 1909 786 2004 igitur
814 1907 1011 2003 hujusmodi
1037 1908 1204 1982 maleficia
1236 1909 1404 2002 oorrigera
1433 1918 1467 1980 et
1491 1909 1626 2002 subjec-

212 2039 329 2102 torum
344 2032 423 2128 paci
436 2054 478 2106 aa
492 2033 726 2128 tranquillitati
744 2033 1010 2107 misericorditer
1031 2033 1227 2130 providere,
1246 2031 1292 2105 ad
1309 2031 1533 2104 coercendam
1553 2055 1626 2104 ma-

212 2153 323 2226 litiam
338 2164 373 2227 at
389 2156 604 2252 iniquitatem
620 2178 741 2231 eorum
755 2157 938 2230 statuimus
956 2154 1062 2255 [siout
1083 2157 1225 2230 inlerius
1245 2155 1481 2230 annotandum
1497 2167 1549 2228 est
1562 2154 1625 2256 (c)]

211 2277 380 2354 uidelicet
394 2289 433 2352 ut
451 2279 488 2352 in
504 2303 714 2377 unaquaque
727 2291 894 2374 nontrata,
915 2291 984 2354 tam
1007 2283 1043 2354 in
1060 2283 1158 2355 terris
1175 2281 1326 2354 demanii
1342 2281 1448 2352 nostrl
1470 2303 1574 2375 quam
1591 2281 1625 2352 in

211 2404 314 2474 terris
331 2406 493 2477 comitum
511 2415 545 2478 et
558 2405 727 2480 baronum
742 2409 831 2480 ultra
847 2428 953 2501 quam
975 2415 1124 2501 quatuor
1143 2405 1308 2478 lorostarii
1325 2425 1393 2476 non
1418 2413 1622 2494 statuantur,

210 2527 344 2620 quibus
359 2551 428 2601 nou
447 2530 547 2602 lioeat
566 2531 728 2604 animalia
748 2531 960 2626 aliquorum,
985 2530 1075 2602 siout
1089 2530 1274 2616 hactenus,
1293 2529 1418 2624 injuste
1431 2531 1487 2602 vel
1504 2551 1626 2624 capere

211 2651 268 2723 vel
293 2661 451 2726 tractare.
477 2653 546 2730 Sed
566 2656 597 2728 si
620 2675 705 2728 oves
729 2657 785 2727 vel
806 2655 874 2728 alia
895 2655 1058 2727 animalia
1078 2655 1223 2748 alicujus
1249 2653 1294 2728 de
1316 2676 1386 2728 una
1412 2663 1564 2728 contrata
1590 2655 1624 2726 iu

210 2776 318 2848 aliam
335 2777 440 2850 dueta
459 2779 584 2852 luerint
616 2779 651 2850 in
679 2779 844 2868 transitu,
869 2779 898 2850 si
923 2801 993 2850 una
1019 2779 1076 2851 die
1097 2789 1230 2851 tuntum
1246 2779 1301 2851 vel
1319 2801 1389 2850 una
1410 2789 1508 2850 noete
1523 2775 1575 2875 (d)
1593 2791 1627 2852 et

211 2921 283 2973 nun
299 2901 389 2973 nltra
406 2902 441 2973 in
461 2913 551 2975 terra
575 2903 722 2996 alicujus
746 2925 874 3000 pascua
894 2904 1122 2997 sumpserint,
1143 2924 1211 2976 non
1232 2903 1331 2976 lineat
1353 2902 1493 2975 domino
1517 2903 1626 2998 ipsius

210 3033 302 3096 terre
332 3023 388 3097 vel
415 3025 535 3118 bajulo
563 3028 638 3120 ejus
666 3025 809 3120 aliquod
831 3023 912 3099 inde
941 3026 1097 3122 accipere
1115 3025 1177 3122 (e),
1199 3025 1260 3100 sed
1287 3025 1363 3098 sine
1380 3025 1626 3122 impedimento

209 3149 267 3220 vel
290 3149 430 3222 datione
446 3149 562 3245 aliqua
577 3149 737 3224 animalia
756 3149 831 3246 ipsa
845 3151 991 3224 dimittet
1008 3152 1164 3224 transire.
1184 3151 1218 3223 Si
1240 3172 1323 3224 vero
1338 3151 1496 3224 animalia
1515 3152 1627 3225 alicu-

206 3271 268 3362 jus
294 3273 330 3344 in
353 3283 442 3347 terra
459 3275 599 3348 alterius
621 3275 760 3370 longea
782 3285 933 3348 contrata
950 3298 1014 3348 sna
1030 3297 1092 3370 per
1106 3275 1233 3347 dietam
1252 3297 1358 3348 unam
1380 3277 1434 3347 vul
1458 3275 1548 3349 duas
1569 3277 1627 3348 in-

208 3405 317 3470 venta
331 3397 469 3491 inerint,
485 3399 515 3471 si
531 3399 673 3496 qnidam
689 3399 866 3472 laboribus
881 3399 937 3471 vel
953 3399 1122 3472 fructibus
1138 3400 1302 3473 damnum
1318 3399 1507 3482 intulerint,
1523 3403 1625 3494 juxta

209 3521 460 3596 estimationem
486 3525 671 3620 proborum
697 3523 876 3597 hominum
902 3523 1064 3596 dominus
1088 3523 1288 3596 animalium
1311 3522 1451 3597 domino
1471 3525 1626 3600 laborum

210 3645 269 3718 vel
289 3645 464 3720 fructuum
480 3649 645 3740 damnum
667 3648 824 3722 restituat
840 3656 874 3721 et
896 3647 932 3718 in
949 3649 1043 3720 nullo
1066 3648 1133 3721 alio
1157 3657 1325 3722 teneatur.
1347 3647 1526 3744 Siquidem
1550 3651 1626 3724 ani·

210 3769 316 3842 malia
336 3769 478 3846 inventa
494 3773 621 3846 luerint
641 3793 711 3845 non
734 3772 913 3844 inferentia
936 3770 1122 3863 damnum,
1142 3773 1207 3845 sad
1223 3775 1416 3868 pascentia,
1436 3783 1470 3846 et
1487 3775 1628 3848 inventa

169 3955 174 3963 .
211 3895 337 3967 luerint
358 3917 438 3968 oum
463 3908 599 3993 pastore
616 3907 651 3971 at
671 3896 813 3970 custode
830 3918 966 3988 eornm;
989 3897 1017 3969 si
1045 3896 1206 3969 dominus
1229 3907 1317 3970 terre
1340 3896 1376 3969 in
1394 3919 1464 3992 qua
1485 3899 1625 3971 inventa

210 4019 351 4110 luerint,
371 4019 521 4095 voluerit
537 4021 588 4095 eis
608 4043 736 4118 pascua
758 4021 794 4092 in
813 4029 902 4094 terra
924 4041 987 4092 sus
1012 4021 1046 4092 in
1069 4031 1171 4094 antea
1192 4021 1398 4112 concedere,
1416 4023 1562 4118 accipiat
1581 4027 1626 4096 ab

252 4197 294 4278 (a)
317 4199 428 4262 (inm
441 4201 576 4276 brevius,
591 4203 644 4264 flod
657 4205 756 4264 mlllua
768 4210 845 4264 reate
860 4222 868 4262 ε
886 4203 953 4284 Περὶ
972 4200 1172 4286 ἀγροφυλᾶκων,
1187 4201 1406 4282 Desoruletit't.

252 4303 295 4385 (b)
317 4304 366 4366 Slo
384 4323 422 4368 ax
435 4308 502 4370 oud.
521 4317 611 4381 ⁴8²⁵,
628 4309 697 4370 lloat
719 4311 799 4387 apud
821 4311 985 4372 sumnum
1008 4328 1085 4370 rnna
1105 4327 1190 4382 nuo,
1206 4311 1260 4371 sed
1279 4311 1367 4371 male.
1386 4313 1461 4372 Num
1484 4329 1521 4374 rx
1541 4312 1626 4373 tltnlo

210 4411 293 4476 Lvll
305 4413 371 4476 lnoa
381 4414 492 4476 alnrlua
505 4421 629 4494 apparat
641 4416 719 4478 bano
731 4421 969 4480 oonslltullonom
984 4435 1002 4480 a
1015 4419 1173 4480 (lulllalmo
1188 4433 1257 4495 rega
1269 4433 1432 4479 emanasse.

252 4518 289 4598 (c)
316 4519 367 4582 Slo
380 4521 572 4584 emendamus
584 4538 622 4583 ex
635 4523 702 4586 ond.
716 4531 806 4592 46²5,
816 4527 881 4586 vloe
893 4517 966 4586 sicut
978 4526 1109 4604 superinos
1120 4532 1293 4586 aduolutum
1308 4533 1356 4585 cst.

253 4623 297 4704 (d)
317 4625 429 4688 Gnoso
441 4625 616 4710 νυχθήμερον,
629 4629 691 4690 soll.
708 4647 769 4690 auu
780 4628 827 4690 dle
839 4637 866 4690 et
879 4649 941 4692 uua
954 4639 1044 4691 nocte.

256 4729 294 4811 (e)
319 4733 367 4796 Sle
380 4749 498 4814 quoque
512 4735 544 4794 ln
557 4749 673 4814 masao,
685 4737 736 4798 sed
751 4739 782 4796 ln
796 4737 861 4798 oud.
877 4747 954 4798 luas
966 4754 1077 4816 cupere.
