4360 5908
483 607 544 672 282
985 609 1200 674 rnroenrct
1228 607 1423 676 secerni
1709 615 1790 696 [dtr.
1810 615 1897 680 1231.

532 716 677 811 Signum
695 717 828 812 domini
845 719 1010 796 Friderici
1027 721 1243 802 invictissimi
1260 719 1474 823 imperatoris
1489 717 1577 818 (cic).

529 843 761 939 Datnmapud
775 844 988 948 Ravennam,
1005 869 1098 936 anno
1111 846 1285 946 dominice
1299 844 1542 927 incarnationis
1555 845 1767 943 MCCXXXI,
1779 871 1897 927 mense

373 1041 388 1069 ,
482 966 671 1058 decembri,
690 969 721 1042 V
737 969 949 1044 indictionis.

290 1622 431 1682 mmsis
531 1623 769 1735 Fridericns,
785 1671 790 1678 ·
808 1605 1070 1712 Romanorum
1105 1629 1330 1738 imperator,
1350 1627 1614 1739 ''burgensibus
1650 1626 1699 1712 de
1734 1625 1891 1739 bugsiio

477 1760 636 1890 mandat
652 1771 696 1844 ιι
712 1761 968 1846 obedientiam
994 1789 1111 1874 quam
1138 1762 1278 1847 debent
1304 1761 1444 1848 Ubertn·
1468 1763 1642 1847 Cumano
1663 1761 1838 1874 episeopo
1855 1773 1892 1845 et

477 1893 655 1978 ecclesiae
672 1894 756 2006 ejus
773 1921 851 1980 nou
871 1895 1036 2006 amplius
1053 1897 1242 2007 denegare
1259 1907 1518 2006 praesumant.

557 2137 653 2212 (Edit.
674 2153 723 2216 ep.
747 2139 864 2214 Τιιιι,
886 2135 966 2222 1¹ch
983 2135 1084 2200 conat
1100 2155 1175 2201 sacr.
1191 2135 1269 2200 della
1280 2139 1352 2202 citto
1364 2137 1397 2200 di
1411 2138 1508 2213 Gom,
1523 2139 1627 2202 decuti.
1644 2139 1692 2213 11,
1709 2155 1741 2217 p.
1756 2145 1835 2217 eto,
1850 2153 1887 2198 ex

594 2251 656 2306 vet.
671 2243 766 2308 tebni.
782 2247 911 2326 episcop
926 2246 1365 2328 commemoratumque
1386 2247 1716 2326 andernensem
1737 2243 1770 2308 di
1788 2245 1886 2320 domo,

592 2358 616 2414 t.
631 2351 678 2427 11,
692 2370 724 2432 p.
740 2356 824 2430 ιιι.)

521 2567 717 2644 Fridericus
746 2569 809 2643 Dei
836 2569 946 2664 grstia
973 2571 1204 2681 Romanorum
1234 2559 1418 2666 imperator
1443 2566 1700 2666 augustus(i‚)
1730 2569 1886 2664 burgen-

471 2694 571 2768 sibus
585 2694 631 2768 de
647 2697 789 2792 Lugano
807 2685 952 2790 giatimu
970 2672 1070 2768 suem
1086 2705 1121 2769 et
1138 2693 1267 2806 bonam
1282 2695 1508 2782 voluntatem,
1529 2693 1767 2828 Significatum
1784 2693 1885 2768 uobis

471 2829 523 2896 eet
540 2842 602 2917 per
619 2821 906 2954 supplicationem
930 2819 1047 2896 Uberti
1074 2819 1191 2894 dilecti
1217 2793 1326 2896 nostri
1347 2817 1492 2895 Cumani
1518 2812 1690 2950 episcopi,
1707 2810 1804 2916 quod
1822 2839 1885 2893 vos

471 2957 664 3043 respectum
682 2956 718 3024 ot
733 2932 966 3020 obedientiam
983 2930 1091 3059 quarn
1109 2969 1142 3019 er
1132 2915 1293 3020 debetis
1309 2955 1344 3050 et
1359 2943 1504 3021 ecclesie
1521 2922 1674 3026 ,Cu'mane
1688 2943 1881 3040 denegatis,

470 3092 550 3144 cum
574 3081 690 3147 tamen
712 3071 860 3146 dubium
881 3093 951 3145 non
973 3072 1017 3144 sit
1035 3093 1101 3145 nec
1121 3093 1198 3146 esee
1221 3071 1328 3167 possit
1350 3071 1437 3166 quin
1456 3091 1521 3144 vos
1540 3080 1576 3144 et
1593 3071 1689 3144 locus
1706 3078 1821 3144 vester
1837 3067 1883 3144 nd

470 3195 664 3270 districtum
680 3205 716 3270 et
732 3196 897 3272 honorem
921 3184 1074 3270 Cumana
1095 3199 1265 3296 pertineat
1285 3197 1442 3272 ecclesie.
1461 3195 1636 3284 Quoniam
1655 3195 1761 3291 igitur
1783 3195 1884 3268 nobis

468 3321 572 3395 etiam
588 3331 707 3396 uotum
726 3331 778 3395 est
795 3343 859 3395 vos
875 3331 911 3396 et
927 3322 1042 3396 locum
1059 3330 1214 3394 vestrum
1232 3319 1299 3418 ipsi
1317 3321 1463 3394 ecclesie
1476 3320 1651 3415 subjectos
1667 3340 1757 3412 esse,
1777 3340 1883 3392 mnn-

469 3446 595 3522 damus
616 3447 716 3521 vobis
736 3455 771 3520 et
793 3442 993 3522 mundando
1012 3446 1222 3545 precipimus
1238 3457 1412 3542 quatenus
1435 3445 1502 3544 ipsi
1524 3444 1650 3520 diiecto
1671 3455 1788 3519 nostro
1807 3443 1882 3518 Cu-

468 3595 573 3648 mano
593 3573 758 3670 episcopo
787 3572 940 3647 debitam
969 3593 1031 3668 per
1059 3572 1183 3678 omnia
1202 3569 1436 3671 obedientiam
1462 3570 1668 3648 exhibeatis.
1694 3570 1763 3645 Nos
1787 3571 1880 3648 enim

468 3699 636 3774 sustinere
651 3720 716 3771 nec
734 3696 903 3771 debemus
920 3717 983 3770 uec
999 3697 1160 3771 volumus
1177 3706 1347 3799 utcontra
1359 3695 1552 3790 justiciam,
1573 3697 1739 3771 rationem
1757 3706 1793 3770 et
1809 3695 1880 3769 bo-

468 3847 588 3900 norem
606 3823 752 3899 eeclesie
772 3822 924 3896 Cumnne
938 3821 1088 3896 veniatis
1103 3821 1167 3920 (a),
1187 3823 1358 3928 ceruicem
1376 3831 1572 3922 protervum
1587 3831 1705 3896 contra
1722 3819 1878 3916 ejusdem

510 4031 553 4115 (ι)
574 4033 610 4096 n
623 4031 698 4094 rnre
711 4031 967 4109 coacense
1012 4051 1016 4068 ·

502 4379 536 4455 (4)
554 4379 637 4436 Deest
646 4379 741 4436 tibulus
752 4376 827 4451 regni
838 4377 986 4436 Jerusalem
1000 4383 1028 4434 et
1040 4375 1251 4448 Siciliaeouum
1262 4391 1327 4434 roro
1337 4374 1475 4445 Cumanus
1487 4372 1631 4448 episeopus
1641 4369 1713 4430 ciere
1726 4369 1878 4430 nominetur

468 4477 594 4549 diuite,
608 4491 662 4534 non
683 4476 780 4549 conjici
795 4481 884 4550 potest
897 4475 969 4550 quod
982 4475 1016 4537 ed
1036 4475 1200 4534 Fridericum
1211 4475 1328 4550 primum
1339 4474 1407 4532 istue
1420 4473 1525 4530 litterae
1536 4470 1630 4528 referri
1640 4467 1876 4529 debeantcouve·

464 4577 543 4634 ninnt
555 4593 617 4634 eum
625 4575 751 4633 mandato
760 4573 866 4632 Hendei
877 4575 960 4645 sexti,
975 4571 1038 4631 dato
1051 4577 1131 4644 4494,
1146 4573 1183 4631 id.
1198 4573 1279 4648 julii,
1293 4569 1384 4631 indict.
1399 4573 1444 4644 X;
1458 4573 1641 4628 memorentur
1654 4566 1735 4624 etiem
1749 4568 1777 4624 in
1790 4565 1877 4642 priri-¹

463 4677 532 4750 legio
545 4673 652 4733 flemici
667 4675 701 4732 de
714 4673 912 4747 Luxemburgo‚
927 4671 974 4729 nbi
987 4677 1075 4731 tamen
1088 4687 1141 4731 non
1152 4671 1248 4731 dicitnr
1258 4675 1351 4732 ιιιιιιι
1364 4687 1416 4730 ιιι
1427 4685 1463 4730 an
1475 4667 1567 4745 nepoti
1579 4665 1737 4726 tribuendae
1751 4665 1815 4725 sint.
1832 4663 1873 4724 ci.

462 4777 605 4847 Ucunrnr,
619 4771 686 4830 itui·
700 4787 783 4844 socr„
797 4772 832 4842 44,
845 4772 898 4828 3οι
909 4773 937 4827 ιι
951 4773 1013 4828 ιιι.
