4288 5912
345 1081 499 1182 ‚mn

359 4547 510 4652 ,ἷῒέιὶῗι

1037 531 1255 598 rotome!
1278 531 1449 596 stertunt
1762 535 1847 616 [dn.
1865 535 1950 601 12³2

760 817 1736 832 mun-nom

593 1075 826 1186 Fridcricns,
845 1077 1105 1163 Romanorum
1123 1077 1346 1188 imperator,
1364 1079 1563 1185 Paduano,
1583 1077 1782 1162 Vieentino
1798 1089 1837 1162 et
1858 1077 1956 1160 Tar-

539 1210 661 1296 visino
679 1209 867 1322 episcopis
892 1211 1061 1296 notificat
1087 1238 1128 1295 se
1157 1211 1376 1296 Eccelinum
1408 1221 1446 1295 ct
1473 1211 1691 1295 Albericum
1717 1211 1766 1296 de
1783 1209 1955 1296 llomano

540 1344 614 1429 sub
632 1371 702 1428 sua
720 1343 872 1456 speciali
890 1345 1121 1456 protectione
1138 1344 1347 1456 recepisse,
1366 1355 1405 1428 ct
1420 1345 1581 1428 mandat
1597 1345 1652 1427 eis
1673 1355 1716 1428 ut
1737 1342 1956 1427 solemniter

540 1477 779 1592 privilegium
798 1477 993 1590 publicare
1010 1477 1173 1564 debeant
1184 1490 1222 1562 et
1236 1477 1286 1563 ab
1303 1477 1483 1564 omnibns
1500 1477 1694 1562 observari
1705 1477 1951 1590 praecipiant.

619 1695 758 1778 (Edlder.
781 1697 856 1761 (im.
879 1697 1054 1760 mmmm
1074 1715 1125 1778 ap.
1148 1699 1331 1781 ldmona„
1345 1697 1503 1781 Scripta..
1517 1705 1542 1763 t.
1556 1698 1647 1773 vm,
1661 1715 1693 1778 p.
1710 1705 1760 1760 ιε.
1774 1729 1817 1744 -
1827 1697 1951 1772 Lama,

661 1803 732 1870 dod.
758 1802 825 1868 nat
849 1801 980 1886 diplom..
1002 1812 1027 1870 t.
1054 1805 1105 1884 11,
1126 1821 1158 1886 p.
1182 1813 1254 1870 teo.
1272 1839 1314 1854 -
1333 1805 1452 1888 Vmor,
1474 1805 1556 1870 Stov.
1579 1802 1658 1888 decb
1677 1801 1817 1878 nm,
1839 1809 1865 1866 t.
1887 1803 1953 1879 111,

659 1922 695 1974 n·
712 1911 862 1994 cxxlx.)

588 2097 772 2175 Federicns
785 2101 848 2175 Dei
870 2101 978 2198 gratia
1001 2103 1232 2175 ltomanomm
1256 2101 1443 2198 imperator
1464 2123 1601 2198 semper
1623 2109 1810 2196 angustus,
1834 2099 1955 2174 lliern·

541 2225 647 2298 salem
667 2235 702 2298 et
716 2225 831 2299 Sicilie
846 2247 931 2318 rex,
952 2225 1210 2301 venerabilibus
1228 2225 1412 2316 Puduano,
1434 2225 1615 2300 vicentino
1630 2236 1664 2300 et
1679 2225 1859 2300 Tarvisino
1880 2224 1957 2322 epi·

543 2351 669 2447 scopis,
686 2350 846 2426 fidelibus
861 2353 948 2446 suis,
967 2354 1112 2450 gratiam
1123 2374 1222 2427 snam
1238 2361 1274 2426 et
1289 2351 1415 2426 bonam
1428 2353 1655 2426 voluntatem.
1671 2351 1797 2424 Notum
1811 2349 1956 2423 facimm

542 2473 699 2551 fidelitati
714 2485 829 2552 vestre
845 2477 940 2573 qnod
958 2499 1037 2550 cnm
1053 2487 1216 2574 expertos
1238 2475 1357 2552 fideles
1375 2487 1509 2550 nostros
1526 2471 1724 2549 Eooelinnm
1745 2475 1790 2549 de
1802 2475 1956 2548 Romano

542 2611 578 2676 et
595 2599 792 2676 Albericum
816 2603 953 2678 fratrem
975 2605 1051 2700 ejus
1070 2604 1138 2678 snb
1160 2615 1277 2678 nostra
1297 2613 1333 2678 et
1355 2601 1492 2702 imperii
1514 2597 1742 2702 [defensione]
1764 2599 1957 2697 recepimus

544 2727 684 2824 speciali
697 2749 777 2801 cum
793 2727 954 2802 omnibns
973 2727 1074 2802 bonis
1091 2729 1183 2822 sois,
1208 2727 1299 2802 sicut
1314 2727 1350 2800 in
1370 2727 1507 2801 indulte
1529 2727 1596 2800 sibi
1610 2723 1830 2824 protectionis
1842 2723 1958 2820 privi-

544 2851 636 2949 legio
649 2854 859 2946 continetur,
879 2855 1034 2928 volentes
1046 2853 1143 2950 qnod
1158 2855 1276 2928 nultus
1289 2857 1325 2926 in
1339 2853 1427 2952 ipsis
1439 2853 1596 2951 partibus
1608 2873 1647 2928 se
1662 2851 1775 2926 valeat
1789 2870 1850 2948 per
1862 2849 1958 2942 igno

545 2979 692 3053 rentiam
716 3001 906 3071 excusare,
932 2977 1089 3054 fidelitati
1111 2991 1224 3054 vestre
1248 2975 1390 3052 firmiter
1410 2979 1634 3076 precipiendo
1656 2973 1864 3052 mandamns
1889 2973 1958 3046 snb

547 3103 664 3178 debito
687 3103 770 3178 fidei
790 3114 824 3178 et
843 3105 1032 3200 juramenti
1054 3105 1154 3178 nobis
1179 3115 1213 3178 et
1239 3105 1383 3200 imperio
1403 3105 1535 3200 prestiti
1554 3105 1774 3199 injungentes
1785 3107 1957 3196 qnatenus

547 3230 788 3326 unusquisqne
809 3241 962 3305 vestrum
987 3231 1208 3329 privilegium
1231 3229 1452 3328 protectionis
1467 3227 1634 3322 'ejusdem
1657 3227 1811 3301 debeatis
1832 3226 1958 3298 solem·

547 3357 637 3431 niter
649 3355 836 3453 publicare,
853 3367 888 3430 et
902 3357 1104 3430 auctoritate
1119 3365 1236 3430 nostm
1252 3355 1384 3428 cnnctie
1400 3353 1598 3452 precipiatis
1610 3352 1655 3426 ab
1667 3349 1957 3426 omnibnsobser·

548 3482 642 3575 veri,
669 3481 913 3558 denuntiantes
928 3483 1236 3578 transgressoribus
1255 3479 1352 3578 qood
1375 3501 1500 3578 penem
1519 3480 1555 3551 in
1568 3477 1750 3576 privilegio
1763 3485 1957 3550 contentam

549 3629 619 3680 non
645 3605 807 3681 evadent.
834 3605 950 3704 lpenm
974 3629 1058 3680 vero
1079 3606 1299 3704 privilegium
1319 3605 1366 3680 ad
1388 3626 1477 3703 opus
1497 3601 1728 3702 predictorum
1748 3599 1902 3674 fidelium
1923 3607 1958 3671 et

549 3731 692 3828 insuper
706 3741 880 3829 presentes
894 3731 1021 3805 litterae
1034 3729 1254 3826 resignabitis
1271 3729 1443 3828 portitori,
1464 3738 1505 3801 ut
1522 3725 1727 3802 industriam
1743 3725 1956 3822 singulorum

548 3859 722 3955 possimus
734 3856 863 3930 exinde
876 3855 1130 3930 commendare.

596 3983 720 4055 Datum
737 3981 896 4077 Precine,
918 3983 1016 4058 tertio
1032 3980 1244 4075 decembris,
1269 3991 1369 4055 sexte
1382 3971 1581 4053 indictione.

604 4521 837 4630 Friderious,
857 4521 1118 4607 Romanorum
1135 4522 1356 4634 imperator,
1368 4518 1549 4632 Gregorio
1566 4540 1687 4628 papae
1704 4513 1753 4597 de
1765 4509 1960 4596 individua

551 4655 693 4741 unione
720 4655 917 4742 sacerdotii
943 4667 981 4743 et
1006 4655 1154 4767 imperii
1181 4655 1330 4765 scribit,
1351 4655 1516 4740 suadens
1533 4647 1818 4738 otcommissos
1836 4643 1960 4732 sibiet
