4360 5908
219 579 317 640 lenton
334 575 376 662 b]
671 576 868 640 HISTORIA
895 573 1188 638 ntetottttrlctt.
1575 577 1637 641 319

218 719 379 818 patruus
398 735 492 796 suus
509 709 633 794 eidem
651 708 830 818 hospitali
852 710 892 792 in
909 708 1149 814 lirisseuioh‚
1171 707 1356 816 Carpenal
1375 719 1412 792 et
1429 709 1521 793 olibi
1539 737 1636 796 oon-

217 843 318 928 tulit.

300 1041 427 1126 (laedit.
447 1061 487 1107 ex
508 1046 643 1126 originali
657 1048 689 1108 in
701 1047 823 1130 archtro
846 1046 1004 1128 stuttgart.
1019 1047 1133 1110 Pendet
1150 1047 1346 1128 fragmentum
1367 1048 1457 1128 sigilli
1478 1051 1555 1112 cerei
1576 1050 1635 1113 ntis

340 1153 520 1214 amuranttnl
532 1158 563 1215 et
576 1151 647 1214 dari
660 1151 790 1231 coloris.)

268 1327 307 1400 ln
327 1330 468 1404 nomine
490 1339 611 1406 sancte
623 1339 658 1406 et
674 1331 857 1406 individue
873 1330 1058 1404 Trinitatis.
1078 1329 1180 1404 Anno
1193 1331 1239 1404 ab
1253 1333 1487 1406 incarnatione
1500 1335 1637 1408 Domini

219 1449 400 1528 millesimo
411 1453 649 1530 ducentesimo
661 1455 833 1530 tricesimo
844 1454 1013 1545 meando,
1027 1475 1146 1528 mense
1157 1455 1282 1550 martii,
1298 1455 1488 1530 indictione
1497 1457 1638 1552 quinta,

221 1577 412 1675 imperante
429 1579 571 1656 dominc
589 1579 763 1654 Friderico
786 1580 1010 1654 invictissimo
1032 1583 1262 1654 Romanorum
1277 1581 1482 1678 imperatore
1500 1605 1636 1680 semper

220 1711 385 1798 auprsto,
407 1705 596 1778 Jerusalem
617 1713 652 1778 et
669 1703 784 1778 Sicilie
802 1725 885 1798 rege
902 1704 1055 1778 feliciter.
1075 1704 1199 1779 Amen.
1218 1705 1304 1778 Cum
1324 1729 1346 1780 a
1362 1727 1497 1780 summo
1519 1729 1633 1782 rerum

220 1826 343 1924 opifice
363 1829 464 1920 cnjus
487 1828 619 1902 nomini
645 1829 720 1903 loca
752 1829 914 1924 religiosa
942 1829 1145 1904 deserviunt
1173 1839 1207 1905 et
1237 1831 1381 1905 ecclesie
1409 1832 1631 1922 dedicantur,

220 1963 344 2028 cuncta
370 1954 462 2028 bona
485 1955 691 2051 proveniant
716 1976 787 2050 que
812 1951 945 2028 arbitrii
970 1954 1225 2052 dispensatione
1245 1955 1378 2030 celestis
1404 1955 1451 2030 ad
1477 1977 1580 2030 usum
1602 1970 1636 2034 et

221 2078 469 2174 oportunitates
495 2078 674 2154 hominum
702 2081 940 2172 conteruntur,
971 2080 1113 2154 interest
1139 2079 1334 2156 devotionis
1358 2082 1511 2156 humane
1532 2105 1635 2156 suum

222 2203 405 2276 liberaliter
419 2204 589 2300 respicere
603 2205 800 2300 largitorem
817 2212 853 2278 et
868 2203 913 2278 de
928 2204 1100 2277 bonorum
1118 2205 1275 2278 ubertate
1289 2215 1451 2302 percepta
1469 2206 1537 2278 illis
1552 2207 1638 2281 locis

221 2337 255 2400 et
265 2329 419 2402 ecclesiis
433 2329 617 2426 providere
631 2328 667 2402 in
681 2327 1062 2426 quibnsbonoriiicatur
1078 2329 1242 2426 precipue
1256 2330 1369 2404 cultus
1380 2331 1457 2424 ejus
1467 2342 1502 2405 et
1514 2333 1637 2407 Christi

222 2475 391 2549 pauperes
409 2455 533 2550 spiritu
555 2455 702 2528 militant
719 2455 909 2546 indelesso;
928 2475 1077 2550 quorum
1101 2454 1202 2550 quies
1218 2455 1264 2528 ab
1281 2455 1454 2530 universis
1476 2457 1637 2532 fidelibus

221 2587 272 2652 est
285 2579 438 2674 optanda
455 2589 490 2654 et
508 2580 725 2676 procuranda
738 2579 922 2674 diligenter
937 2579 1187 2676 indempnitas,
1206 2589 1245 2652 ut
1260 2582 1380 2676 sopitis
1398 2583 1637 2676 questionibus

221 2712 255 2774 et
281 2705 524 2778 controversiis
551 2705 712 2799 relegatis
738 2705 870 2802 possint
894 2705 1038 2778 liberius
1061 2707 1208 2779 Domino
1228 2705 1399 2778 tumulari.
1431 2708 1503 2780 liae
1531 2709 1637 2802 igitur

221 2829 495 2905 consideratione
516 2853 580 2904 nos
595 2831 820 2906 Meinhardns
829 2830 948 2925 junior
965 2851 1081 2904 comes
1095 2830 1141 2903 de
1152 2830 1272 2904 Gonia
1284 2831 1470 2905 clementer
1481 2829 1633 2925 inducti,

220 2953 281 3048 qui
294 2957 449 3050 paternis
465 2966 499 3030 et
517 2959 730 3054 patruelibus
745 2958 846 3032 bonis
863 2959 937 3031 Dec
952 2965 1094 3031 auctore
1109 2957 1355 3044 successimus,
1374 2956 1590 3031 attendentes
1603 2969 1637 3032 et

220 3090 506 3175 recognoscentes
520 3083 665 3177 qualiter
689 3083 781 3156 clare
797 3081 963 3157 memorie
979 3104 1095 3156 comes
1113 3081 1337 3154 Meinbardue
1358 3082 1472 3155 senior
1493 3093 1637 3180 patruus

220 3213 337 3278 noster
354 3207 595 3302 proprietatem
608 3207 645 3278 in
658 3206 852 3282 Brissenioh
867 3205 1027 3304 hospitali
1041 3208 1165 3279 Sancte
1179 3205 1287 3279 blarie
1302 3207 1589 3280 Tbeutouicornm
1601 3210 1637 3280 in

221 3331 408 3406 ierusalem
422 3354 485 3428 pro
501 3333 655 3407 remedio
673 3333 787 3406 anime
801 3354 864 3406 sne
885 3333 943 3428 pia
965 3332 1148 3406 devotione
1164 3331 1361 3420 contulerit,
1382 3353 1520 3406 omnem
1536 3355 1639 3428 qnes-

222 3455 365 3549 tionem,
382 3456 635 3552 impeticionem
650 3468 685 3530 et
701 3457 970 3532 controversiam
989 3467 1023 3530 et
1040 3457 1070 3528 si
1085 3455 1290 3552 quodjusin
1307 3456 1461 3552 predicta
1476 3459 1638 3554 proprie·-

223 3590 292 3654 tate
305 3581 494 3656 habuimus
506 3605 568 3656 seu
584 3582 712 3656 babere
726 3583 927 3676 debuimus,
950 3583 1043 3656 tratri
1062 3583 1258 3655 Hermanno
1272 3583 1461 3656 venerabili
1477 3584 1639 3678 magistro

222 3705 379 3799 ejusdem
396 3707 588 3804 hospitalis,
609 3708 646 3780 in
663 3708 834 3804 presentia
851 3708 997 3804 predicti
1016 3707 1148 3780 domini
1162 3707 1269 3780 nostri
1287 3707 1395 3780 incliti
1409 3708 1639 3782 Romanorum

223 3830 611 3926 inperatorisiriderici
625 3831 1101 3930 semperaugustidquilegie
1115 3831 1537 3926 tunctemporisexistenti
1551 3831 1635 3930 (ric),
1700 3867 1702 3872 ·

223 3957 441 4052 presentibus
461 3979 602 4052 quoque
628 3957 832 4053 subscriptis
850 3956 1066 4054 principibus
1087 3955 1270 4029 Berhtcldc
1292 3956 1480 4028 venerabili
1496 3956 1639 4052 Aquile-

223 4073 333 4175 giensi
363 4083 573 4178 patriarcba,
605 4083 799 4178 Eggebertc
831 4081 1108 4175 Babenbergensi
1140 4092 1174 4153 et
1201 4081 1360 4154 Heinricc
1398 4082 1639 4156 Wormatiensi

223 4206 411 4303 episcopis,
431 4209 471 4279 B.
489 4209 662 4305 preposito
675 4205 912 4303 Aquilegiensi
932 4216 967 4279 et
983 4207 1020 4279 C.
1043 4205 1287 4278 archidiacono
1305 4205 1461 4297 ejusdem
1477 4193 1637 4300 ecclesie,

224 4332 346 4405 Ottone
357 4333 446 4406 duce
462 4333 615 4407 Meranie
631 4343 666 4407 et
681 4334 757 4408 aliis
772 4333 949 4430 plerisque
963 4332 1182 4426 magnatibus
1195 4329 1409 4424 Alemannie,
1432 4332 1560 4404 scilicet
1573 4334 1641 4404 Al-

224 4455 320 4532 berto
339 4459 464 4531 comite
480 4457 526 4532 de
547 4459 659 4551 Tirol,
683 4459 842 4532 Heinrico
860 4457 985 4531 comite
1003 4457 1047 4530 de
1061 4455 1314 4546 Orthenbereh‚
1334 4455 1446 4528 Utrioo
1459 4457 1582 4528 comite
1596 4455 1640 4528 de

224 4580 363 4678 Eppau,
381 4583 553 4658 Alberone
568 4584 613 4659 de
626 4585 804 4679 Wangen,
824 4585 946 4657 Ottone
963 4581 1179 4675 Burgongia‚
1203 4581 1350 4654 Vollrero
1372 4581 1416 4652 de
1439 4580 1640 4652 llisenberch

225 4717 259 4786 et
273 4707 387 4784 Utrioo
408 4710 511 4784 tratre
527 4711 622 4803 ejus,
648 4709 797 4786 Chelone
817 4709 863 4784 de
881 4708 1104 4806 Flabspercb,
1127 4707 1273 4782 liudolfo
1294 4705 1340 4781 dc
1353 4705 1475 4798 Aroes,
1496 4707 1642 4780 Volkero
