4320 5918
518 560 578 620 492
1017 559 1230 622 FlllllEllllll
1254 557 1428 620 securlus
1736 559 1816 638 [Ass.
1836 561 1922 624 leet.

518 695 671 768 nandum
688 705 749 769 aut
763 698 866 771 etiarn
878 697 974 792 quod
991 697 1177 774 dedendis
1191 695 1353 792 utrinque
1370 694 1586 769 cautionibus
1605 695 1818 792 providebit,
1836 699 1925 771 sicut

518 842 564 893 ex
580 841 700 894 aarum
720 823 923 918 transcripto
943 822 1128 896 intercluso
1147 820 1362 918 presentibus
1379 821 1481 916 plene
1502 819 1656 913 poteritis
1670 820 1845 894 informari
1859 822 1923 917 (l).

519 943 573 1017 dd
596 944 661 1018 hec
676 945 783 1030 enim,
804 967 883 1020 oum
901 946 1106 1020 lombardie
1123 945 1302 1042 provincia
1315 965 1386 1040 que
1399 942 1535 1018 dudum
1553 943 1590 1015 iu
1614 943 1838 1018 dissensionis
1862 946 1925 1019 luit

518 1069 658 1141 turbine
676 1070 872 1161 constituta,
892 1070 985 1144 uude
1001 1071 1080 1167 plus
1098 1070 1250 1142 noscitur
1266 1068 1434 1143 accidisse
1451 1067 1660 1142 discriminis
1676 1089 1781 1164 qnam
1795 1072 1923 1166 exponi

519 1193 633 1266 valeat
647 1193 784 1266 levibus
800 1192 1030 1286 documentis,
1047 1193 1091 1266 sit
1108 1215 1171 1291 per
1182 1193 1370 1266 Ecclesiam
1385 1193 1422 1264 in
1437 1200 1564 1264 statum
1576 1192 1672 1288 pacis
1689 1201 1724 1264 et
1741 1192 1924 1267 concordie

516 1317 571 1390 his
593 1315 717 1390 diebus
738 1317 915 1414 potissime
935 1317 1167 1412 reformanda,
1188 1317 1364 1414 presertim
1384 1339 1465 1390 cum
1484 1316 1602 1389 multis
1618 1317 1811 1390 excitemur
1824 1319 1924 1392 Terre

517 1443 640 1516 Sancte
665 1443 874 1516 clamoribus
901 1444 1037 1536 atejus
1066 1434 1263 1516 miserando
1291 1441 1394 1515 statui
1417 1439 1620 1514 studeamus
1641 1463 1845 1515 succursum
1869 1463 1925 1516 co·

513 1567 618 1640 lerem
633 1567 810 1663 impertiri,
826 1566 871 1640 dc
886 1589 957 1663 quo
973 1577 1012 1640 ut
1030 1575 1124 1642 bato
1141 1567 1247 1662 possit
1261 1565 1438 1664 procurari
1454 1565 1590 1640 lucilius
1606 1575 1737 1662 quanto
1754 1576 1920 1640 terrarum

515 1690 608 1768 orbis
632 1691 736 1764 luerit
753 1714 775 1766 a
792 1713 994 1785 guemarum
1012 1699 1048 1764 et
1064 1690 1236 1765 discordie
1255 1692 1419 1764 lluctibns
1436 1689 1642 1787 expeditus,
1667 1690 1922 1786 providendum

515 1813 682 1888 duximus
707 1813 877 1910 quodibi
902 1815 1087 1890 christiane
1111 1813 1194 1888 lidei
1216 1815 1423 1910 professores
1449 1815 1486 1886 iu
1512 1823 1638 1888 statum
1663 1814 1759 1910 pacis
1783 1825 1819 1887 et
1841 1835 1923 1888 ouu-

516 1939 633 2014 oordie
654 1938 876 2026 reducantur,
899 1939 946 2014 ad
961 1940 1028 2014 hoc
1051 1939 1081 2012 si
1097 1960 1237 2014 necesse
1257 1939 1360 2014 luerit
1378 1961 1639 2036 percensuram
1659 1937 1922 2012 ecclesiasticam

516 2063 760 2158 oompellendi;
776 2063 973 2138 discretioni
986 2075 1100 2138 vestre
1112 2087 1174 2161 per
1184 2065 1381 2162 Apostolica
1391 2065 1517 2160 scriptu
1530 2064 1737 2138 mandamus
1753 2072 1922 2158 quatenns

515 2188 663 2282 provida
689 2187 911 2262 meditatione
936 2199 1119 2286 pensantes
1141 2199 1308 2285 quantum
1333 2190 1378 2262 sit
1400 2189 1597 2264 condecens
1621 2197 1657 2262 et
1676 2188 1816 2262 salubre
1833 2198 1871 2260 ut
1889 2197 1922 2260 et

516 2312 727 2407 imperatoris
745 2313 921 2386 memorati
939 2313 1063 2386 dextra
1079 2335 1184 2408 quem
1204 2314 1266 2386 Dei
1283 2313 1452 2409 sapientia
1470 2311 1621 2407 providit
1636 2311 1788 2384 Ecclesia
1803 2311 1919 2384 delen·

515 2457 642 2528 sorem,
662 2437 794 2510 victrici
809 2437 1011 2512 fortitudine
1029 2449 1145 2512 contra
1159 2437 1379 2534 depressores
1396 2437 1562 2510 libertatis
1574 2437 1804 2510 ecclesiastice
1824 2435 1921 2508 roho

515 2570 623 2645 retur,
644 2569 680 2634 et
700 2559 796 2656 quod
817 2563 945 2658 prelata
962 2564 1065 2636 Tarra
1086 2572 1180 2636 tanto
1198 2564 1278 2659 plns
1295 2571 1396 2656 egent
1417 2561 1621 2636 lombardie
1634 2561 1749 2655 juvari
1766 2559 1921 2633 subsidio

513 2694 643 2780 quanto
660 2685 735 2781 ipsa
748 2687 853 2760 rebus
867 2687 1013 2760 secunda
1029 2687 1181 2762 comitur
1198 2697 1232 2761 et
1247 2687 1465 2761 robustorum
1481 2687 1632 2782 plurium
1652 2687 1785 2760 munita
1806 2686 1920 2758 multi·

514 2809 635 2884 tudine
651 2811 905 2906 comprobatur,
922 2811 968 2886 ad
983 2833 1134 2886 amorem
1154 2813 1250 2908 pacis
1264 2821 1299 2886 et
1316 2811 1500 2886 concordie
1521 2811 1627 2886 corda
1651 2809 1921 2884 lombardorum

515 2935 685 3008 societatis
709 2936 913 3032 propensius
939 2936 1133 3030 inducatis,
1159 2959 1221 3032 pro
1248 2935 1347 3012 firmo
1373 2945 1527 3012 tenentes
1551 2935 1649 3032 quod
1676 2957 1756 3008 curn
1782 2934 1920 3008 eosdem

513 3058 725 3132 lombardos
741 3061 789 3132 ita
808 3059 897 3134 filios
916 3071 1117 3157 reputemus
1133 3063 1287 3136 Ecclesia
1308 3061 1476 3159 speciales
1497 3061 1592 3157 quod
1612 3059 1684 3156 pati
1702 3059 1919 3154 aliquomodo

514 3203 583 3256 non
610 3182 756 3256 velimus
780 3193 820 3256 nt
847 3207 869 3257 a
890 3205 1066 3280 quoquam
1094 3186 1179 3284 ipsis
1208 3185 1325 3282 aliqua
1349 3186 1517 3260 inferatur
1540 3186 1668 3280 injuria
1692 3185 1747 3258 vel
1766 3186 1916 3276 iactura,

514 3307 726 3403 diligentiam
742 3307 917 3382 efficacem
936 3309 1142 3384 habebimus
1156 3309 1253 3406 quod
1265 3311 1316 3384 eis
1330 3310 1426 3408 apud
1446 3311 1685 3407 imperatorem
1704 3319 1737 3382 et
1755 3310 1918 3384 dilectum

513 3433 622 3512 filium
644 3435 794 3508 nobilem
815 3435 928 3508 virum
948 3436 991 3507 Η.
1019 3445 1136 3508 natum
1163 3439 1239 3530 ejus
1262 3445 1298 3510 et
1317 3437 1489 3534 principes
1515 3436 1704 3510 Tbeutonie
1729 3433 1918 3510 securitatis

514 3559 778 3655 plenitudinem,
796 3569 935 3635 auctore
949 3559 1107 3651 Domino,
1126 3582 1359 3656 procuremus.
1380 3563 1445 3636 Pro
1465 3561 1652 3636 bisantem
1671 3561 1871 3656 diligentins
1886 3568 1919 3632 et

512 3683 713 3780 expeditius
730 3684 963 3779 exequendis,
982 3683 1146 3758 dilectum
1168 3683 1278 3760 lilium
1297 3689 1336 3760 Τ.
1357 3687 1597 3784 cappellanum
1617 3696 1770 3760 nostrum
1792 3685 1840 3758 ad
1858 3705 1918 3758 ros

513 3807 682 3882 duximus
708 3808 971 3898 destinandum,
993 3831 1098 3905 quem
1121 3811 1177 3884 vel
1199 3832 1263 3884 uos
1282 3811 1318 3883 in
1342 3812 1419 3908 ipso
1436 3811 1552 3908 potios
1567 3807 1756 3884 honorilice
1771 3819 1917 3905 pertrac-

513 3943 639 4024 tantes,
666 3933 730 4005 sibi
755 3933 938 4029 diligenter
959 3933 1135 4008 intendere
1156 3957 1198 4008 ao
1223 3956 1327 4032 super
1349 3935 1392 4008 iis
1410 3955 1480 4030 que
1499 3933 1600 4008 vobis
1618 3954 1665 4008 ex
1686 3943 1783 4030 perte
1803 3941 1916 4006 nosba

514 4057 682 4144 retulerit,
708 4055 812 4132 fidem
837 4059 962 4131 curetis
978 4059 1167 4154 plenariam
1188 4058 1369 4152 adhibere;
1390 4081 1509 4132 curam
1530 4058 1652 4134 dantes
1669 4069 1704 4132 et
1722 4077 1864 4153 operam
1880 4065 1916 4127 nt

512 4182 541 4256 si
561 4183 683 4279 prelati
705 4182 888 4256 lombardi
911 4203 950 4256 se
970 4203 1072 4278 super
1089 4181 1263 4278 premissis
1282 4183 1443 4258 omnibns
1458 4184 1494 4256 in
1515 4183 1677 4258 manibus
1689 4181 1840 4256 Ecclesia
1857 4201 1913 4276 po·

512 4327 595 4380 nere
614 4305 746 4403 precise
761 4305 952 4399 voluerint,
968 4305 1058 4380 sicut
1075 4328 1113 4382 se
1128 4305 1242 4381 dictus
1264 4307 1447 4406 imperator
1465 4307 1581 4405 possut
1597 4329 1701 4404 super
1717 4305 1784 4380 hoc
1802 4304 1911 4394 uobis,

512 4453 575 4528 per
596 4439 749 4527 patentes
765 4431 892 4504 litteras
912 4441 1104 4506 vestrorum
1122 4442 1156 4504 ct
1173 4431 1349 4506 civitatum
1365 4431 1535 4506 societatis
1549 4431 1705 4526 ejusdem
1726 4429 1913 4526 sigillorum

547 4713 581 4788 (t)
601 4713 693 4788 Agitur
704 4711 841 4772 evidenter
852 4711 887 4770 de
899 4711 993 4772 litteris
1004 4713 1073 4772 datis
1087 4712 1158 4788 apud
1172 4714 1449 4784 dommuccensem,
1459 4729 1529 4790 quae
1540 4711 1710 4788 praecedunt.
