4372 5918
998 526 1347 594 consultationes

685 877 806 928 ructata·
830 878 928 927 LIBER
953 875 1113 928 SECUNDUS
1138 879 1352 928 tueantettttrt
1378 875 1667 928 constructionum

975 1133 1179 1209 rruucns
1203 1136 1230 1208 1.
1254 1137 1284 1208 s
1309 1133 1324 1230 (
1349 1133 1375 1231 ).

721 1308 770 1382 ne
788 1330 876 1404 ponc
898 1312 1104 1392 contumacis
1123 1311 1159 1384 ic
1183 1312 1413 1388 criminalibus
1433 1313 1547 1385 causis
1566 1309 1631 1408 (a).

788 1510 975 1561 meamea
999 1511 1216 1582 MDERlGUS,
1244 1512 1370 1564 salusa
1393 1510 1563 1564 AUGUSTUS.

520 1661 668 1736 Grandis
690 1663 821 1737 utilitas
845 1674 881 1737 et
904 1665 1090 1739 necessitas
1114 1664 1260 1740 evidens
1282 1685 1346 1740 nos
1374 1665 1545 1740 inducunt
1568 1674 1608 1740 nt
1629 1665 1885 1740 accusationum

472 1787 631 1862 ordinem
646 1788 768 1883 priscis
791 1789 928 1884 legibus
949 1790 1162 1884 institutum,
1189 1790 1436 1865 maleficiorum
1454 1799 1628 1866 crescente
1648 1791 1821 1888 nequitia,
1850 1791 1885 1863 in

474 1911 597 1986 eadem
612 1922 709 2007 parte
722 1911 899 2008 potissime
913 1913 1137 2008 corrigamus,
1150 1937 1220 2010 qna
1234 1916 1471 1990 malefactores
1484 1915 1657 1991 interdurn
1670 1924 1886 2011 contemptus

475 2015 510 2110 et
537 2027 751 2109 contumacis
781 2035 906 2110 vitium
931 2039 987 2110 vel
1011 2060 1135 2134 penam
1161 2041 1303 2135 patratis
1328 2040 1517 2114 sceleribus
1538 2049 1785 2136 aggregantes,
1812 2040 1889 2113 sine

474 2161 639 2256 temporis
653 2157 869 2255 prefinitione
890 2162 1010 2256 vagari
1033 2163 1070 2234 in
1090 2163 1242 2258 ipsorum
1260 2163 1365 2238 etiam
1384 2165 1587 2260 plerumque
1610 2162 1831 2260 dispendium
1853 2173 1887 2236 et

473 2285 621 2358 aliorum
648 2283 809 2378 injuriam
837 2285 1100 2380 permittebant,
1133 2287 1369 2362 defensionem
1400 2287 1532 2362 eisdem
1565 2288 1694 2361 nullius
1725 2289 1887 2384 temporis

474 2411 585 2506 spatio
610 2407 871 2505 precludentes;
895 2432 966 2504 quo
990 2409 1094 2484 fiebat
1117 2421 1157 2484 ut
1178 2411 1244 2508 ipsi
1270 2434 1419 2508 purgare
1440 2434 1541 2486 suam
1566 2412 1797 2486 innocentiam
1819 2432 1886 2484 nnn

477 2544 639 2608 curarent
665 2543 701 2607 et
731 2545 949 2608 accusatores
976 2557 1121 2631 arguere
1150 2558 1271 2610 eorum
1300 2538 1494 2612 nocentiam
1522 2558 1592 2611 non
1622 2537 1789 2610 valerent.
1818 2537 1888 2609 Hac

476 2661 583 2757 igitur
600 2657 738 2734 edictali
768 2659 844 2754 lege
861 2661 968 2734 nostri
994 2659 1144 2734 nominis
1168 2661 1267 2734 titulo
1285 2661 1482 2757 presignato
1500 2661 1744 2758 prosequimur
1762 2669 1889 2733 contu-

476 2804 605 2874 maces,
626 2791 661 2855 st
679 2783 827 2878 qualiter
841 2791 961 2858 contra
974 2783 1068 2880 ipsos
1086 2783 1121 2856 in
1134 2785 1277 2876 judiciis
1292 2785 1511 2860 criminaliter
1526 2793 1562 2860 et
1574 2785 1764 2882 capitaliter
1779 2805 1889 2857 accu-

477 2918 581 2996 satos,
602 2909 664 3004 qni
681 2909 736 2980 sui
754 2909 889 3006 copiam
906 2909 1032 3002 injure
1050 2931 1119 2982 non
1132 2910 1276 2999 iaciunt,
1292 2910 1510 3006 procedatur,
1530 2905 1806 2983 manifestissime
1821 2907 1891 2982 de-

479 3035 663 3106 claramus.
684 3032 752 3105 Eos
769 3055 921 3129 namque
938 3033 974 3104 in
991 3033 1112 3129 primis
1126 3034 1225 3108 tertia
1242 3043 1339 3130 parte
1354 3033 1524 3108 bonorum
1541 3033 1735 3126 mobilium,
1750 3033 1839 3106 sient
1854 3031 1890 3104 in

478 3155 604 3229 nostris
622 3156 924 3230 constitutionibus
939 3167 992 3230 est
1010 3177 1233 3253 expressum,
1260 3159 1478 3233 mulctandos
1496 3178 1572 3232 esse
1585 3158 1751 3252 jubemus
1767 3154 1892 3254 [qnam

479 3279 568 3354 sacri
586 3279 688 3354 erarii
706 3281 813 3354 nostri
831 3280 1046 3377 compendiis
1059 3277 1325 3378 aggregamus}
1342 3283 1437 3356 Bona
1452 3282 1585 3377 reliqua
1597 3282 1699 3374 juxta
1715 3281 1892 3374 antiquam

480 3407 646 3498 sormam,
679 3426 748 3499 que
762 3413 881 3480 contra
895 3405 1057 3480 absentes
1074 3405 1255 3501 requisitos
1272 3415 1325 3481 est
1345 3406 1503 3502 prodita,
1531 3407 1694 3480 volumus
1710 3405 1889 3495 annotari;

480 3551 549 3625 qne
566 3529 649 3602 anni
666 3529 796 3601 circulo
811 3551 832 3601 a
846 3528 906 3603 die
923 3529 1154 3603 annotationis
1170 3527 1220 3626 (b)
1236 3533 1366 3627 elapso,
1381 3553 1461 3604 cnm
1476 3551 1537 3626 per
1554 3530 1750 3604 annotantis
1765 3530 1893 3602 litteras

480 3653 621 3751 publice
637 3653 836 3746 innotuerit,
854 3651 929 3726 fisci
940 3653 1048 3727 nostri
1065 3654 1366 3729 commoditatibus
1383 3653 1617 3750 acquirantur,
1638 3655 1667 3726 si
1685 3675 1755 3727 non
1768 3653 1895 3726 habeat

482 3777 608 3850 liberos
634 3785 830 3850 annotatus.
849 3779 945 3874 lpsns
967 3775 1120 3872 denique
1143 3800 1206 3875 per
1230 3779 1433 3874 magistrum
1447 3779 1671 3872 justitiarium
1689 3788 1725 3850 et
1738 3777 1894 3872 justitia-

483 3901 553 3974 rios
570 3901 699 3996 quibus
715 3901 761 3975 de
776 3903 994 3977 contumacia
1009 3925 1129 3978 eornm
1148 3913 1324 3978 contracta
1342 3903 1388 4002 (c)
1401 3903 1568 4002 liquebit,
1593 3903 1729 3976 banniri
1747 3900 1895 3976 manda-

483 4047 562 4098 mus
579 4035 614 4098 et
643 4025 818 4122 divulgari
835 4027 975 4124 publice
995 4029 1069 4102 iore
1084 4029 1257 4104 bannitos.
1278 4031 1437 4102 Bannum
1455 4027 1559 4102 etiam
1577 4038 1612 4100 et
1633 4048 1772 4101 causam
1791 4025 1896 4098 banni

484 4171 547 4245 pro
565 4171 635 4244 qua
654 4149 815 4224 bannitus
842 4152 968 4248 aliquis
987 4153 1090 4227 luerit
1113 4163 1149 4226 et
1175 4153 1270 4227 diem
1295 4153 1506 4227 bannitionis
1529 4153 1632 4227 etiam
1662 4151 1700 4224 in
1726 4149 1896 4248 presentia

485 4274 639 4368 magistri
655 4274 832 4366 justitiarii
851 4286 886 4350 et
899 4277 1059 4370 judicum
1080 4279 1177 4352 curie
1195 4287 1310 4354 nostre
1325 4279 1362 4351 in
1376 4279 1462 4352 actis
1483 4279 1646 4351 volumus
1663 4275 1849 4366 contineri;
1867 4275 1895 4346 si

524 4448 569 4531 (a)
590 4449 932 4515 caesenatenses.

524 4554 568 4638 (b)
588 4558 671 4619 Alios
684 4563 715 4618 et
724 4559 756 4619 ln
768 4558 863 4622 Palat.
876 4560 1033 4622 citationis.

526 4661 565 4744 (c)
588 4665 624 4726 ln
638 4665 705 4726 cod.
721 4674 800 4728 scas
813 4673 902 4732 catu
