4360 5908
214 535 311 626 lenter.
328 534 372 612 5.]
665 531 864 594 HISTORIA
889 533 1182 596 utrtortttrtca
1569 534 1630 598 343

211 672 318 747 sulem
339 677 374 740 et
395 667 510 743 Sicilie
530 688 612 760 rex,
632 666 770 742 dilectis
791 691 833 740 ac
851 669 1027 742 nobilibus
1047 670 1132 742 viris
1148 667 1198 764 (o)
1216 667 1364 741 chrico
1384 669 1509 742 seniori
1529 671 1631 761 regni

213 790 512 874 nostri-advocato
530 791 762 867 assuctus
774 793 892 869 nostriv
904 793 1082 888 capitaneo
1100 793 1243 866 domino
1259 792 1304 866 de
1320 791 1462 866 Plawen
1477 801 1512 866 et
1527 794 1627 866 Hen-

212 918 284 992 nicu
292 916 423 1010 juniori
436 925 578 992 strenuo
591 915 693 990 militi
704 917 782 1010 ojus
796 914 867 992 titio
880 916 1049 992 advocato
1064 915 1110 990 de
1123 917 1266 990 Plawon
1281 913 1341 1012 (h),
1353 913 1390 989 in
1403 927 1623 1011 perpetuum.

211 1040 434 1120 Considerata
450 1039 634 1114 devotione
649 1049 767 1116 restra
781 1063 883 1136 quam
899 1041 1021 1138 geritis
1040 1041 1132 1114 circa
1151 1043 1261 1114 Deum
1279 1049 1536 1136 propterquam
1556 1063 1626 1116 non

212 1175 347 1240 tautum
370 1165 528 1244 laborum
550 1175 585 1240 el
603 1186 747 1258 rerum,
769 1166 1018 1245 verumetiam
1043 1164 1174 1262 proprii
1197 1163 1376 1259 sanguinis
1398 1162 1443 1260 (c)
1468 1165 1623 1262 prodigi,

213 1289 464 1366 mortibusvos
479 1289 715 1372 indifferenter
732 1290 961 1387 exposuistis,
978 1289 1025 1365 nd
1044 1289 1318 1386 propulsandum
1335 1299 1370 1362 et
1382 1291 1626 1366 evacuandum

211 1413 411 1508 gentilitatis
436 1435 604 1502 errorem,
627 1415 887 1492 cummaxime
902 1416 976 1508 jam
994 1417 1086 1489 circa
1108 1415 1328 1510 Retisponam
1348 1414 1522 1490 civitatem
1539 1437 1627 1490 nos-

211 1549 300 1612 trem
320 1547 438 1614 sande
459 1537 580 1611 matris
605 1537 757 1621 Ecclesie
778 1538 972 1614 inimicose
994 1561 1115 1634 campo
1132 1537 1314 1634 expulistis
1331 1546 1367 1609 et
1383 1538 1558 1612 occidistis
1571 1539 1623 1636 (l)

210 1661 258 1744 ad
278 1661 425 1738 ,taudem
449 1661 512 1736 Dei
537 1662 644 1736 nostri
671 1671 706 1736 et
735 1663 824 1738 sacri
851 1662 987 1760 imperii
1013 1671 1195 1757 vestroque
1220 1661 1335 1757 stirpis
1363 1661 1410 1734 ad
1435 1661 1621 1758 honorem,

209 1797 480 1884 propterquam
515 1797 666 1862 vestrum
700 1788 943 1863 arduissimam
965 1785 1018 1886 (d)
1042 1789 1278 1874 strenuitatem
1303 1788 1411 1860 multa
1443 1789 1624 1866 commode

210 1912 312 1988 nobis
333 1922 369 1988 et
389 1913 541 1988 Ecclesio
561 1923 769 2004 evenerunt3
788 1923 962 2011 comperta
983 1912 1146 1987 fidelitate
1170 1913 1387 2004 singulorum
1409 1920 1444 1986 et
1467 1914 1623 1988 omnium

211 2047 364 2112 vestrum
390 2059 437 2112 cx
464 2038 678 2112 nobilissima
704 2039 865 2136 prosapia
892 2049 1134 2114 veteranorum
1164 2039 1394 2110 Romanorum
1417 2033 1467 2132 (2)
1488 2059 1622 2134 proge-

209 2165 282 2236 nita
299 2163 363 2257 (c),
388 2185 495 2259 qnam
522 2162 559 2235 in
580 2163 756 2258 obsequiis
779 2163 960 2236 nostriset
985 2163 1121 2259 imperii
1144 2162 1350 2236 indefessam
1374 2162 1573 2236 invenimus
1590 2173 1623 2238 et

210 2289 404 2386 probatam,
421 2308 526 2383 opere
542 2287 696 2382 precium
715 2287 953 2380 judicavimus
976 2288 1099 2360 vestris
1118 2288 1283 2383 expensis
1304 2297 1338 2361 et
1358 2286 1535 2360 laboribus
1552 2287 1623 2359 im-

209 2411 328 2506 periali
345 2411 581 2485 munificentia
604 2412 804 2485 subvenire.
820 2411 868 2484 En
894 2421 1033 2508 propter
1056 2412 1156 2485 vobis
1170 2412 1338 2485 Heinricis
1360 2411 1486 2485 seniori
1510 2421 1544 2486 et
1560 2415 1622 2506 ju-

207 2536 298 2609 niori
320 2536 365 2610 de
380 2537 523 2610 Plerven
541 2545 576 2610 et
591 2537 754 2610 omnibus
776 2536 900 2609 vestris
922 2535 1110 2609 heredibus
1133 2537 1329 2610 facultatem
1347 2534 1571 2609 concedimus
1588 2546 1621 2609 et

207 2671 411 2757 potestatem
430 2671 470 2734 nt
492 2683 636 2758 querere
652 2671 687 2735 et
708 2661 827 2735 ludere
847 2683 970 2734 eurum
991 2671 1025 2734 et
1048 2671 1231 2755 argentum
1249 2661 1387 2756 aliaque
1405 2661 1521 2734 omnia
1541 2683 1622 2734 me-

207 2787 288 2860 talla
306 2785 461 2860 debentis
474 2795 510 2860 et
529 2785 685 2884 possitis,
706 2795 742 2860 et
756 2786 786 2858 si
802 2805 872 2882 que
890 2785 927 2858 in
948 2787 1099 2882 presenti
1115 2787 1171 2860 vel
1185 2786 1221 2858 in
1235 2794 1410 2882 posterum
1425 2783 1621 2858 caritudine

207 2913 265 2985 vel
294 2899 546 3007 argentifodine
563 2933 606 2985 uc
629 2913 869 3006 cujuscunque
893 2912 963 2984 eris
985 2913 1167 2986 commoda
1189 2911 1247 2984 vel
1268 2911 1431 2983 utilitates
1453 2910 1489 2981 in
1513 2911 1620 2982 terri-

208 3037 304 3110 toriis
321 3037 466 3111 districti
486 3036 728 3111 dominationis
746 3045 860 3111 vestre
878 3037 1160 3134 supervenerint,
1178 3035 1243 3109 hec
1262 3035 1363 3108 vobis
1378 3043 1413 3108 et
1431 3034 1637 3108 heredibus.

207 3160 559 3235 cedantumnimodo
577 3182 657 3234 cum
671 3171 860 3258 proventu,
883 3162 1065 3270 nohislncc
1082 3161 1185 3234 alicui
1212 3161 1271 3232 ulli
1293 3158 1425 3254 aliquid
1451 3158 1535 3233 inde
1560 3167 1619 3234 te-

249 3337 293 3419 (a)
311 3339 349 3400 n
360 3307 509 3418 mptum
520 3337 585 3412 eur,
600 3339 687 3402 mue.

249 3442 288 3524 (h)
308 3445 367 3524 Ap.
389 3445 513 3508 Goldnst
529 3453 558 3508 ct
578 3446 705 3508 Roussct
716 3442 853 3508 &comto
875 3443 910 3506 dc
932 3405 1186 3522 Ptowcc'desunt,
1201 3451 1232 3508 et
1244 3446 1351 3526 lcgttnr
1369 3441 1491 3508 saluum
1504 3446 1537 3506 ic
1544 3463 1618 3526 per·

227 3557 335 3612 steort
470 3565 472 3570 ·
512 3567 517 3579 “
544 3565 561 3580 ··
592 3567 594 3572 ’
857 3561 861 3576 ’
924 3563 927 3571 ’
1023 3591 1026 3600 ,
1377 3561 1380 3575 '

203 3568 226 3630 p
250 3657 286 3737 (c)
313 3659 371 3736 Ap.
387 3655 840 3741 dnldnstaddlturqffssloucct.

249 3762 293 3844 (d)
314 3761 527 3826 Arduisrimum
539 3766 622 3828 deest
633 3783 682 3844 op.
698 3767 830 3828 Goldsst.

249 3869 287 3952 (c)
315 3871 374 3950 tlp.
388 3871 513 3935 Goldust
529 3879 559 3934 ct
579 3873 707 3933 muium
719 3877 879 3935 cormeum
887 3872 1109 3955 propositorum
1121 3887 1159 3931 ac
1171 3867 1346 3932 multesima
1354 3870 1495 3952 procopia
1507 3877 1620 3934 oetero-

207 3995 312 4039 curum
324 3979 522 4040 Romanorum
533 3977 732 4042 enocham.

243 4192 277 4267 (t)
295 4193 335 4250 lle
348 4209 402 4266 qua
420 4199 499 4267 gente
511 4210 617 4270 pagana
632 4194 677 4254 hic
697 4199 791 4270 agatur
805 4209 855 4254 nos
869 4193 977 4252 omnino
992 4192 1074 4268 lugit,
1089 4208 1151 4250 cum
1162 4208 1258 4266 patum
1269 4191 1414 4249 verisimile
1425 4191 1461 4249 sit
1471 4191 1621 4262 Pruthencs

206 4289 295 4348 adhuc
306 4291 419 4364 gentiles
433 4297 496 4349 tunc
508 4293 585 4366 quasi
597 4293 625 4349 in
638 4275 822 4350 Allernanniae
835 4292 991 4366 praecordia
1002 4291 1129 4350 insultum
1139 4291 1265 4348 hostilem
1278 4289 1384 4348 iecisse.
1396 4290 1518 4348 Forsitan
1531 4291 1620 4350 Slavis

206 4387 365 4460 quibusdam
378 4389 521 4448 bohemiae
534 4390 575 4448 vel
590 4391 723 4449 bloraviuo
736 4390 872 4462 alluditur,
888 4405 1003 4464 quorum
1017 4390 1154 4447 incursum
1167 4404 1221 4446 non
1232 4394 1448 4446 memoraverunt
1461 4389 1589 4446 historici.

244 4485 280 4560 (2)
300 4487 338 4544 De
351 4487 402 4546 ista
417 4489 518 4563 origine
532 4490 598 4547 nihil
610 4497 725 4549 constat.
739 4491 880 4566 Legionem
894 4491 940 4548 111
951 4490 1056 4548 italum
1068 4505 1117 4565 per
1129 4495 1243 4562 quatuor
1258 4488 1349 4546 secula
1361 4487 1468 4544 stetisse
1482 4488 1618 4563 comperi·

203 4600 267 4641 rnus
279 4584 307 4640 in
320 4586 418 4644 cestris
431 4587 562 4646 adimam
574 4595 693 4647 montem
711 4589 790 4646 hodie
803 4588 939 4663 lliupbcrp
954 4587 1055 4646 dictum
1066 4588 1144 4660 juxta
1156 4588 1341 4660 Ratisponam.
1356 4585 1424 4656 Quis
1437 4593 1527 4643 antem
1538 4601 1617 4644 asse-

202 4698 302 4740 verare
315 4685 419 4743 auderit
431 4687 497 4760 qurin
510 4687 581 4746 ultra
594 4688 746 4747 Danubium
760 4689 842 4748 etiam
852 4688 966 4746 Romani
976 4687 1130 4748 mansiones
1141 4685 1305 4745 habuerint?
