4372 5918
787 601 914 665 aneu!
939 601 1129 666 SICILIAE.
1620 605 1662 668 59

253 741 486 816 immobilibus
498 749 534 814 et
546 739 759 836 quibuslibet
775 741 879 814 rebus
892 751 953 814 aut
967 743 1079 816 causis
1094 741 1158 837 (a),
1176 741 1211 813 ln
1229 743 1456 815 instrumento
1471 739 1542 814 duo
1556 749 1660 815 testes

251 870 341 943 bone
353 876 388 940 et
405 867 549 962 probate
561 863 734 960 opinionis
751 863 968 940 subscribant
986 877 1097 963 preter
1107 865 1260 959 judicem
1274 877 1309 940 et
1321 867 1511 958 netarium;
1527 866 1557 938 si
1577 887 1660 940 vero

251 990 465 1064 libramenti
480 987 640 1076 excedat,
650 999 720 1062 tres
734 997 838 1062 testes
851 989 994 1086 probate
1008 989 1104 1081 fidei,
1114 999 1153 1062 ut
1167 1001 1219 1066 est
1233 990 1378 1083 dictum,
1386 999 1499 1086 preter
1506 988 1661 1082 judicem

253 1124 287 1186 et
299 1114 470 1188 notarium
484 1111 640 1186 similiter
655 1108 705 1209 [in
718 1111 840 1186 wdem
852 1111 1091 1212 instrumento]
1103 1114 1333 1206 subscribant,
1352 1113 1413 1209 qui
1429 1112 1557 1187 debent
1571 1135 1660 1205 essa,

253 1247 292 1309 ut
309 1236 442 1310 dictum
459 1245 529 1328 est,
555 1233 651 1308 omni
679 1236 883 1332 exceptione
904 1238 1050 1329 majores
1066 1245 1101 1310 et
1124 1237 1272 1310 scientes
1299 1237 1430 1310 litteras
1451 1236 1487 1307 in
1515 1235 1599 1308 locis
1626 1235 1661 1307 in

254 1361 382 1456 quibus
405 1359 542 1433 littorati
566 1367 728 1455 poterunt
756 1359 1117 1456 inveniri-,alioquim
1147 1361 1207 1433 alii
1233 1361 1335 1434 etiam
1358 1359 1407 1456 (b)
1430 1367 1662 1432 assumantur.

255 1484 377 1558 Contra
394 1482 584 1579 predictam
598 1491 715 1558 autem
728 1483 871 1558 immam
886 1484 1113 1558 imtrnmenta
1126 1485 1280 1558 conlecta
1293 1484 1330 1556 in
1344 1491 1519 1580 posterum
1533 1482 1663 1554 nullam

256 1608 406 1682 habeant
418 1605 634 1700 firmitatem
656 1607 716 1681 illo
733 1609 896 1682 tenaciter
913 1607 1131 1684 observando
1148 1617 1188 1681 ut
1204 1608 1240 1680 in
1259 1609 1375 1705 aliquo
1391 1607 1543 1681 locorum
1557 1605 1663 1680 nostri

257 1731 407 1804 demanii
424 1731 538 1805 clerici
555 1734 803 1828 cujuscumque
821 1733 889 1806 sint
902 1733 1036 1807 ordInis
1053 1734 1089 1805 in
1103 1732 1239 1826 judices
1252 1743 1287 1808 et
1302 1731 1454 1808 notarios
1467 1732 1663 1805 nullatenus

256 1865 485 1930 assumantur.

662 2061 863 2136 TITULUS
892 2062 1062 2136 LXXIII.
1090 2063 1144 2148 Ξς
1169 2060 1259 2158 (66).

259 2221 312 2296 Dc
323 2224 528 2300 ordinandis
532 2225 698 2320 judiciium
710 2236 742 2298 et
751 2227 894 2320 quando,
906 2237 938 2299 ct
951 2227 991 2298 de
1003 2227 1121 2320 quibua
1132 2226 1229 2298 relus
1236 2227 1342 2320 poenit
1352 2222 1422 2320 peti
1433 2221 1621 2320 tricesimo(
1637 2223 1662 2320 ).

801 2411 893 2460 rnna
924 2411 1126 2461 nucusrus.

307 2547 392 2620 Cum
412 2549 502 2623 eirca
516 2550 650 2644 justitie
668 2551 820 2626 tramites
838 2552 1024 2648 imperialis
1041 2552 1221 2626 clementia
1238 2551 1358 2625 oculos
1382 2569 1445 2624 sue
1464 2547 1670 2645 provisionis

261 2671 428 2766 advertit,
460 2683 496 2748 et
525 2675 580 2748 sui
610 2675 789 2770 regIminis
816 2677 950 2750 extollit
973 2676 1118 2766 solium,
1144 2675 1310 2750 armando
1339 2675 1454 2770 legum
1478 2672 1670 2745 munimine

262 2797 513 2892 imperatoriam
531 2801 757 2892 majestatem,
777 2809 812 2874 et
832 2801 1063 2894 subjectorum
1089 2801 1291 2896 gravamina
1307 2808 1341 2872 et
1356 2797 1596 2894 oppressiones
1610 2818 1671 2869 re-

262 2922 363 3016 levat,
384 2924 446 3018 qni
465 2924 537 2996 sola
555 2934 632 3020 post
649 2925 759 2998 Βοιιιιι
778 2923 1033 3022 magnificentie
1047 2925 1212 3021 principis
1230 2923 1369 2997 lenitate
1386 2921 1567 3018 respirant.
1593 2920 1670 2993 Dis·

262 3056 353 3120 creta
369 3048 486 3142 itaque
500 3047 740 3124 vicissitudine
753 3057 960 3146 temporum,
977 3049 1062 3124 dum
1082 3058 1159 3147 post
1173 3049 1339 3122 bellorum
1356 3047 1517 3143 strepitus
1530 3045 1672 3120 obtenta

261 3170 404 3244 victoria
430 3171 631 3246 succederet
652 3171 751 3267 quies
768 3172 882 3269 pacis,
903 3172 950 3246 ad
966 3173 1033 3246 hoe
1049 3194 1088 3246 se
1111 3171 1160 3268 (d)
1179 3171 1377 3269 principalis
1403 3169 1535 3266 ingenii
1564 3168 1674 3244 crexit

262 3295 412 3388 provisio
437 3304 477 3367 ut
494 3295 572 3391 paci
590 3296 759 3390 justitiam
776 3297 934 3371 sociaret.
955 3295 1011 3371 Ad
1033 3295 1128 3393 quod
1144 3297 1260 3392 itaque
1283 3295 1368 3368 dum
1396 3316 1565 3391 perpense
1582 3294 1673 3368 deli·-

262 3415 447 3490 berationis
463 3418 605 3492 consilio
625 3439 841 3512 vacaremus,
862 3419 1022 3494 distincta
1039 3419 1084 3516 (c)
1099 3419 1317 3516 postmodum
1334 3418 1568 3492 moderatione
1588 3439 1675 3514 pre-

265 3541 462 3637 scripsimus
476 3552 563 3638 quot
579 3557 615 3617 et
635 3543 755 3638 quales
775 3540 929 3642 [bajuli],
946 3543 1083 3638 judices
1098 3541 1218 3642 [atque
1235 3539 1374 3640 notarii]
1393 3563 1454 3639 per
1475 3543 1580 3617 urbes
1598 3543 1674 3615 sin-

265 3665 362 3754 gulas
376 3667 543 3760 justitiam
561 3669 812 3758 ministrarent,
833 3669 997 3742 videlicet
1017 3669 1072 3741 his
1088 3691 1175 3764 quos
1197 3667 1332 3743 dudum
1357 3670 1555 3741 invasorum
1575 3665 1674 3762 regni

266 3791 370 3862 nostri
395 3813 459 3888 per
476 3791 631 3868 diversas
651 3795 849 3891 provincias
868 3795 999 3868 creavit
1017 3795 1181 3890 iniquitas
1197 3794 1336 3890 penitus
1353 3793 1560 3890 antiquatis,
1582 3800 1617 3867 et
1637 3793 1674 3864 in

268 3912 419 4006 ipsorum
435 3916 512 3989 loco
534 3916 580 3990 de
602 3917 767 3992 mandato
787 3927 904 3992 nostro
922 3918 1060 3992 duobus
1078 3928 1139 3991 aut
1156 3919 1265 3992 tribus
1282 3926 1343 3992 aut
1360 3917 1516 4014 qulnque
1535 3917 1572 3990 in
1590 3917 1673 3992 locis

307 4089 348 4169 (a)
368 4092 459 4170 Apud
482 4093 565 4156 Illac.
586 4093 625 4156 ‹le
646 4093 679 4156 S.
693 4093 794 4157 Germ.
812 4113 820 4156 ι
836 4092 872 4156 da
892 4092 1041 4157 ιιιοιιιιὸιιι
1062 4102 1091 4158 ιι
1110 4091 1300 4156 immobilitas
1320 4091 1405 4156 retro
1426 4100 1481 4157 eat
1503 4091 1676 4176 quibuslibet

270 4198 368 4258 msa.

308 4300 349 4384 (b)
370 4303 434 4364 noc
450 4303 571 4366 additur
582 4303 709 4368 verbum
720 4308 752 4368 ln
765 4307 833 4370 eod.
849 4317 927 4370 tots
938 4313 969 4369 ct
982 4324 1031 4386 ap.
1044 4308 1126 4370 Illuc.
1141 4307 1178 4369 ala
1190 4307 1222 4370 S.
1237 4307 1395 4384 Germano.

309 4407 345 4488 (c)
371 4409 541 4488 Simpllclus
553 4412 585 4472 ln
598 4426 703 4492 macco
718 4429 727 4472 ι
742 4413 785 4475 Dc
792 4411 940 4495 jndicem
952 4421 981 4477 et
992 4411 1100 4476 satam
1111 4415 1249 4494 ι’ριοπιιιι.

310 4511 352 4595 (d)
372 4516 445 4577 Post
464 4531 495 4576 ac
517 4515 648 4580 (idemus
669 4521 763 4582 ιιοιιιι·
785 4519 910 4581 mnae
930 4521 1011 4599 quod
1033 4527 1116 4583 extat
1138 4537 1187 4600 ap.
1203 4521 1337 4598 micant,
1351 4520 1404 4584 sed
1417 4521 1545 4584 deaatln
1557 4521 1674 4586 duobus

272 4617 626 4702 mfflubmettngraaoo.

310 4723 347 4804 (e)
373 4727 455 4790 Allan
470 4733 571 4792 autem
584 4727 717 4795 emta.
