4320 5918
522 583 582 644 tro
1019 581 1236 645 rnrnnnrcr
1260 581 1435 646 succum
1747 581 1828 668 [sn.
1847 581 1931 644 raus.

520 715 692 788 lohannes
705 713 750 788 de
763 713 926 811 llapoeno
947 737 1028 788 cum
1040 717 1126 810 suis,
1141 716 1328 791 Barcholus
1346 715 1393 790 de
1408 713 1594 790 Laurentio
1611 735 1694 788 cnm
1708 713 1802 807 suis,
1817 714 1935 788 Petrus

520 837 567 914 de
585 837 709 914 Amata
724 860 804 912 cum
824 838 914 933 suis,
938 837 1148 914 Sarracenos
1161 839 1207 916 dc
1221 841 1359 932 Fucino,
1380 838 1555 914 lohannes
1574 837 1724 912 Calenum
1745 860 1827 912 cum
1846 837 1932 926 suis,

520 962 708 1056 llejcrinus
721 983 801 1038 cum
815 963 902 1054 suis,
922 963 1136 1040 lohanninus
1154 966 1340 1058 eumenis,
1356 964 1526 1060 Rogerius
1529 1015 1932 1038 .............

520 1087 622 1160 vicus
638 1109 718 1162 eum
735 1087 821 1181 suis,
840 1089 1002 1184 magister
1016 1090 1174 1166 llatheus
1188 1112 1269 1164 cum
1288 1091 1375 1184 suis,
1393 1089 1596 1164 Guilielmns
1611 1087 1790 1182 magister,
1806 1086 1937 1184 domp-

522 1235 590 1288 nus
612 1213 785 1288 lohannes
804 1213 991 1288 Calvenese
1006 1237 1088 1288 cum
1110 1215 1200 1306 suis,
1223 1216 1343 1290 Petrus
1358 1212 1487 1305 Albus,
1509 1214 1630 1288 Petrus
1647 1213 1837 1287 Calvenese
1857 1233 1936 1285 cum

523 1337 609 1429 suis,
627 1335 801 1434 dompnus
819 1337 977 1414 Mathone
996 1338 1177 1414 Celebrese
1198 1361 1280 1414 cum
1298 1339 1384 1426 suis,
1404 1339 1577 1414 lohannes
1595 1337 1753 1430 Ariolus,
1775 1335 1937 1432 magister

522 1460 709 1536 Riucardus
722 1483 803 1536 cum
818 1463 908 1555 suis,
923 1462 1071 1538 lacobus
1085 1487 1165 1538 oum
1179 1465 1269 1556 suis,
1285 1465 1406 1538 Petrus
1426 1464 1472 1538 de
1494 1464 1659 1559 Magistro
1661 1515 1932 1536 .........

525 1639 695 1662 ......
717 1586 817 1662 terris
838 1587 971 1662 domini
997 1589 1211 1684 imperatoris
1238 1599 1274 1664 et
1290 1599 1375 1664 sunt
1394 1589 1533 1664 vassali
1549 1587 1698 1685 predicti
1716 1585 1934 1676 monasterii3

521 1733 609 1807 quos
625 1711 802 1786 decretum
818 1721 871 1786 est
882 1714 1037 1788 conferre
1049 1713 1176 1788 debere
1188 1736 1268 1788 eum
1285 1713 1486 1788 hominibus
1508 1714 1622 1788 Rouce
1637 1713 1676 1786 in
1694 1709 1936 1786 exactionibus

520 1845 555 1910 ct
569 1837 731 1929 collectis,
743 1839 838 1930 justa
850 1839 1042 1933 quantitate
1060 1861 1179 1912 eorum
1192 1861 1263 1935 que
1276 1847 1395 1914 tonent
1410 1862 1433 1914 a
1450 1839 1592 1914 domium
1607 1838 1833 1935 imperatore,
1856 1845 1937 1909 sunt

522 1961 572 2036 hii
592 1989 601 2034 ε
622 1963 742 2036 Petrus
759 1962 805 2037 de
821 1964 960 2058 Sergio,
980 1963 1153 2039 lohannes
1171 1963 1298 2059 Cocus,
1319 1965 1406 2038 Urso
1424 1963 1470 2038 de
1489 1963 1617 2038 Milicia
1632 1983 1689 2036 ms
1693 2012 1932 2034 ........

523 2139 867 2164 ...........
889 2089 1013 2185 Angeli
1031 2111 1095 2186 pro
1111 2111 1154 2164 eo
1167 2090 1265 2186 qnod
1282 2098 1376 2166 tenc
1391 2111 1440 2164 ex
1457 2097 1556 2186 parte
1567 2089 1690 2162 Trocte
1711 2087 1835 2161 uxoris
1857 2107 1932 2180 sue,

521 2209 695 2286 lohannes
714 2211 760 2288 de
777 2214 917 2288 Salerno
933 2223 967 2288 et
981 2215 1161 2308 Turgisius
1177 2216 1281 2290 freter
1299 2217 1387 2310 ojus.
1408 2215 1466 2290 Ad
1485 2217 1586 2310 cujus
1608 2213 1660 2288 rei
1679 2212 1881 2286 memoriam
1901 2219 1936 2286 et

520 2337 746 2411 vassallorum
771 2339 936 2414 Cavensis
961 2341 1159 2416 monasterii
1184 2341 1452 2438 prescriptorum
1475 2349 1511 2414 et
1535 2341 1729 2412 futurorum
1750 2337 1931 2429 cautehm,

520 2481 662 2556 presens
679 2461 844 2560 scriptum
859 2485 920 2560 per
938 2487 1062 2538 manus
1078 2467 1167 2540 Petri
1186 2465 1231 2540 de
1246 2467 1374 2540 Sancto
1395 2465 1560 2539 Severino
1577 2465 1614 2536 in
1625 2463 1869 2556 iusticiariatu.
1889 2515 1900 2534 .
1921 2513 1930 2534 .

523 2639 828 2662 ..........
848 2597 883 2662 et
912 2591 1092 2687 proscripti
1119 2591 1250 2682 judicis
1273 2590 1586 2688 subscriptionibus
1613 2588 1828 2662 roboratum.
1864 2586 1935 2660 Hoc

519 2711 683 2806 scriptum
699 2714 820 2811 scripsi
838 2735 904 2810 ego
921 2715 1047 2790 Petrus
1059 2717 1176 2792 Sancti
1191 2715 1349 2792 Severini
1367 2725 1403 2790 et
1423 2715 1459 2788 in
1470 2713 1701 2810 justiciariatu
1714 2710 1882 2804 notanus,
1901 2719 1936 2786 et

519 2857 598 2910 meo
612 2837 712 2933 signo
729 2838 878 2934 signavi.

569 2963 679 3054 †Nos
691 2963 754 3058 qui
765 2985 871 3060 snpra
887 2965 1089 3040 Thomaeius
1107 2963 1153 3040 dc
1166 2966 1383 3062 Montenigrc
1396 2964 1584 3062 imperialis
1593 2961 1819 3060 justiciarius.

571 3085 691 3181 †Egc
711 3087 834 3162 Petrus
858 3089 905 3164 de
919 3091 1049 3182 Tocco,
1071 3089 1264 3166 advocatus
1287 3091 1383 3166 curie
1402 3088 1560 3184 ejusdcm
1581 3087 1714 3164 domini
1733 3083 1930 3181 justiciarii,

523 3209 688 3306 predictis
702 3212 843 3288 interlui
860 3223 895 3288 et
908 3215 1005 3290 testis
1019 3237 1110 3290 sum.

569 3336 596 3428 †
614 3336 687 3432 ago
701 3339 763 3433 qui
777 3361 884 3436 supra
900 3340 1091 3416 Robbertus
1108 3339 1153 3416 de
1167 3343 1278 3416 Tocco
1293 3343 1330 3414 in
1341 3339 1570 3436 justiciariatu
1580 3337 1706 3434 judex.

571 3461 687 3556 †Egu
708 3463 870 3560 magister
890 3465 1062 3540 Mattheus
1077 3465 1123 3541 de
1136 3469 1295 3564 Dcmpno
1309 3467 1444 3558 lluuro,
1460 3465 1618 3540 medicus
1634 3461 1783 3562 predicti
1804 3459 1933 3536 domini

520 3585 720 3681 iusticiarii‚
738 3589 901 3684 predictis
919 3591 1058 3667 interfui
1070 3601 1105 3667 et
1121 3593 1218 3666 testis
1232 3613 1323 3666 sum.

359 4107 386 4146 m
459 4081 466 4104 .
581 4015 785 4127 Gregorius
804 4043 903 4128 papa
920 4016 1156 4103 Lombardcs
1172 4017 1349 4102 hortatur
1369 4029 1413 4101 nt
1433 4026 1587 4130 propter
1608 4013 1761 4128 negotia
1777 4038 1877 4124 quae
1893 4013 1933 4094 in

523 4149 822 4258 praesentiarum
839 4163 1065 4260 occurrunt,
1085 4151 1272 4236 militibus
1290 4151 1358 4264 qui
1379 4179 1426 4235 ex
1449 4149 1664 4236 Allemania
1686 4149 1736 4232 ad
1758 4149 1932 4258 impere-

524 4291 645 4364 torem
658 4283 698 4364 in
713 4295 897 4393 apparatu
908 4285 1065 4396 pacifico
1074 4287 1201 4371 venire
1215 4295 1434 4398 properant,
1445 4285 1610 4370 liberum
1627 4283 1831 4368 transitum
1849 4306 1933 4392 per

522 4414 686 4498 mittunt.

605 4577 704 4657 (Edld.
722 4577 860 4656 Sarrum,
876 4578 984 4644 Ausul.
1002 4579 1135 4664 Bolopc,
1149 4588 1174 4646 t.
1189 4581 1246 4658 111,
1265 4597 1297 4660 p.
1319 4577 1403 4662 tto.)

571 4717 695 4790 Datum
714 4716 887 4812 laterani,
904 4718 982 4792 Xlll
997 4717 1164 4793 kalendas
1174 4719 1285 4812 Junii‚
1305 4740 1397 4793 anno
1412 4717 1500 4792 vlu.
