4320 5918
445 553 507 618 482
943 559 1158 623 FRlDERlGl
1181 557 1356 620 succum
1662 557 1747 639 [aaa.
1765 559 1852 623 laet

447 689 588 785 prelatis
605 692 701 788 apud
715 694 839 770 Sedena
853 695 1084 792 Apostolieam
1096 694 1302 786 constitutis,
1321 703 1479 791 presente
1491 703 1527 766 et
1537 704 1736 791 acceptante
1749 696 1854 768 carie-

445 813 534 887 simo
553 815 587 886 in
604 816 737 892 Christo
758 818 830 894 lilio
844 831 960 896 nostro
977 821 1156 896 Frederioo
1175 819 1405 892 Romanorum
1419 819 1623 915 imperatore
1640 841 1777 915 semper
1789 842 1854 894 eu·

444 948 564 1030 gusto,
594 941 804 1017 urerusarem
827 954 862 1018 a
884 946 998 1020 suere
1016 966 1098 1039 rega
1119 943 1260 1032 illustri,
1291 920 1349 1039 pia
1369 951 1458 1016 aaa
1481 943 1549 1039 ipsi
1573 943 1854 1018 subveniendum

444 1063 662 1157 providimus
686 1089 748 1163 per
774 1071 968 1164 generalem
990 1070 1109 1166 populi
1131 1067 1307 1142 christiani
1332 1087 1535 1140 succursum
1558 1065 1629 1164 (l),
1646 1077 1682 1142 et
1699 1067 1849 1164 ubique,

443 1187 535 1260 sicut
561 1201 613 1262 est
638 1193 775 1284 negotio
793 1196 1007 1289 permaxime
1032 1195 1282 1282 neceesarium,
1312 1191 1405 1289 pecie
1425 1213 1488 1265 seu
1509 1203 1708 1287 treugarum
1724 1191 1854 1268 debere

444 1311 548 1386 iidem
563 1315 752 1388 observari.
773 1317 861 1402 Quia
877 1339 961 1392 uero
977 1319 1162 1392 turbationi
1185 1329 1221 1391 et
1246 1340 1294 1392 ex
1314 1317 1380 1390 hoc
1399 1317 1498 1412 gravi
1522 1317 1675 1412 periculo
1698 1318 1854 1411 subjeoet

443 1446 532 1512 terra
550 1439 723 1535 predicta,
744 1443 991 1539 propterquod
1006 1444 1104 1518 labor
1117 1442 1319 1538 hujusmodi
1335 1442 1571 1516 essetiuutilis
1586 1443 1615 1515 si
1632 1463 1752 1538 paoem
1777 1443 1853 1538 ipsa

444 1584 513 1635 uon
531 1561 688 1656 haberet,
708 1589 860 1664 proque
881 1567 946 1641 hee
964 1569 1117 1666 provisio
1132 1567 1323 1658 emanavit,
1350 1575 1384 1640 et
1400 1567 1499 1640 lacile
1514 1567 1623 1640 amitti
1640 1567 1853 1660 contingeret

443 1709 653 1785 paucaeque
671 1703 857 1788 supersunt
874 1693 1038 1788 reliquias
1061 1716 1109 1768 ex
1126 1693 1274 1784 cadem3
1296 1713 1359 1766 nos
1376 1694 1533 1766 nolentes
1551 1693 1641 1765 sicut
1663 1713 1729 1765 nec
1746 1691 1853 1765 dahe-

443 1833 520 1886 mus
532 1813 642 1910 ipsius
652 1819 896 1892 exterminium
911 1819 1092 1910 sustinere,
1106 1817 1337 1892 venerabilem
1349 1818 1486 1890 fratrem
1500 1825 1654 1890 nostrum
1669 1815 1853 1914 archiepis

442 1958 566 2032 copum
583 1939 837 2031 Ravennatem,
858 1942 1054 2039 Apostolice
1069 1942 1170 2018 Sedis
1184 1943 1353 2040 legatum,
1370 1942 1470 2036 cujus
1487 1940 1703 2016 discretionis
1717 1956 1752 2016 at
1770 1965 1853 2038 pro·

440 2059 558 2136 bitatis
575 2065 694 2139 merita
713 2089 777 2140 nos
793 2065 974 2140 hortantur
986 2079 1026 2140 ut
1039 2069 1075 2140 iu
1089 2067 1209 2142 arduis
1220 2067 1367 2163 negotiis
1381 2066 1476 2140 vices
1492 2075 1624 2140 nostrae
1641 2065 1852 2143 fiducialiter

440 2188 693 2264 committamus
710 2191 842 2286 eidem,
869 2192 915 2267 ad
933 2201 1047 2290 pertas
1069 2201 1201 2268 vestras
1218 2191 1386 2267 duximus
1404 2189 1661 2266 destinandum.
1682 2192 1851 2278 Quocirca

441 2311 700 2388 universitatem
721 2325 869 2390 uestram
889 2337 1070 2390 monemus
1091 2338 1153 2413 per
1173 2316 1359 2412 apostoliea
1380 2315 1508 2412 scripta
1535 2315 1740 2390 mandantes
1761 2339 1849 2411 qua·

440 2447 542 2509 tenus
570 2459 651 2512 eum
678 2440 769 2514 sicut
792 2438 988 2536 apostolice
1014 2439 1114 2514 Sedis
1136 2441 1287 2537 legatum
1307 2439 1425 2514 debito
1452 2439 1679 2536 suscipientes
1700 2440 1848 2532 honore,

438 2561 635 2636 salubribus
653 2564 761 2660 ipsius
779 2565 918 2638 monitis
933 2575 967 2640 et
982 2563 1153 2640 mendatis
1175 2575 1210 2639 et
1231 2565 1424 2662 specialiter
1439 2587 1545 2662 super
1562 2586 1648 2662 pace
1672 2566 1722 2638 ibi
1741 2566 1851 2640 reior-

438 2686 585 2780 manda,
614 2697 684 2761 tam
707 2687 832 2763 devote
850 2711 955 2786 quam
973 2687 1149 2766 humiliter
1166 2689 1345 2764 intendere
1358 2690 1561 2786 procuretis.
1580 2691 1746 2788 Alioquin
1763 2711 1852 2766 seu·

440 2809 580 2883 tentiam
595 2834 701 2908 quam
719 2813 784 2888 rita
801 2813 916 2888 tulerit
919 2867 1132 2888 ......
1159 2823 1267 2890 ratam
1286 2813 1852 2908 habebimusetservan’,auorore

441 2936 524 3026 Deo,
540 2959 651 3034 usque
667 2937 714 3012 ad
728 2939 993 3014 succinctionem
1006 2961 1195 3034 congruam
1213 2939 1391 3014 iaciemus.

490 3065 618 3136 Datum
632 3065 776 3161 Spoleti,
796 3065 840 3138 Vl
860 3061 969 3164 [idus]
988 3065 1145 3160 augusti,
1162 3063 1381 3162 pontificatus
1395 3063 1502 3138 nostri
1515 3083 1607 3138 auno
1623 3075 1759 3140 octavo.

688 3375 978 3386 Μ
981 3379 1113 3386 -----
1116 3375 1598 3388 -υ--υ-ι--“

379 3765 385 3778 .
494 3657 698 3771 Gregorius
729 3687 827 3772 papa
858 3663 1036 3773 praelatis
1068 3668 1122 3771 [et
1147 3663 1347 3770 universis}
1378 3661 1487 3775 regui
1518 3657 1849 3771 Hierosolymitani

439 3795 598 3878 mandat
615 3806 659 3880 ut
683 3821 818 3908 pacem
843 3797 942 3882 inter
960 3798 1064 3910 ipsos
1085 3808 1123 3884 et
1139 3799 1406 3912 imperatorem
1431 3797 1565 3882 initum
1582 3790 1850 3880 inviolabiliter

475 4117 512 4191 (4)
528 4119 653 4194 legimm
665 4119 693 4179 in
707 4123 759 4179 Vir.
775 4123 1071 4199 carpor.1x,papam
1088 4125 1141 4183 hoc
1157 4131 1277 4200 tempore
1291 4125 1392 4201 Spoleti
1408 4121 1613 4198 congregarisee
1631 4123 1793 4178 currentem
1811 4116 1847 4174 de

439 4215 521 4275 rebus
534 4217 666 4292 Syriacis,
678 4219 722 4278 cui
738 4220 879 4278 astiterunt
891 4227 948 4279 tres
964 4221 1150 4296 patriarchae,
1166 4223 1270 4282 seilicet
1283 4219 1606 4296 Consentinopolitauna,
1625 4215 1805 4274 antiochenus
1818 4217 1848 4270 el

441 4313 706 4390 Hierosolymitanue.
719 4317 760 4376 Gi.
772 4319 927 4390 Sarrana„
948 4319 1046 4378 amat.
1067 4321 1165 4378 Eoele.
1184 4321 1219 4378 ad
1236 4335 1299 4380 ann.
1316 4321 1401 4390 4444,
1419 4317 1559 4394 §xxvii
1576 4313 1660 4376 Adaei
1675 4325 1782 4385 (44041440
1798 4325 1844 4384 Ι4)·

440 4412 603 4472 aarum
618 4413 792 4474 iamiam
804 4416 937 4476 universe
954 4415 1078 4478 4444444
1089 4435 1139 4492 aa
1150 4417 1273 4492 uagum
1286 4415 1436 4478 masena
1448 4431 1465 4474 a
1476 4413 1605 4488 aaran
1616 4409 1700 4470 mma
1719 4405 1845 4482 amaa,

439 4527 494 4586 qua
507 4517 599 4570 monet
611 4511 693 4584 quod,
708 4529 791 4588 quum
808 4514 915 4573 mainus
933 4516 969 4574 ait
984 4515 1115 4574 terminus
1126 4521 1280 4590 naugerum
1294 4515 1329 4573 ab
1348 4515 1507 4590 imperatore
1516 4527 1578 4570 cunr
1589 4507 1700 4568 soldano
1710 4505 1843 4570 inunum.

439 4609 554 4685 quisque
564 4607 599 4667 ad
610 4607 709 4668 Terrae
719 4609 832 4670 Sanctae
845 4611 994 4672 subsidium
1008 4613 1120 4672 uiriliter
1128 4630 1160 4672 ee
1172 4613 1301 4688 accingat
1311 4613 1372 4672 ilat.
1381 4611 1493 4688 Spoleti,
1506 4609 1530 4669 ll
1542 4623 1605 4668 nou.
1615 4610 1696 4680 sept,
1709 4617 1772 4662 Μ·
1785 4599 1845 4658 Vm

441 4707 467 4783 (l
479 4707 646 4784 septtiel).
657 4709 762 4769 Hirtor.
776 4709 877 4786 major,
891 4711 956 4770 edit.
967 4713 1047 4786 44444,
1060 4729 1090 4787 p.
1103 4713 1157 4774 ert
1166 4719 1193 4770 et
1203 4727 1280 4786 seqq.
