4288 5912
208 607 308 668 lucror.
325 603 369 684 6.]
659 601 857 666 HISTORIA
881 599 1175 666 blrbobetlclt.
1560 606 1620 668 tlt

207 737 320 816 taliter
336 738 495 814 excreuit
514 737 551 810 in
575 736 733 814 homines
757 741 867 829 Sene,
893 737 1083 812 seeundum
1101 739 1182 830 jura
1196 738 1325 833 puniri.
1342 740 1381 812 ln
1394 741 1523 836 quibus
1544 762 1620 815 om·
1737 723 1738 731 ἵ

204 863 310 940 nibus
322 865 448 938 libellis
460 862 671 959 intelligatur
683 866 771 940 lacta
786 864 944 962 repetitio
957 861 1114 956 eiusdem
1128 863 1292 958 temporis
1305 874 1341 938 et
1352 865 1429 940 loci.
1446 867 1484 938 ln
1498 865 1619 940 eadem

205 999 362 1088 preterea
379 987 474 1062 cuna
489 987 603 1082 jndcx
616 989 737 1063 Petrus
751 988 796 1063 de
806 991 934 1062 Sancto
948 987 1130 1080 Germano,
1148 985 1340 1062 advocatus
1353 987 1441 1079 lisci,
1458 989 1623 1086 denunp-

208 1114 309 1188 tiavit
332 1113 503 1211 imperiali
528 1112 624 1187 curie
648 1113 744 1209 quod
772 1135 853 1186 enm
880 1112 1087 1186 universitas
1109 1112 1281 1186 llorentie
1305 1115 1427 1188 inisset
1450 1115 1551 1188 citata
1575 1135 1623 1188 ex

209 1245 307 1334 parte
326 1235 457 1311 domini
478 1235 696 1334 imperatorie
717 1235 784 1309 snb
799 1235 1028 1332 peremptorio
1046 1235 1112 1308 snb
1133 1257 1225 1331 pena
1240 1233 1361 1310 decem
1379 1237 1514 1310 milium
1532 1257 1624 1309 mar·

210 1381 329 1433 earum
350 1359 482 1454 argenti
501 1367 541 1432 nt
561 1359 695 1433 veniret
716 1360 847 1432 lactura
866 1358 1035 1452 justitiam
1054 1359 1193 1431 comuni
1215 1380 1278 1433 seu
1298 1359 1514 1434 universitati
1533 1362 1624 1435 Sene

211 1505 317 1582 super
333 1483 543 1580 quibusdam
557 1483 695 1558 damnis
716 1483 824 1576 datis,
847 1483 984 1577 injuriis
1006 1493 1042 1556 et
1059 1483 1165 1557 rebus
1177 1484 1267 1576 aliis,
1291 1493 1327 1557 et
1348 1485 1569 1558 convenerit
1587 1486 1624 1558 in

211 1610 356 1683 termino
374 1609 441 1682 eibi
460 1607 605 1706 prolixo,
627 1609 712 1705 petit
732 1608 806 1706 ipsa
825 1606 946 1682 decem
968 1607 1064 1682 milia
1090 1628 1282 1680 marearum
1305 1609 1352 1682 ad
1374 1631 1461 1706 opus
1481 1609 1577 1683 curie
1601 1631 1623 1684 a

211 1732 305 1808 diota
323 1733 548 1807 universitate
566 1753 629 1806 seu
648 1733 788 1806 oomnni
813 1732 983 1808 Florentio
1005 1732 1132 1806 auferri
1151 1741 1187 1805 et
1210 1732 1307 1827 exigi
1324 1755 1387 1808 seu
1408 1734 1619 1828 extorqueri.

208 1857 455 1954 Denunptiavit
479 1858 582 1932 etiam
606 1855 701 1932 idem
724 1856 837 1950 judex
865 1858 985 1930 Petrus
1011 1858 1056 1931 de
1081 1858 1206 1931 Sancto
1229 1855 1397 1931 Germano
1421 1859 1619 1954 quodcum

212 1983 350 2058 comuni
365 2003 427 2056 seu
440 1982 657 2058 universitati
673 1983 844 2056 Florentie
857 1981 978 2056 luisset
990 1983 1182 2072 injunctum
1194 1990 1229 2055 ct
1242 1981 1450 2076 prohibitum
1467 2005 1514 2056 ex
1528 1993 1626 2079 perte

211 2107 343 2182 domini
356 2107 572 2204 imperatoris
584 2108 652 2180 snb
666 2127 755 2204 pena
766 2115 904 2180 centnm
916 2105 1062 2179 millium
1077 2127 1270 2179 marearum
1284 2108 1416 2200 argenti
1428 2129 1473 2180 ne
1483 2108 1624 2180 univer·

210 2231 344 2306 sitatem
364 2253 425 2306 seu
447 2253 595 2306 comune
616 2233 707 2306 Sene
732 2231 939 2320 offenderet,
959 2241 1073 2328 spreta
1098 2230 1157 2303 tali
1178 2230 1407 2326 prohibitione
1429 2243 1464 2304 et
1484 2231 1624 2306 defensa

210 2357 312 2448 iacta,
324 2355 496 2430 destruxit
508 2367 618 2430 eastra
632 2378 764 2445 eorum,
775 2357 978 2454 expoliavit,
988 2356 1144 2430 bomines
1160 2357 1252 2453 cepit
1265 2357 1374 2453 ipsius
1388 2357 1544 2430 comunis
1559 2379 1622 2430 seu

212 2480 339 2556 damna
359 2482 467 2554 multa
486 2481 603 2554 intulit
624 2482 690 2578 ipsi
713 2481 932 2556 universitati
952 2484 1053 2555 Sene.
1076 2481 1175 2555 Unde
1193 2482 1279 2578 petit
1296 2481 1410 2556 dietus
1426 2481 1538 2575 judex
1559 2483 1622 2554 Pe·

210 2617 284 2678 tres
301 2605 347 2680 ad
365 2627 453 2704 opus
472 2605 604 2680 domini
625 2607 840 2703 imperatorie
865 2606 958 2680 dicta
983 2607 1078 2680 milia
1102 2627 1294 2680 marcarum
1319 2607 1454 2699 argenti
1477 2607 1521 2678 ab
1546 2597 1623 2678 nni·

208 2730 371 2804 versitate
387 2752 449 2805 seu
468 2731 608 2805 comuni
626 2729 717 2806 dicte
734 2731 905 2805 Florentio
919 2731 1014 2826 exigi
1029 2753 1089 2804 eeu
1108 2731 1319 2826 extorqueri,
1338 2753 1417 2804 cum
1434 2731 1536 2804 luerit
1549 2731 1623 2827 ipsa

209 2856 418 2930 universitas
432 2857 601 2930 Florentie
618 2877 722 2954 snper
737 2855 805 2930 boc
817 2857 920 2932 citata
940 2855 1007 2930 sub
1020 2857 1249 2953 peremptorio
1263 2865 1297 2928 et
1314 2876 1383 2928 non
1403 2857 1536 2930 venerit
1549 2860 1623 2950 jus·

210 2981 324 3054 ticiam
344 2982 487 3056 iactura.
504 2981 639 3068 Quibus
662 2981 958 3074 accusationibus,
983 2980 1325 3077 denunptiationibus
1348 2989 1382 3055 et
1399 2981 1624 3078 petitionibus

210 3105 247 3177 in
267 3106 343 3200 ipsa
365 3106 461 3180 curia
480 3106 683 3204 propositis,
708 3105 822 3181 edicto
839 3126 984 3180 comone
1001 3103 1074 3203 (sic)
1093 3107 1182 3181 lacto
1201 3115 1236 3180 et
1258 3107 1480 3202 solempniter
1497 3128 1624 3204 propo·

211 3229 288 3321 sito,
295 3231 469 3326 quesitum
487 3239 541 3304 est
557 3231 587 3304 si
604 3231 638 3303 in
654 3231 750 3305 curia
766 3231 841 3327 ipsa
857 3230 1023 3324 sindicus,
1033 3241 1230 3326 procurator
1243 3241 1303 3305 ant
1315 3240 1410 3304 actor
1420 3231 1545 3326 aliquis
1560 3251 1623 3327 pro

209 3366 306 3452 parte
328 3356 598 3429 Florentinomm
616 3365 678 3428 aut
696 3357 824 3452 aliquis
841 3355 932 3429 alins
947 3355 1009 3452 qui
1037 3377 1076 3429 se
1097 3356 1288 3430 defensioni
1309 3357 1465 3454 ipsorum
1487 3357 1623 3430 offerret

209 3481 436 3553 inveniretur.
456 3480 579 3554 Nullus
600 3481 759 3578 apparuit
782 3481 844 3576 qui
865 3480 923 3554 vel
944 3480 1152 3554 sindioatnm
1175 3489 1236 3554 aut
1261 3481 1536 3576 procurationem
1559 3503 1620 3555 seu

209 3604 361 3699 aliquam
375 3605 613 3680 auctoritatem
629 3614 797 3679 assereret
819 3615 881 3678 aut
895 3603 1085 3679 defensioni
1099 3606 1494 3680 lllorentincrum‘etiam
1515 3627 1553 3678 se
1568 3607 1621 3680 oi-

209 3729 325 3802 ierret.
344 3731 498 3826 Cumque
510 3731 768 3826 prenominatus
781 3731 965 3806 Gnidottus
981 3740 1078 3804 actor
1092 3741 1127 3804 et
1138 3731 1294 3805 sindicus
1311 3731 1543 3805 universitatis
1557 3753 1619 3804 seu

209 3853 364 3926 comunis
382 3855 490 3944 Sene,
512 3875 647 3928 necnon
668 3854 864 3928 antedictus
880 3855 1044 3950 magister
1060 3855 1179 3929 Petrus
1196 3857 1385 3930 advocatus
1408 3863 1443 3929 et
1461 3854 1620 3951 denunp-

209 3977 310 4050 tiator
340 3999 404 4074 pro
434 3987 531 4074 parte
558 3978 653 4052 curie
683 3979 849 4051 instanter
877 3977 1042 4052 instarent
1066 3979 1212 4054 adverse
1238 3980 1343 4076 partis
1372 3978 1559 4053 absentiam
1585 3991 1620 4053 et

210 4103 458 4177 contumaciam
479 4103 687 4191 incusando,
706 4124 856 4198 eumque
877 4104 980 4177 etiam
1001 4126 1048 4178 ex
1069 4099 1352 4178 rememoratione
1370 4115 1405 4176 et
1423 4104 1618 4178 testimonio

211 4225 343 4299 domini
366 4227 472 4300 nostri
497 4227 712 4323 imperatoris
735 4228 837 4323 plene
854 4235 889 4299 et
907 4229 1087 4301 manifeste
1106 4237 1276 4302 constaret
1298 4227 1511 4302 antedictum
1535 4228 1620 4300 Gui-

210 4349 345 4424 dottum
362 4359 511 4425 actorem
532 4361 567 4426 et
585 4351 758 4426 sindienm
778 4371 913 4426 necnon
934 4353 1102 4452 prelatum
1126 4353 1328 4446 magistrum
1350 4353 1487 4426 Petrum
1507 4353 1616 4426 advo·

210 4481 323 4546 catum
333 4471 406 4547 fisci
417 4485 453 4548 et
463 4474 761 4572 denunptiatorem
777 4497 840 4573 pro
854 4485 952 4574 parte
966 4477 1060 4550 curie
1074 4476 1109 4548 iu
1124 4477 1210 4550 leste
1223 4475 1386 4550 Omnium
1400 4477 1614 4568 Sanctorum,

208 4615 313 4691 quem
343 4600 527 4673 terminum
549 4600 662 4694 judex
688 4601 892 4696 Peregrinus
918 4601 1074 4694 ejusdem
1104 4600 1236 4675 domini
1266 4602 1373 4675 nostri
1404 4601 1617 4698 imperatoris

208 4724 375 4819 nunptios
386 4725 543 4822 partibus
555 4726 623 4801 sub
638 4727 867 4825 peremptorio
881 4735 915 4801 et
926 4727 1126 4801 Florentinis
1140 4704 1206 4802 sub
1218 4727 1333 4802 banno
1349 4727 1468 4802 decem
1482 4727 1617 4799 milium

288 4846 339 4910 IV.
1419 4860 1456 4913 to
