4360 5908
217 579 315 639 imm.
331 575 376 661 5.]
675 571 871 636 HISTORIA
896 575 1188 638 nlnuouanlca
1570 571 1637 633 -273

220 713 386 788 iohannis
399 712 437 784 in
451 710 589 801 Turtel,
603 718 731 784 certam
747 710 881 786 habens
899 709 1062 787 fiduciam
1085 735 1190 810 super
1215 709 1427 808 benignitate
1444 731 1486 786 ac
1508 711 1633 806 provi-

221 838 336 913 dentia
359 835 546 930 majestatis
568 843 705 929 nostre,
722 836 769 911 ad
795 847 944 911 nostram
960 839 1056 934 apud
1071 840 1270 912 Ravennam
1285 835 1473 911 accedebat
1491 857 1633 932 presen-

221 963 304 1036 tiam
326 970 362 1035 ct
378 983 494 1035 coram
514 959 661 1034 testibus
682 962 902 1058 subscriptis,
921 973 987 1037 ctc.
1010 959 1190 1062 [Sequitur
1209 961 1255 1035 de
1276 962 1384 1036 verbo
1399 959 1446 1035 ad
1467 961 1631 1054 verbum,

222 1088 313 1161 nour
335 1088 373 1160 ru
391 1085 574 1183 privilegio
599 1086 737 1159 uenus
758 1088 912 1182 septimi,
939 1088 1021 1162 caro
1038 1088 1135 1184 apuu
1154 1088 1382 1178 autemnam,
1403 1067 1450 1162 ac
1473 1085 1631 1160 cosma

224 1209 335 1302 4227,
360 1211 456 1306 quod
472 1232 598 1306 supra,
622 1220 647 1282 t.
669 1211 731 1295 111,
751 1234 788 1308 p.
805 1213 895 1302 3633
918 1213 984 1286 nisi
1002 1211 1098 1309 quod
1116 1234 1179 1309 pro
1197 1211 1449 1302 Eidrccitinbcr,
1470 1235 1565 1285 nunc
1580 1213 1636 1286 le-

223 1336 318 1432 gitur
339 1335 608 1422 &cetimum
628 1335 710 1408 itsm
731 1357 792 1431 pro
815 1347 846 1408 at
868 1339 906 1410 ia
927 1339 1023 1410 curia
1039 1349 1151 1412 nostra
1170 1338 1215 1410 ad
1229 1337 1492 1433 prosequendus,
1511 1335 1637 1432 legitur

225 1471 351 1534 etcum
373 1483 445 1534 esse
461 1461 499 1532 in
516 1461 612 1534 cuda
631 1470 744 1532 costra
764 1461 927 1536 notuerint
949 1463 995 1536 cd
1007 1463 1266 1558 mcoequcadcs.
1287 1464 1338 1536 Ita
1361 1472 1477 1536 tamen
1498 1463 1638 1536 conclu·

225 1585 320 1660 ditur
338 1583 369 1684 a]
387 1594 582 1682 presentem
595 1585 758 1680 paginam
773 1586 866 1660 bulla
878 1609 983 1662 aurea
998 1587 1131 1686 typario
1144 1597 1257 1662 nostra
1271 1587 1457 1682 majestatis
1471 1588 1639 1684 impressa

221 1709 393 1805 jussimus
409 1709 579 1784 roborari.

274 1837 386 1930 Hujus
401 1845 517 1908 autem
532 1835 584 1909 rei
598 1844 702 1908 testes
715 1845 798 1908 sunt
813 1863 822 1907 r
839 1838 879 1908 Β.
895 1836 1351 1934 patriarchquuilcgcnais,
1365 1833 1527 1910 Albenm
1537 1838 1640 1931 Mag-

226 1958 469 2054 deburgsnsis,
492 2012 503 2031 .
521 2013 530 2030 .
548 2013 558 2031 .
579 1960 762 2033 Ravennae
779 1969 814 2032 at
830 1962 869 2034 Β.
888 1963 1149 2035 Panormitanus
1166 1960 1464 2056 archiepiscopus,
1488 2015 1497 2032 .
1516 2015 1525 2032 .
1543 2015 1553 2032 .
1571 1963 1641 2034 Pa-

225 2083 485 2178 binbergensis,
514 2137 579 2157 ...
604 2083 888 2175 wormaciensis,
915 2139 980 2160 ...
1002 2085 1209 2174 Brixiensis,
1241 2138 1307 2158 ...
1337 2085 1638 2181 Oscmbnrgensis,

226 2207 272 2282 N.
297 2210 468 2306 Reginus,
500 2263 567 2281 ...
598 2207 842 2302 Ariminensis,
868 2265 877 2282 .
899 2265 934 2282 ..
961 2210 1172 2300 imolensis,
1294 2211 1540 2300 lausanensis,
1571 2262 1638 2283 ...

226 2335 422 2409 Fesulanns
444 2333 618 2432 episcopi,
643 2387 710 2405 ...
737 2333 846 2407 abbas
865 2333 1162 2428 Monasteriensis,
1189 2333 1351 2408 Albertus
1372 2334 1450 2408 dux
1472 2334 1641 2429 Saxonis,

228 2458 412 2534 Gebardus
425 2457 471 2534 dc
485 2457 668 2532 Aruestcin
680 2458 815 2552 legatus
828 2459 963 2555 imperii
979 2459 1014 2531 in
1028 2459 1138 2550 ltalia,
1150 2479 1265 2532 comes
1275 2455 1478 2532 Adultusdc
1490 2459 1644 2533 Schoun·

227 2583 326 2658 buch
341 2581 405 2682 (o),
422 2604 538 2658 comes
559 2579 789 2681 [L]udolphus
805 2581 850 2656 de
867 2582 1064 2676 Aircmcnt,
1086 2605 1201 2657 comes
1219 2581 1399 2656 Heinricus
1417 2581 1463 2656 de
1479 2585 1644 2658 Walden·

229 2708 351 2794 barch,
370 2729 485 2782 comes
499 2706 711 2799 Magnardus
731 2706 776 2781 dc
790 2707 991 2803 Munegcuit
1004 2707 1071 2806 (b),
1087 2709 1222 2782 Uiricus
1235 2707 1444 2802 burgravius
1462 2708 1507 2782 de
1519 2708 1641 2802 witin,

230 2833 422 2908 Gottfridus
442 2832 488 2906 de
508 2831 700 2926 Hoculoch,
721 2831 930 2906 Gunzelinus
952 2833 1186 2926 senescalcus,
1208 2832 1389 2908 Conradus
1412 2831 1579 2929 pincerna
1601 2831 1646 2908 do

97 2950 98 2954 ¹
230 2959 483 3054 Clingenburg,
500 2967 535 3032 ct
551 2958 611 3032 alii
625 2959 861 3054 quamplures.

281 3085 427 3179 Signum
451 3083 583 3158 domini
610 3083 824 3178 imperatoris
849 3082 1012 3157 Fridcrici
1039 3083 1183 3158 secundi
1212 3083 1274 3157 Dei
1296 3084 1405 3180 gratia
1429 3079 1646 3157 invictissimi

231 3209 464 3283 Romanorum
486 3206 702 3302 imperatoris
719 3227 855 3303 sempor
867 3207 1018 3302 augusti,
1036 3207 1223 3282 Jerusalem
1238 3217 1273 3280 ct
1286 3207 1401 3282 Sicilie
1416 3208 1521 3302 regis.

283 3335 370 3406 Actu
389 3341 471 3406 sunt
487 3332 554 3405 hec
569 3352 662 3405 anno
681 3330 854 3406 dominice
876 3331 1120 3405 incarnationis
1137 3331 1317 3405 millesimo
1333 3331 1569 3405 ducentesimo
1584 3329 1645 3402 tri·

234 3459 365 3534 cceirnc
393 3459 524 3556 primo,
555 3479 675 3532 mense
692 3455 885 3548 decembri,
911 3457 1031 3554 quinte
1060 3455 1275 3545 indictionis,
1304 3457 1493 3553 imperante
1507 3453 1647 3528 domino

234 3593 353 3658 nostro
369 3583 543 3657 Fridcrico
560 3581 716 3656 secundo
731 3583 794 3656 Dei
820 3583 930 3676 gratia
951 3581 1176 3656 invictissimo
1198 3583 1428 3656 Romanorum
1446 3579 1649 3675 imperatore

234 3729 373 3804 semper
381 3717 549 3802 augusto,
570 3707 757 3780 Jerusalem
770 3716 804 3781 at
822 3707 937 3780 Sicilie
952 3729 1051 3801 rege,
1070 3699 1161 3779 anno
1178 3707 1312 3803 imperii
1330 3707 1406 3800 ejus
1424 3703 1646 3793 duodecimo,

234 3831 336 3926 regni
350 3831 537 3905 Jerusalem
556 3830 702 3926 septimo
717 3837 752 3902 et
765 3829 880 3903 Sicilia
894 3829 1066 3903 tricesimo
1081 3837 1225 3925 quarto,
1244 3829 1397 3902 feliciter.
1415 3827 1538 3901 Amen.

285 3957 409 4028 Datum
428 3956 465 4027 in
483 3955 623 4028 civitate
641 3955 826 4048 Ravcnue,
847 3976 957 4048 anno,
978 3976 1096 4028 mense
1112 3962 1147 4028 ct
1163 3953 1351 4059 indictione
1368 3951 1579 4050 prescriptis.

280 4129 323 4212 (a)
343 4132 430 4194 Forte
443 4134 520 4222 daut
531 4149 622 4210 supra
634 4131 791 4212 legendum
803 4129 996 4215 Sudoaodurq
1010 4149 1063 4194 scu
1074 4129 1288 4215 Scltcocabarrp.

281 4237 322 4319 (d)
343 4239 428 4302 Idam
439 4241 491 4318 qui
509 4256 598 4318 supra
609 4246 732 4302 vocatur
744 4241 787 4302 Μ.
800 4257 890 4303 comer
903 4239 938 4302 dc
949 4237 1100 4324 Mntdurq.
1115 4241 1287 4320 Lugendum
1299 4245 1399 4302 autem
1411 4239 1530 4300 vldatnr
1541 4238 1648 4304 Musc-

238 4342 348 4430 porte,
364 4347 475 4409 scilicet
491 4341 707 4425 Muncdsddeo,
722 4363 776 4410 arx
789 4365 858 4411 cum
872 4349 979 4429 oppido
991 4348 1069 4410 inira
1087 4347 1233 4424 Lindon,
1248 4355 1283 4410 ut
1293 4353 1393 4409 monet
1405 4348 1545 4426 Naugart.
