4320 5918
280 580 378 644 maror.
397 582 440 658 7.]
730 577 928 640 HISTORIA
953 576 1246 641 elaborantes.
1633 579 1694 642 459

280 713 386 798 bibet
402 738 451 797 ne
468 711 538 795 ulli
554 709 722 794 filiorum
742 709 802 796 uel
823 709 990 794 filiarum
1007 709 1116 822 regni
1133 709 1420 794 matrimonium
1437 735 1526 794 cum
1549 710 1690 795 alieni-
1715 701 1719 711 ’

281 846 390 958 genis
416 843 639 930 corbahare
656 843 739 928 sine
756 842 910 954 speciali
927 843 1055 928 curiae
1071 867 1162 926 suae
1178 866 1367 926 consensu
1382 842 1507 928 liceat.

362 1063 485 1142 (insert
499 1063 532 1123 ln
545 1057 698 1124 amatu
713 1073 797 1142 rsprr.
812 1055 902 1134 sset,
917 1058 970 1122 llh.
982 1059 1039 1133 Ill,
1049 1060 1098 1122 tlt.
1108 1058 1222 1132 XXIII,
1234 1057 1410 1138 parsll,ap.
1421 1057 1566 1134 Gnmm,
1576 1075 1606 1136 p.
1619 1067 1690 1132 tte,

399 1185 470 1230 cam
482 1168 539 1230 boc
550 1169 638 1230 titulo
650 1167 731 1232 Nora
743 1166 920 1229 corutitutr'e.
936 1166 1117 1227 Memoratur
1129 1170 1230 1226 antem
1248 1169 1278 1224 et
1293 1165 1381 1242 quast
1392 1164 1597 1244 compendlose
1608 1163 1691 1224 axbl-

402 1274 490 1336 hetnr
510 1275 591 1352 apud
607 1273 783 1336 lllecmdum
808 1273 977 1336 desmate
999 1271 1163 1352 aemma,
1185 1267 1315 1334 chronic
1340 1270 1380 1333 ad
1401 1287 1473 1334 ann.
1498 1278 1592 1345 iasar
1613 1269 1692 1332 nnds

398 1387 485 1443 notu
501 1379 722 1460 chronologless
734 1377 897 1458 sddlmus.)

328 1563 547 1655 Fmdericus,
566 1574 633 1639 etc.
658 1563 744 1638 Cum
762 1563 1007 1640 hereditarium
1024 1585 1171 1659 regnum
1190 1571 1345 1637 nostrum
1360 1559 1474 1636 Sicilie
1491 1563 1592 1656 cujus
1606 1585 1692 1660 pre-

280 1689 372 1764 clara
389 1689 490 1764 nobis
502 1687 678 1763 hereditas
682 1742 934 1763 .......
947 1743 958 1780 ,
984 1688 1177 1762 laudabiles
1195 1707 1309 1762 mores
1335 1707 1475 1760 snorum
1502 1687 1692 1762 incolarum

280 1814 498 1888 consueverit
509 1814 662 1888 enutrire
673 1835 715 1888 ac
730 1835 892 1910 processu
906 1813 1069 1910 temporis
1082 1812 1290 1886 habitatores
1303 1809 1413 1908 ipsius
1423 1811 1554 1885 servitii
1566 1811 1690 1887 etfidei

280 1935 493 2012 exhibitione
508 1939 706 2012 clamarunt
722 1937 759 2010 in
776 1937 1038 2012 necessitatibus
1055 1935 1295 2030 dominorum,
1318 1956 1403 2032 sepe
1416 1937 1490 2030 jam
1507 1935 1690 2031 contigisse

280 2059 437 2135 dolemus
458 2061 555 2157 quod
577 2071 654 2158 post
678 2061 894 2136 divemamm
913 2062 1103 2136 mixturam
1125 2061 1280 2156 gentium
1299 2082 1402 2157 passa
1421 2069 1475 2134 est
1497 2081 1545 2134 ex
1568 2060 1691 2134 alienis

278 2183 433 2257 moribus
449 2184 546 2280 regni
559 2183 737 2258 sinceritas
753 2183 1003 2280 corruptelam
1022 2185 1071 2258 ita
1084 2183 1181 2281 quod
1193 2205 1240 2286 ex
1252 2204 1322 2280 quo
1340 2183 1498 2258 homines
1514 2184 1612 2278 regni
1630 2185 1691 2257 Si-

281 2308 359 2382 cilie
378 2329 416 2382 se
431 2330 512 2382 oum
526 2308 797 2403 alienigenamm
812 2307 892 2382 liliis
907 2309 1140 2398 miscuerunt,
1158 2307 1339 2404 denigrata
1354 2316 1407 2382 est
1426 2308 1557 2402 puritas
1570 2309 1690 2382 homi-

279 2452 363 2504 nnm
381 2441 417 2506 et
434 2442 657 2508 excrescente
674 2432 811 2508 dierum
827 2433 959 2507 malitia
976 2443 1012 2508 et
1026 2433 1224 2507 infirmitate
1239 2432 1406 2507 mentium
1420 2433 1600 2529 inquinata
1613 2455 1691 2506 con·

279 2556 532 2630 versationibus
545 2579 587 2630 ac
600 2557 723 2630 usibus
736 2557 1242 2651 ceterorum,veritasdecravit
1255 2558 1437 2654 inpopulis
1450 2557 1689 2632 scabillorum

280 2681 447 2755 fermento
463 2703 552 2778 grex
565 2691 618 2756 est
633 2679 789 2757 fidelium
805 2683 1008 2757 maculatus
1026 2684 1077 2756 Ne
1093 2684 1254 2756 timeatur
1270 2703 1354 2778 ergo
1367 2681 1529 2777 deinceps
1547 2682 1689 2756 cohabi-

280 2807 427 2878 tantium
445 2807 480 2878 in
504 2827 612 2902 regno
635 2805 818 2882 diversitas
844 2809 1023 2882 nationum
1041 2830 1168 2903 magna
1189 2807 1324 2882 illatura
1342 2805 1542 2882 discrimina
1562 2809 1620 2880 vel
1643 2807 1689 2881 ad

280 2931 378 3026 regni
397 2931 509 3024 majus
525 2931 783 3006 incommodum
804 2953 1043 3028 progressura,
1070 2935 1225 3006 volentes
1241 2931 1420 3006 hominum
1435 2931 1691 3006 diversitatibus

281 3063 478 3150 competens
491 3055 657 3130 adhibere
673 3055 883 3150 remedium,
902 3057 1082 3154 presertim
1095 3079 1140 3131 ne
1157 3059 1194 3130 in
1212 3064 1454 3151 regnonostro
1469 3056 1623 3152 gentium
1636 3057 1690 3128 in-

278 3176 423 3252 firmitas
441 3179 629 3269 nutriatur,
657 3178 772 3256 edicto
794 3181 945 3275 generali
971 3180 1169 3254 solemniter
1191 3179 1361 3254 duximus
1377 3179 1599 3253 statuendum
1613 3182 1691 3253 uni-

280 3302 391 3376 versis
417 3302 463 3378 da
483 3324 592 3398 regno
607 3311 642 3376 at
663 3303 811 3398 singulis
833 3302 1023 3378 inhibendo
1045 3315 1084 3376 ut
1107 3305 1195 3378 nulli
1222 3304 1324 3378 liceat
1349 3303 1475 3378 amodo
1498 3303 1543 3377 de
1560 3303 1640 3377 liliis
1657 3315 1692 3378 et

278 3422 416 3500 filiabus
439 3427 537 3522 regni
561 3427 819 3504 matrimonium
843 3449 923 3502 cnm
945 3430 1073 3506 exteris
1096 3439 1131 3502 et
1154 3429 1353 3520 alienigenis
1378 3429 1441 3524 qui
1465 3429 1522 3503 vel
1536 3449 1606 3524 que
1621 3449 1690 3502 non

279 3559 360 3624 sont
377 3550 423 3625 de
440 3573 548 3646 regno
563 3552 696 3650 absque
713 3553 854 3650 speciali
868 3553 1091 3649 requisitione
1107 3563 1143 3628 et
1160 3553 1322 3628 mandato
1340 3573 1560 3628 acconsensu
1575 3563 1691 3627 nostre

280 3674 376 3750 ende
389 3676 617 3751 contrahere:
634 3697 677 3752 eo
697 3677 860 3752 videlicet
875 3677 981 3754 modo
998 3687 1039 3753 ut
1055 3701 1121 3754 nee
1136 3680 1253 3774 aliqua
1272 3679 1318 3756 de
1335 3700 1442 3774 regno
1460 3679 1592 3752 nubere
1605 3680 1689 3752 alie·

277 3797 416 3891 nigenis
430 3797 575 3893 audeat,
597 3823 662 3874 nec
678 3801 787 3898 aliqui
799 3801 888 3877 filias
900 3803 1173 3899 alienigenarum
1191 3803 1320 3879 ducere
1337 3803 1373 3878 iu
1389 3823 1516 3878 uxores
1527 3823 1609 3875 snas
1621 3801 1686 3900 (l).

278 3919 346 3996 Eos
363 3922 426 4018 qui
438 3933 555 3998 contra
572 3927 840 4022 presumpserint
850 3927 1020 4002 bonorum
1033 3928 1187 4004 omnium
1203 3927 1405 4024 spoliatione
1417 3927 1636 4002 mulctamus.

327 4041 428 4143 [Data
441 4049 639 4145 Syracusis,
660 4072 781 4126 mense
793 4050 1006 4145 decembris,
1026 4053 1215 4127 indictione
1230 4048 1320 4150 vlt]

314 4351 347 4426 lt)
365 4351 406 4412 Gt.
421 4359 511 4413 amen
524 4355 588 4430 qnid
597 4371 679 4433 supra
690 4360 880 4426 notaverimus,
894 4377 922 4436 p.
939 4363 1001 4434 2³3,
1017 4363 1112 4420 nott.
