4288 5912
230 593 328 652 trum
343 588 389 667 6.]
681 581 877 644 HISTORIA
902 582 1195 648 otPLottttrtcn
1576 585 1637 648 449

233 723 414 798 fecerimus
426 717 637 795 evidentem.
654 715 753 792 Unde
766 717 896 792 locnsa
910 717 1046 792 damnis
1060 727 1095 794 et
1112 719 1330 815 injuriisque
1347 718 1409 794 tibi
1422 719 1637 794 Lombardo-

230 870 308 920 rum
323 843 495 920 temeritas
509 841 697 938 irrogavit?
714 841 792 928 Qus
807 851 888 914 sunt
905 843 989 940 illa?
1011 845 1104 916 Pone
1116 842 1212 938 quod
1230 843 1377 939 plurima
1396 869 1405 914 z
1427 851 1540 918 tamen
1554 845 1639 940 quia

230 969 435 1044 Lombardis
455 967 578 1064 paratis
598 965 716 1039 subire
733 963 905 1058 judicium
923 976 1160 1062 procuratores
1182 967 1233 1039 tui
1260 967 1346 1040 nihil
1364 967 1432 1039 sub
1449 965 1560 1062 figura
1572 970 1638 1062 ju-

233 1093 316 1167 dicii
332 1111 526 1189 proponere
544 1091 744 1182 voluerunt,
769 1089 805 1161 in
822 1092 976 1164 favorem
994 1091 1045 1163 tui
1066 1091 1215 1164 nominis
1236 1089 1282 1163 ad
1300 1089 1506 1187 provisionis
1526 1113 1637 1165 reme·

231 1217 330 1292 dium
347 1237 412 1290 nos
434 1213 586 1311 oportuit
608 1212 736 1286 babere
753 1233 948 1304 recursum,
971 1235 1039 1308 que
1054 1213 1317 1308 qualiscumque
1332 1224 1390 1286 tue
1410 1215 1639 1310 magnitudini

230 1341 410 1430 videatur,
429 1349 544 1412 umen
560 1357 607 1410 ex
619 1335 676 1408 illa
695 1335 879 1409 Lombardi
897 1359 935 1410 se
952 1345 1110 1430 gravatos
1125 1337 1339 1432 intelligunt,
1362 1359 1403 1412 eo
1420 1338 1517 1432 quod
1534 1361 1640 1436 super

231 1464 359 1538 habitis
382 1471 500 1536 contra
515 1469 550 1534 te
568 1459 785 1556 pmeeesibus
807 1481 845 1532 se
863 1461 899 1531 in
920 1459 1056 1534 modim
1074 1461 1259 1556 culpabiles
1281 1482 1329 1536 ex
1350 1462 1463 1535 causis
1481 1463 1639 1558 plurimis

231 1596 491 1684 recognoseunt.
497 1584 567 1660 Sed
579 1585 754 1680 querelam
765 1585 904 1678 querele
914 1583 1049 1676 adjicis,
1059 1592 1094 1656 et
1101 1584 1284 1680 subjungis
1291 1584 1387 1680 qnod
1397 1586 1433 1658 in
1442 1587 1640 1682 provisione

231 1712 386 1808 predicta
401 1711 493 1806 prior
506 1709 552 1783 sit
567 1707 694 1782 omissa
708 1707 891 1782 conventio
900 1708 945 1782 de
963 1708 1128 1780 militibus
1137 1707 1409 1802 quadringentis.
1428 1708 1558 1787 Adbuc
1575 1734 1638 1787 au·

233 1847 301 1910 tem
318 1857 424 1930 quam
436 1855 619 1930 possumus
631 1831 783 1906 breviter
795 1841 830 1906 et
844 1831 958 1905 lucide
974 1830 1237 1928 respondemus.
1257 1833 1331 1906 Seis
1342 1833 1451 1926 enim,
1470 1835 1536 1907 nisi
1552 1837 1640 1908 torte

231 1959 398 2033 oblivioni
413 1957 624 2032 commiseris
641 1957 719 2030 aliis
738 1957 895 2052 pluribus
916 1964 1123 2052 occupatos,
1148 1956 1244 2051 quod
1265 1957 1457 2031 secundum
1482 1957 1640 2032 declara-

233 2084 358 2157 tionem
372 2083 481 2156 felicis
492 2081 739 2156 recordationis
749 2081 889 2156 Honorii
905 2102 995 2178 pape
1008 2080 1260 2177 predecessoris
1273 2082 1393 2170 nostri,
1403 2104 1509 2178 quam
1520 2105 1639 2182 sump-

232 2218 302 2280 tam
315 2230 360 2283 ex
377 2207 520 2303 regestis
536 2207 601 2280 tibi
613 2206 831 2302 presentibus
844 2206 1012 2278 mittimus
1031 2205 1250 2280 interclusam
1270 2204 1339 2303 (t),
1364 2205 1561 2281 celsitudini
1580 2217 1639 2283 tue

232 2331 377 2429 predicti
395 2332 520 2404 milites
537 2330 754 2404 debebantur
777 2331 807 2402 si
824 2338 950 2404 statuto
967 2351 989 2402 a
1005 2339 1040 2402 te
1057 2330 1217 2424 passagio
1237 2340 1271 2403 et
1287 2352 1350 2426 per
1365 2333 1552 2406 itomanam
1565 2333 1638 2405 Ec·

220 2455 373 2530 ,clesiam
391 2453 580 2551 approbato
604 2454 639 2526 in
656 2455 760 2527 Terre
777 2455 900 2526 Sancte
918 2453 1113 2526 subsidium
1136 2454 1363 2528 transivisses.
1391 2457 1514 2550 Igitur,
1540 2457 1637 2552 quod

232 2599 301 2651 non
317 2579 393 2652 sine
409 2577 604 2652 turbatione
619 2576 813 2668 referimus,
835 2597 916 2648 cum
934 2578 1037 2650 talem
1058 2577 1237 2651 transitum
1260 2579 1381 2651 leceris
1398 2581 1488 2652 sicut
1511 2579 1639 2653 scimus

231 2713 266 2776 et
282 2703 390 2796 nosti,
415 2701 479 2774 tibi
496 2700 641 2797 predicti
655 2700 779 2773 milites
791 2721 859 2774 non
874 2699 1056 2774 debentur.
1070 2701 1105 2772 Si
1119 2722 1189 2774 non
1208 2700 1379 2774 debentur
1392 2711 1427 2774 et
1439 2703 1475 2774 in
1494 2702 1637 2798 premis·

232 2827 280 2900 sis
296 2827 345 2898 nil
362 2826 407 2901 de
423 2825 701 2920 contingentibus
715 2835 768 2898 est
786 2823 969 2917 omissum,
996 2846 1122 2918 quare,
1150 2825 1205 2896 vir
1225 2825 1389 2920 provide,
1415 2827 1636 2900 lamentaris?

232 2950 359 3022 Verum
373 2950 401 3020 si
414 2948 459 3023 de
476 2947 676 3044 provisione
690 2946 845 3044 predicta
860 2955 895 3021 te
910 2956 1092 3042 gravatum
1109 2947 1258 3044 propriis
1274 2949 1331 3022 rel
1348 2949 1470 3024 alienis
1485 2951 1639 3024 moribus

231 3071 419 3164 arbitraris,
434 3091 540 3166 super
551 3069 619 3144 boc
633 3069 733 3143 nobis
745 3081 839 3144 tuam
853 3071 984 3166 precise
997 3092 1110 3144 resera
1120 3071 1351 3162 voluntatem,
1370 3073 1454 3168 quia
1468 3073 1640 3149 credimus

231 3196 408 3292 negotium
423 3195 459 3266 in
475 3202 602 3266 statum
624 3193 806 3291 pristinum
826 3215 927 3290 posse
953 3193 1136 3288 reducere,
1151 3196 1231 3288 jure
1256 3195 1437 3292 utriusque
1459 3197 1565 3294 partis
1584 3199 1638 3270 in·

230 3330 328 3416 tegro
343 3326 553 3392 remanente.
1600 3341 1602 3344 ·

278 3447 404 3517 Datum
421 3441 596 3538 Anagnis,
615 3441 644 3513 ll
662 3440 743 3516 idus
760 3441 917 3536 augusti,
938 3461 1030 3514 anno
1042 3441 1117 3515 llll.

285 3985 520 4100 [Raynaldus
539 3990 727 4077 Ostiensis
753 3995 910 4102 electus]
927 3996 1117 4081 Friderioo
1138 3998 1398 4084 Romanorum
1421 4001 1639 4111 imperatori

230 4122 433 4228 respondet
450 4147 564 4233 super
579 4125 733 4235 querela
750 4154 867 4238 quam
892 4129 965 4213 sibi
986 4131 1034 4213 de
1055 4129 1268 4240 provisione
1288 4130 1329 4214 in
1347 4133 1497 4244 negotio
1514 4135 1638 4220 Lom-

230 4249 387 4338 bardiae
417 4255 518 4338 sacta
545 4257 823 4368 destinaverat,
852 4288 1018 4374 eumque
1044 4263 1094 4346 ad
1125 4263 1342 4373 exemplum
1373 4265 1493 4376 ipsius
1519 4295 1640 4380 papae

231 4395 361 4468 monet
377 4389 592 4497 negotium,
614 4393 647 4474 si
663 4392 866 4502 placuerit,
887 4396 937 4478 ad
959 4403 1100 4478 statum
1126 4396 1330 4506 pristinum
1356 4399 1486 4482 reduci
1512 4425 1635 4510 posse.

266 4692 302 4768 (l)
322 4695 460 4857 tiipsupra
473 4706 493 4758 t.
506 4700 540 4776 ll,
552 4718 580 4777 p.
594 4704 658 4774 70³,
673 4708 701 4761 et
710 4703 854 4779 praecipue
867 4723 895 4781 p.
909 4707 973 4764 706.
