4372 5918
774 581 900 642 annul
925 579 1115 644 stolatam
1610 574 1650 634 37

241 721 374 794 hastata
391 717 575 810 vendatur,
585 725 621 792 et
638 716 737 790 tertia
748 737 828 812 pars
844 715 943 811 pretii
960 735 1023 812 pro
1036 737 1106 814 quo
1122 711 1264 788 vendita
1281 711 1383 784 fuerit
1398 733 1462 809 pro
1474 711 1651 785 morientis

239 847 355 916 anima
374 842 585 940 pauperibus
598 849 771 935 erogetur,
791 849 826 914 et
840 838 1019 912 residuum
1037 861 1098 936 per
1110 837 1338 934 prenominati
1354 836 1475 910 secreti
1492 844 1527 908 et
1543 855 1649 931 quee-

242 969 325 1040 toris
337 967 487 1040 officium
505 973 621 1040 nostre
640 965 736 1038 cume
756 973 970 1056 reservatum
989 963 1056 1036 nisi
1077 964 1163 1037 lorte
1177 961 1435 1060 prenominatus
1448 970 1600 1034 secretus
1616 969 1652 1034 et

241 1103 379 1188 questor
396 1091 498 1164 uobis
509 1090 664 1164 viderint
676 1089 843 1186 expedire
856 1099 896 1162 nt
909 1089 1123 1164 estimatione
1135 1087 1290 1185 predicte
1303 1088 1402 1160 tertie
1418 1108 1481 1183 pro
1498 1085 1651 1160 defuncti

242 1219 359 1293 anima
374 1226 535 1313 erogata,
555 1217 631 1314 ipse
645 1221 701 1289 res
716 1213 923 1290 hereditarie
947 1213 983 1286 in
1000 1213 1074 1286 fisci
1090 1213 1196 1288 nostri
1222 1213 1436 1310 possessione
1455 1219 1648 1286 serventur.

553 1565 754 1640 TITULUS
778 1563 959 1637 XXXVII
982 1563 1043 1636 ET
1067 1563 1163 1636 LXl.
1189 1566 1228 1634 M
1252 1559 1341 1660 (lo).

432 1747 479 1818 De
497 1745 598 1840 officio
614 1745 849 1839 mopirtrorum
866 1743 1129 1814 camerariorum
1146 1751 1178 1814 et
1196 1739 1382 1834 bajulomm
1399 1734 1414 1834 (
1435 1738 1461 1836 ).

846 1943 939 1994 rura
968 1944 1054 1995 uer.

292 2103 510 2192 lustitiarios‚
530 2103 748 2190 camerarios,
765 2102 968 2176 castellanos
980 2110 1015 2174 et
1028 2099 1163 2194 bajulos
1177 2099 1427 2173 essevolumus
1444 2093 1607 2170 sollicitos
1620 2103 1655 2167 et

243 2227 403 2320 devotos,
421 2237 461 2300 ut
476 2228 537 2300 nbi
554 2247 694 2300 neeesse
710 2225 812 2299 inerit
831 2233 866 2297 et
882 2243 946 2320 pro
959 2222 1149 2297 commodis
1166 2221 1262 2294 curie
1274 2228 1389 2294 nostre
1404 2239 1465 2315 per
1477 2217 1590 2292 doane
1605 2213 1654 2314 (t)

244 2354 290 2427 de
305 2353 445 2428 secretis
463 2363 499 2428 et
513 2363 713 2450 questurum
730 2351 912 2444 magistros
928 2350 984 2424 rel
1004 2348 1167 2424 officiales
1183 2347 1270 2424 alios
1288 2344 1465 2421 extiterint
1481 2342 1651 2440 requisiti3

243 2479 424 2552 consilium
440 2487 476 2554 et
488 2477 660 2554 auxilium
672 2476 803 2551 eisdem
820 2474 971 2550 debeant
984 2473 1166 2572 impartiri.

671 2819 873 2893 TITULUS
902 2817 1011 2892 LXV.
1037 2819 1108 2890 MA
1133 2814 1224 2914 (lt).

721 3001 769 3072 lle
788 2999 891 3095 officio
910 2997 1099 3091 oajrttomm
1117 2995 1131 3093 (
1147 3000 1173 3093 ).

844 3125 938 3250 roan
967 3199 1052 3250 aar.

294 3358 461 3429 locorum
477 3356 584 3451 bajuli
597 3356 659 3451 qui
673 3379 694 3430 a
709 3357 882 3451 magistris
895 3357 1090 3430 camerariis
1102 3354 1153 3453 (d)
1168 3352 1216 3454 [et
1226 3377 1248 3430 a
1260 3355 1358 3431 curia
1372 3365 1487 3430 nostra
1499 3355 1657 3451 quando-

245 3478 328 3580 que]
342 3481 379 3554 in
392 3481 602 3556 credentiam
618 3483 675 3555 vel
691 3482 727 3554 in
745 3483 910 3556 eutalium
923 3483 1168 3576 bajulationem
1185 3483 1368 3578 recipiunt,
1382 3481 1505 3554 civiles
1518 3503 1653 3574 causas,

246 3629 366 3680 omnes
377 3607 488 3680 reales
501 3606 664 3682 videlicet
683 3617 719 3682 et
736 3609 933 3703 personales
950 3629 1019 3704 que
1038 3629 1142 3704 super
1160 3607 1274 3681 leudis
1288 3617 1322 3680 et
1334 3605 1440 3680 rebus
1461 3605 1658 3680 feudalibus

247 3731 388 3804 minime
412 3741 614 3816 moventur,
644 3731 690 3806 ad
717 3732 991 3824 jurisdictionem
1018 3755 1115 3806 suam
1140 3733 1300 3807 noverint
1330 3733 1513 3828 pertinere.
1547 3735 1658 3830 Super

247 3853 399 3926 minimis
416 3850 538 3952 [etiem
561 3855 660 3928 sortis
683 3865 717 3928 et
741 3851 836 3953 aliis]
855 3855 995 3928 offensis
1012 3854 1202 3950 dequibus
1222 3855 1432 3951 comprobati
1456 3877 1581 3952 ponam
1602 3855 1657 3929 sui

290 4107 332 4186 (a)
354 4109 466 4172 Graece
480 4125 488 4168 ε
504 4107 541 4171 m
552 4105 688 4188 officiata
699 4109 812 4171 recretis
821 4115 972 4189 praestent
984 4105 1138 4170 eumdum.

288 4213 331 4295 (d)
350 4215 539 4293 Apcnrcanl
547 4229 606 4296 per
616 4213 725 4278 derum
737 4215 785 4294 [de
796 4217 933 4294 recreet
948 4217 1000 4278 red
1011 4217 1152 4288 ullas,ttt.
1159 4215 1313 4289 XXXVII,
1314 4212 1513 4296 pedaturae
1526 4221 1655 4280 recem.

249 4322 283 4382 ln
295 4322 362 4383 cod.
380 4330 459 4384 4625
474 4340 551 4402 :per
563 4321 745 4384 deducerem
756 4321 792 4384 de
804 4325 918 4384 recretis
942 4330 971 4384 et
992 4329 1157 4404 quaterem
1180 4324 1362 4405 ampirtmrm.
1385 4323 1423 4384 In
1444 4325 1511 4386 cod.
1533 4339 1655 4403 macc:

246 4447 299 4510 per
307 4427 472 4510 praedictor
485 4437 646 4512 quaestores
658 4437 687 4492 et
698 4425 771 4490 alica
784 4427 919 4511 ffrinlea
930 4431 1064 4512 requisiti
1068 4447 1126 4510 pro
1138 4426 1283 4512 alentem
1293 4431 1427 4494 remeia.
1624 4421 1626 4426 ’

289 4539 326 4611 (c)
351 4539 388 4598 ln
401 4538 512 4616 Sagun.
528 4545 558 4598 et
570 4538 676 4600 Venet.
690 4539 752 4598 :De
764 4539 924 4628 ecquidem
936 4555 1039 4598 comae
1051 4555 1148 4597 corum
1161 4533 1266 4619 cajnto
1277 4539 1375 4599 coriae
1386 4538 1490 4619 rapine.
1507 4538 1542 4598 ln
1556 4552 1659 4617 graeco

251 4643 291 4704 De
304 4641 349 4703 lta
366 4660 442 4724 quae
452 4649 584 4724 petam
594 4641 637 4704 ad
647 4641 773 4724 offcium
787 4641 960 4726 cajummm.

291 4747 333 4828 (d)
351 4751 388 4812 ln
401 4749 469 4814 eod.
484 4759 562 4812 tote
580 4767 589 4809 r
604 4769 625 4812 a
637 4752 784 4833 mrpirtrir
796 4752 974 4824 commemo,
989 4751 1156 4813 mmereriir
1169 4757 1197 4814 et
1209 4772 1229 4813 a
1240 4753 1323 4814 coria
1336 4757 1445 4813 cmtra.
