4298 5906
526 605 588 669 244
933 604 1143 669 APPENDIX
1168 603 1544 667 CONSTITUTfflNini.

531 744 698 817 Senarnm
725 741 941 815 cessantibus
972 741 1008 814 in
1032 741 1098 816 bac
1119 749 1233 838 parte,
1255 749 1291 813 et
1309 739 1502 836 specialiter
1521 739 1597 835 lege
1621 761 1691 836 que
1718 762 1740 814 a
1768 743 1938 840 principa·

530 868 624 940 libus
645 865 800 962 personia
819 866 928 960 exigit
948 865 1119 940 calumnie
1132 866 1384 958 juramentum,
1407 874 1443 938 et
1465 886 1535 960 que
1552 863 1657 936 etiam
1674 887 1696 938 a
1716 866 1886 939 tutoribus
1906 878 1940 942 et

532 990 747 1064 curatoribus
760 999 1013 1086 procuratorem
1029 991 1186 1085 probibet
1198 988 1419 1064 statuendum
1435 1015 1444 1060 ε
1462 989 1547 1062 dum
1561 999 1675 1062 tumen
1689 1011 1752 1086 pro
1763 991 1847 1086 ipsis
1861 1014 1937 1086 pru·

532 1115 746 1188 curatoribus
762 1125 927 1190 caveatur
945 1114 1083 1188 firmum
1106 1116 1181 1188 fore
1195 1137 1237 1187 ac
1251 1114 1406 1188 validum
1421 1113 1518 1210 quod
1533 1114 1698 1189 duxerint
1714 1115 1936 1210 agitandum

531 1262 577 1312 ne
595 1239 729 1333 judicia
752 1239 822 1312 sint
841 1239 1007 1332 ludibria,
1025 1240 1083 1312 vel
1102 1239 1310 1314 authoritate
1326 1249 1441 1314 nostra
1465 1261 1504 1314 se
1527 1238 1666 1314 doleant
1689 1239 1940 1316 circumventos

527 1363 589 1458 qui
608 1384 687 1435 cum
706 1362 833 1435 tatibus
848 1371 1105 1436 contraxerunt.

749 1703 1714 1721 -u—-oh——o-mm

583 2015 804 2104 Mandatum
822 2043 936 2126 super
953 2027 1053 2100 statu
1076 2023 1288 2100 castrorum
1305 2015 1524 2100 nunciando
1541 2027 1579 2100 et
1596 2043 1710 2128 super
1727 2015 1942 2144 castellanis

531 2176 608 2234 uon
628 2149 988 2234 amovendis—Cf.
1011 2177 1126 2261 supra
1145 2151 1452 2236 constitutionem
1471 2150 1772 2262 capitaneorum,
1791 2178 1832 2262 p.
1847 2151 1938 2234 181.

612 2393 706 2473 (aru
719 2408 767 2471 ap.
784 2391 912 2454 rouro
926 2393 992 2454 uu.
1007 2393 1115 2474 spor,
1128 2393 1181 2456 nn.
1196 2393 1235 2472 v,
1247 2410 1313 2472 cap.
1325 2393 1531 2471 cxxxvlii.)

580 2609 799 2701 Fredaricus,
826 2619 909 2697 etc,
933 2609 1131 2705 capitaneo,
1150 2619 1216 2681 etc.
1236 2607 1320 2681 Cum
1342 2608 1483 2682 uomina
1499 2609 1762 2682 mateltanorum
1775 2607 1940 2702 jurisdic-

530 2733 632 2808 tionis
646 2742 718 2824 tue,
736 2744 771 2806 ot
785 2741 913 2805 statuta
928 2743 1131 2822 castrorum,
1146 2733 1405 2826 juxtaquorum
1416 2741 1568 2806 tenorem
1581 2753 1644 2806 seu
1655 2731 1941 2806 consuetudinem

529 2871 598 2933 tam
625 2859 819 2931 castellanis
845 2879 950 2950 quam
973 2857 1205 2930 servientibus
1236 2855 1273 2928 in
1303 2855 1484 2952 stipendiis
1511 2855 1727 2952 providetur,
1757 2879 1941 2930 nnmerum

528 2983 751 3057 servientium
767 2981 1041 3075 uniuscujusque
1066 2981 1181 3072 castri,
1198 2989 1234 3054 et
1247 2979 1376 3074 quibus
1387 2981 1506 3054 castris
1518 2981 1563 3056 de
1578 2981 1803 3078 proventibus
1818 2982 1941 3055 minis·

528 3116 661 3180 trantur
685 3127 856 3201 expense,
884 3106 971 3178 scire
999 3107 1179 3196 volumus3
1208 3103 1364 3178 fidelitati
1394 3114 1453 3179 tue
1483 3075 1706 3202 precipiendo
1733 3105 1940 3179 mandamus

527 3241 700 3328 quatenus
718 3229 762 3303 de
782 3229 946 3325 predictis
961 3230 1124 3303 omnibns
1140 3241 1176 3304 et
1194 3231 1341 3323 singulis
1363 3241 1513 3304 nostram
1535 3229 1682 3328 fideliter
1702 3231 1851 3303 instruas
1863 3253 1940 3305 nra·

525 3357 683 3452 jestatem
712 3381 720 3426 ι
745 3355 879 3427 nullum
896 3376 943 3427 ex
958 3355 1167 3446 castellanis,
1187 3355 1248 3449 qui
1274 3377 1367 3429 nunc
1390 3368 1472 3428 sunt
1488 3379 1549 3452 per
1572 3357 1647 3452 ipsa
1671 3367 1782 3430 costra
1799 3357 1938 3440 statuti,

528 3501 591 3554 sen
609 3481 646 3552 in
666 3487 767 3552 antffl
789 3500 850 3574 per
874 3489 1025 3552 nostram
1052 3479 1289 3554 excellentiam
1318 3489 1529 3572 statuentur,
1556 3481 1633 3556 eine
1651 3480 1808 3574 jussione
1830 3481 1939 3555 nostri

527 3605 687 3680 culminis
705 3605 923 3701 atiquatenus
935 3613 1124 3678 amaturus.

580 4239 766 4324 invectiva
784 4239 823 4322 iu
839 4238 1093 4350 justiciarium
1112 4239 1203 4349 quia
1220 4239 1335 4321 nimis
1351 4237 1476 4348 tepide
1495 4263 1535 4323 se
1553 4238 1650 4350 gerit
1666 4192 1707 4320 in
1725 4237 1848 4323 officio
1867 4237 1940 4322 sibi

525 4375 744 4482 commisso,
764 4385 802 4457 et
819 4375 1040 4484 responsiva
1057 4373 1226 4484 ejusdem
1242 4373 1519 4485 justiciarii—
1529 4372 1587 4456 cf.
1604 4399 1644 4482 p.
1660 4373 1737 4454 189
1754 4382 1792 4456 et
1808 4398 1936 4484 seqq.,

524 4511 725 4623 praecipue
741 4535 831 4594 uero
848 4534 888 4617 p.
914 4509 1003 4590 191.

605 4750 697 4833 (nur
712 4767 761 4830 ap.
773 4749 902 4812 rasso
920 4749 1507 4831 Vaxupur.‚ub.111,cap.nxv1nat
1519 4747 1640 4826 xxix.)
